@inproceedings{BoboilaD10:write-endurance,
  author       = {Simona Boboila and
                  Peter Desnoyers},
  editor       = {Randal C. Burns and
                  Kimberly Keeton},
  title        = {Write Endurance in Flash Drives: Measurements and Analysis},
  booktitle    = {8th {USENIX} Conference on File and Storage Technologies, San Jose,
                  CA, USA, February 23-26, 2010},
  pages        = {115--128},
  publisher    = {{USENIX}},
  year         = {2010},
  url          = {http://www.usenix.org/events/fast10/tech/full\_papers/boboila.pdf},
  timestamp    = {Thu, 12 Mar 2020 11:37:12 +0100},
  biburl       = {https://dblp.org/rec/conf/fast/BoboilaD10.bib},
  bibsource    = {dblp computer science bibliography, https://dblp.org}
}

@article{ChangKL04:garbage-collection,
  author       = {Li{-}Pin Chang and
                  Tei{-}Wei Kuo and
                  Shi{-}Wu Lo},
  title        = {Real-time garbage collection for flash-memory storage systems of real-time
                  embedded systems},
  journal      = {{ACM} Trans. Embed. Comput. Syst.},
  volume       = {3},
  number       = {4},
  pages        = {837--863},
  year         = {2004},
  url          = {https://doi.org/10.1145/1027794.1027801},
  doi          = {10.1145/1027794.1027801},
  timestamp    = {Tue, 08 Sep 2020 13:29:23 +0200},
  biburl       = {https://dblp.org/rec/journals/tecs/ChangKL04.bib},
  bibsource    = {dblp computer science bibliography, https://dblp.org}
}

@inproceedings{EisenmanCPHSAK19:flashield,
  author       = {Assaf Eisenman and
                  Asaf Cidon and
                  Evgenya Pergament and
                  Or Haimovich and
                  Ryan Stutsman and
                  Mohammad Alizadeh and
                  Sachin Katti},
  editor       = {Jay R. Lorch and
                  Minlan Yu},
  title        = {Flashield: a Hybrid Key-value Cache that Controls Flash Write Amplification},
  booktitle    = {16th {USENIX} Symposium on Networked Systems Design and Implementation,
                  {NSDI} 2019, Boston, MA, February 26-28, 2019},
  pages        = {65--78},
  publisher    = {{USENIX} Association},
  year         = {2019},
  url          = {https://www.usenix.org/conference/nsdi19/presentation/eisenman},
  timestamp    = {Tue, 02 Feb 2021 08:05:46 +0100},
  biburl       = {https://dblp.org/rec/conf/nsdi/EisenmanCPHSAK19.bib},
  bibsource    = {dblp computer science bibliography, https://dblp.org}
}

@article{GalT05:ssd-survey,
  author       = {Eran Gal and
                  Sivan Toledo},
  title        = {Algorithms and data structures for flash memories},
  journal      = {{ACM} Comput. Surv.},
  volume       = {37},
  number       = {2},
  pages        = {138--163},
  year         = {2005},
  url          = {https://doi.org/10.1145/1089733.1089735},
  doi          = {10.1145/1089733.1089735},
  timestamp    = {Tue, 06 Nov 2018 12:50:48 +0100},
  biburl       = {https://dblp.org/rec/journals/csur/GalT05.bib},
  bibsource    = {dblp computer science bibliography, https://dblp.org}
}

@inproceedings{HeKAA17:ssd-contract,
  author       = {Jun He and
                  Sudarsun Kannan and
                  Andrea C. Arpaci{-}Dusseau and
                  Remzi H. Arpaci{-}Dusseau},
  editor       = {Gustavo Alonso and
                  Ricardo Bianchini and
                  Marko Vukolic},
  title        = {The Unwritten Contract of Solid State Drives},
  booktitle    = {Proceedings of the Twelfth European Conference on Computer Systems,
                  EuroSys 2017, Belgrade, Serbia, April 23-26, 2017},
  pages        = {127--144},
  publisher    = {{ACM}},
  year         = {2017},
  url          = {https://doi.org/10.1145/3064176.3064187},
  doi          = {10.1145/3064176.3064187},
  timestamp    = {Sun, 12 Nov 2023 02:15:28 +0100},
  biburl       = {https://dblp.org/rec/conf/eurosys/HeKAA17.bib},
  bibsource    = {dblp computer science bibliography, https://dblp.org}
}

@article{JosephsonBLF10:dfs,
  author       = {William K. Josephson and
                  Lars Ailo Bongo and
                  Kai Li and
                  David Flynn},
  title        = {{DFS:} {A} file system for virtualized flash storage},
  journal      = {{ACM} Trans. Storage},
  volume       = {6},
  number       = {3},
  pages        = {14:1--14:25},
  year         = {2010},
  url          = {https://doi.org/10.1145/1837915.1837922},
  doi          = {10.1145/1837915.1837922},
  timestamp    = {Thu, 30 Jul 2020 14:25:18 +0200},
  biburl       = {https://dblp.org/rec/journals/tos/JosephsonBLF10.bib},
  bibsource    = {dblp computer science bibliography, https://dblp.org}
}

@inproceedings{JoshiG0KRGLA24:iopassthru,
  author       = {Kanchan Joshi and
                  Anuj Gupta and
                  Javier Gonz{\'{a}}lez and
                  Ankit Kumar and
                  Krishna Kanth Reddy and
                  Arun George and
                  Simon Andreas Frimann Lund and
                  Jens Axboe},
  editor       = {Xiaosong Ma and
                  Youjip Won},
  title        = {{I/O} Passthru: Upstreaming a flexible and efficient {I/O} Path in
                  Linux},
  booktitle    = {22nd {USENIX} Conference on File and Storage Technologies, {FAST}
                  2024, Santa Clara, CA, USA, February 27-29, 2024},
  pages        = {107--121},
  publisher    = {{USENIX} Association},
  year         = {2024},
  url          = {https://www.usenix.org/conference/fast24/presentation/joshi},
  timestamp    = {Tue, 05 Mar 2024 16:46:54 +0100},
  biburl       = {https://dblp.org/rec/conf/fast/JoshiG0KRGLA24.bib},
  bibsource    = {dblp computer science bibliography, https://dblp.org}
}

@inproceedings{JungK13:ssd-expectations,
  author       = {Myoungsoo Jung and
                  Mahmut T. Kandemir},
  editor       = {Mor Harchol{-}Balter and
                  John R. Douceur and
                  Jun Xu},
  title        = {Revisiting widely held {SSD} expectations and rethinking system-level
                  implications},
  booktitle    = {{ACM} {SIGMETRICS} / International Conference on Measurement and Modeling
                  of Computer Systems, {SIGMETRICS} '13, Pittsburgh, PA, USA, June 17-21,
                  2013},
  pages        = {203--216},
  publisher    = {{ACM}},
  year         = {2013},
  url          = {https://doi.org/10.1145/2465529.2465548},
  doi          = {10.1145/2465529.2465548},
  timestamp    = {Fri, 30 Jul 2021 16:13:32 +0200},
  biburl       = {https://dblp.org/rec/conf/sigmetrics/JungK13.bib},
  bibsource    = {dblp computer science bibliography, https://dblp.org}
}

@inproceedings{LeeLJXKA16:app-managed-flash,
  author       = {Sungjin Lee and
                  Ming Liu and
                  Sang Woo Jun and
                  Shuotao Xu and
                  Jihong Kim and
                  Arvind},
  editor       = {Angela Demke Brown and
                  Florentina I. Popovici},
  title        = {Application-Managed Flash},
  booktitle    = {14th {USENIX} Conference on File and Storage Technologies, {FAST}
                  2016, Santa Clara, CA, USA, February 22-25, 2016},
  pages        = {339--353},
  publisher    = {{USENIX} Association},
  year         = {2016},
  url          = {https://www.usenix.org/conference/fast16/technical-sessions/presentation/lee},
  timestamp    = {Mon, 19 Dec 2022 08:42:08 +0100},
  biburl       = {https://dblp.org/rec/conf/fast/LeeLJXKA16.bib},
  bibsource    = {dblp computer science bibliography, https://dblp.org}
}

@inproceedings{LeeSHC15:f2fs,
  author       = {Changman Lee and
                  Dongho Sim and
                  Joo Young Hwang and
                  Sangyeun Cho},
  editor       = {Jiri Schindler and
                  Erez Zadok},
  title        = {{F2FS:} {A} New File System for Flash Storage},
  booktitle    = {Proceedings of the 13th {USENIX} Conference on File and Storage Technologies,
                  {FAST} 2015, Santa Clara, CA, USA, February 16-19, 2015},
  pages        = {273--286},
  publisher    = {{USENIX} Association},
  year         = {2015},
  url          = {https://www.usenix.org/conference/fast15/technical-sessions/presentation/lee},
  timestamp    = {Tue, 02 Feb 2021 08:06:36 +0100},
  biburl       = {https://dblp.org/rec/conf/fast/LeeSHC15.bib},
  bibsource    = {dblp computer science bibliography, https://dblp.org}
}

@inproceedings{LimFAK11:silt,
  author       = {Hyeontaek Lim and
                  Bin Fan and
                  David G. Andersen and
                  Michael Kaminsky},
  editor       = {Ted Wobber and
                  Peter Druschel},
  title        = {{SILT:} a memory-efficient, high-performance key-value store},
  booktitle    = {Proceedings of the 23rd {ACM} Symposium on Operating Systems Principles
                  2011, {SOSP} 2011, Cascais, Portugal, October 23-26, 2011},
  pages        = {1--13},
  publisher    = {{ACM}},
  year         = {2011},
  url          = {https://doi.org/10.1145/2043556.2043558},
  doi          = {10.1145/2043556.2043558},
  timestamp    = {Tue, 06 Nov 2018 16:59:32 +0100},
  biburl       = {https://dblp.org/rec/conf/sosp/LimFAK11.bib},
  bibsource    = {dblp computer science bibliography, https://dblp.org}
}

@inproceedings{LuSZ13:fs-reduce-write-amp,
  author       = {Youyou Lu and
                  Jiwu Shu and
                  Weimin Zheng},
  editor       = {Keith A. Smith and
                  Yuanyuan Zhou},
  title        = {Extending the lifetime of flash-based storage through reducing write
                  amplification from file systems},
  booktitle    = {Proceedings of the 11th {USENIX} conference on File and Storage Technologies,
                  {FAST} 2013, San Jose, CA, USA, February 12-15, 2013},
  pages        = {257--270},
  publisher    = {{USENIX}},
  year         = {2013},
  url          = {https://www.usenix.org/conference/fast13/technical-sessions/presentation/lu\_youyou},
  timestamp    = {Tue, 02 Feb 2021 08:06:28 +0100},
  biburl       = {https://dblp.org/rec/conf/fast/LuSZ13.bib},
  bibsource    = {dblp computer science bibliography, https://dblp.org}
}

@inproceedings{OuyangLSHWW14:sdf,
  author       = {Jian Ouyang and
                  Shiding Lin and
                  Song Jiang and
                  Zhenyu Hou and
                  Yong Wang and
                  Yuanzheng Wang},
  editor       = {Rajeev Balasubramonian and
                  Al Davis and
                  Sarita V. Adve},
  title        = {{SDF:} software-defined flash for web-scale internet storage systems},
  booktitle    = {Architectural Support for Programming Languages and Operating Systems,
                  {ASPLOS} 2014, Salt Lake City, UT, USA, March 1-5, 2014},
  pages        = {471--484},
  publisher    = {{ACM}},
  year         = {2014},
  url          = {https://doi.org/10.1145/2541940.2541959},
  doi          = {10.1145/2541940.2541959},
  timestamp    = {Thu, 13 Apr 2023 16:56:54 +0200},
  biburl       = {https://dblp.org/rec/conf/asplos/OuyangLSHWW14.bib},
  bibsource    = {dblp computer science bibliography, https://dblp.org}
}

@inproceedings{RajuKCA17:pebblesdb,
  author       = {Pandian Raju and
                  Rohan Kadekodi and
                  Vijay Chidambaram and
                  Ittai Abraham},
  title        = {PebblesDB: Building Key-Value Stores using Fragmented Log-Structured
                  Merge Trees},
  booktitle    = {Proceedings of the 26th Symposium on Operating Systems Principles,
                  Shanghai, China, October 28-31, 2017},
  pages        = {497--514},
  publisher    = {{ACM}},
  year         = {2017},
  url          = {https://doi.org/10.1145/3132747.3132765},
  doi          = {10.1145/3132747.3132765},
  timestamp    = {Thu, 14 Oct 2021 09:59:36 +0200},
  biburl       = {https://dblp.org/rec/conf/sosp/RajuKCA17.bib},
  bibsource    = {dblp computer science bibliography, https://dblp.org}
}

@inproceedings{ShenCJS17:didacache,
  author       = {Zhaoyan Shen and
                  Feng Chen and
                  Yichen Jia and
                  Zili Shao},
  editor       = {Geoff Kuenning and
                  Carl A. Waldspurger},
  title        = {DIDACache: {A} Deep Integration of Device and Application for Flash
                  Based Key-Value Caching},
  booktitle    = {15th {USENIX} Conference on File and Storage Technologies, {FAST}
                  2017, Santa Clara, CA, USA, February 27 - March 2, 2017},
  pages        = {391--405},
  publisher    = {{USENIX} Association},
  year         = {2017},
  url          = {https://www.usenix.org/conference/fast17/technical-sessions/presentation/shen},
  timestamp    = {Tue, 02 Feb 2021 08:06:33 +0100},
  biburl       = {https://dblp.org/rec/conf/fast/ShenCJS17.bib},
  bibsource    = {dblp computer science bibliography, https://dblp.org}
}

@conference{berg2020cachelib,
title = "{The {CacheLib} Caching Engine: Design and Experiences at Scale}",
author = "{Benjamin Berg and Daniel S. Berger and Sara McAllister and Isaac Grosof and Sathya Gunasekar and Jimmy Lu and Michael Uhlar and Jim Carrig and Nathan Beckmann and Mor Harchol-Balter and Gregory R. Ganger}",
booktitle = "{14th USENIX Symposium on Operating Systems Design and Implementation (OSDI 20)}",
year = "{2020}",
isbn = "{978-1-939133-19-9}",
pages = "{753--768}",
url = {https://www.usenix.org/conference/osdi20/presentation/berg},
publisher = "{USENIX Association}",
month = "Nov"
}

@inproceedings{bjorling2017lightnvm,
  title= "{LightNVM: The Linux Open-Channe SSD Subsystem}",
  author={Bj{\o}rling, Matias and Gonzalez, Javier and Bonnet, Philippe},
  booktitle={15th USENIX Conference on File and Storage Technologies (FAST 17)},
  pages={359--374},
  year={2017}
}

@inproceedings{bjorlingAHRMGA21,
  author       = {Matias Bj{\o}rling and
                  Abutalib Aghayev and
                  Hans Holmberg and
                  Aravind Ramesh and
                  Damien Le Moal and
                  Gregory R. Ganger and
                  George Amvrosiadis},
  editor       = {Irina Calciu and
                  Geoff Kuenning},
  title        = {{ZNS:} Avoiding the Block Interface Tax for Flash-based SSDs},
  booktitle    = {2021 {USENIX} Annual Technical Conference, {USENIX} {ATC} 2021, July
                  14-16, 2021},
  pages        = {689--703},
  publisher    = {{USENIX} Association},
  year         = {2021},
  url          = {https://www.usenix.org/conference/atc21/presentation/bjorling},
  timestamp    = {Thu, 12 Aug 2021 18:08:26 +0200},
  biburl       = {https://dblp.org/rec/conf/usenix/BjorlingAHRMGA21.bib},
  bibsource    = {dblp computer science bibliography, https://dblp.org}
}

@misc{fdp_tp,
    title = {{TP4146 Flexible Data Placement Ratified Technical Proposal}},
    howpublished = {Available under ratified TPs at \url{https://nvmexpress.org/specification/nvm-express-base-specification}},
    year = 2024
}

@article{io-passthru,
  title={io-passthru},
  journal={\url{https://git.kernel.org/pub/scm/linux/kernel/git/torvalds/linux.git/commit/?id=456cba386e94f22fa1b1426303fdcac9e66b1417}},
  year = 2024
}

@inproceedings{kang2014multi,
  title="{The Multi-streamed Solid-State Drive}",
  author="{Kang, Jeong-Uk and Hyun, Jeeseok and Maeng, Hyunjoo and Cho, Sangyeun}",
  booktitle="{6th USENIX Workshop on Hot Topics in Storage and File Systems (HotStorage 14)}",
  year="{2014}"
}

@inproceedings{mcallister2021kangaroo,
  title= "{Kangaroo: Caching billions of tiny objects on flash}",
  author="{McAllister, Sara and Berg, Benjamin and Tutuncu-Macias, Julian and Yang, Juncheng and Gunasekar, Sathya and Lu, Jimmy and Berger, Daniel S and Beckmann, Nathan and Ganger, Gregory R}",
  booktitle="{Proceedings of the ACM SIGOPS 28th Symposium on Operating Systems Principles}",
  pages="{243--262}",
  year="{2021}"
}

@misc{rocksdb,
  title = {{RocksDB}},
  howpublished = {\url{http://rocksdb.org}},
    year = 2024
}

@article{smartftl,
    author = {Chris Sabol and 
              Smriti Desai},
    title = {{SmartFTL SSDs}},
    journal = {\url{https://www.youtube.com/watch?v=3O3zDrpt3uM}}
}

@inproceedings{ssd_agarwal,
  author       = {Nitin Agrawal and
                  Vijayan Prabhakaran and
                  Ted Wobber and
                  John D. Davis and
                  Mark S. Manasse and
                  Rina Panigrahy},
  editor       = {Rebecca Isaacs and
                  Yuanyuan Zhou},
  title        = {Design Tradeoffs for {SSD} Performance},
  booktitle    = {2008 {USENIX} Annual Technical Conference, Boston, MA, USA, June 22-27,
                  2008. Proceedings},
  pages        = {57--70},
  publisher    = {{USENIX} Association},
  year         = {2008},
  url          = {https://www.usenix.org/legacy/event/usenix08/tech/full\_papers/agrawal/agrawal.pdf},
  timestamp    = {Thu, 12 Mar 2020 11:35:18 +0100},
  biburl       = {https://dblp.org/rec/conf/usenix/AgrawalPWDMP08.bib},
  bibsource    = {dblp computer science bibliography, https://dblp.org}
}

