@inproceedings{langley00,
 author    = {P. Langley},
 title     = {Crafting Papers on Machine Learning},
 year      = {2000},
 pages     = {1207--1216},
 editor    = {Pat Langley},
 booktitle     = {Proceedings of the 17th International Conference
              on Machine Learning (ICML 2000)},
 address   = {Stanford, CA},
 publisher = {Morgan Kaufmann}
}

@TechReport{mitchell80,
  author = 	 "T. M. Mitchell",
  title = 	 "The Need for Biases in Learning Generalizations",
  institution =  "Computer Science Department, Rutgers University",
  year = 	 "1980",
  address =	 "New Brunswick, MA",
}

@phdthesis{kearns89,
  author = {M. J. Kearns},
  title =  {Computational Complexity of Machine Learning},
  school = {Department of Computer Science, Harvard University},
  year =   {1989}
}

@Book{MachineLearningI,
  editor = 	 "R. S. Michalski and J. G. Carbonell and T.
		  M. Mitchell",
  title = 	 "Machine Learning: An Artificial Intelligence
		  Approach, Vol. I",
  publisher = 	 "Tioga",
  year = 	 "1983",
  address =	 "Palo Alto, CA"
}

@Book{DudaHart2nd,
  author =       "R. O. Duda and P. E. Hart and D. G. Stork",
  title =        "Pattern Classification",
  publisher =    "John Wiley and Sons",
  edition =      "2nd",
  year =         "2000"
}

@misc{anonymous,
  title= {Suppressed for Anonymity},
  author= {Author, N. N.},
  year= {2021}
}

@InCollection{Newell81,
  author =       "A. Newell and P. S. Rosenbloom",
  title =        "Mechanisms of Skill Acquisition and the Law of
                  Practice", 
  booktitle =    "Cognitive Skills and Their Acquisition",
  pages =        "1--51",
  publisher =    "Lawrence Erlbaum Associates, Inc.",
  year =         "1981",
  editor =       "J. R. Anderson",
  chapter =      "1",
  address =      "Hillsdale, NJ"
}


@Article{Samuel59,
  author = 	 "A. L. Samuel",
  title = 	 "Some Studies in Machine Learning Using the Game of
		  Checkers",
  journal =	 "IBM Journal of Research and Development",
  year =	 "1959",
  volume =	 "3",
  number =	 "3",
  pages =	 "211--229"
}

@article{kirkpatrick2017overcoming,
  title={Overcoming catastrophic forgetting in neural networks},
  author={Kirkpatrick, James and Pascanu, Razvan and Rabinowitz, Neil and Veness, Joel and Desjardins, Guillaume and Rusu, Andrei A and Milan, Kieran and Quan, John and Ramalho, Tiago and Grabska-Barwinska, Agnieszka and others},
  journal={Proceedings of the national academy of sciences},
  volume={114},
  number={13},
  pages={3521--3526},
  year={2017},
  publisher={National Acad Sciences}
}

@inproceedings{liu2018rotate,
  title={Rotate your networks: Better weight consolidation and less catastrophic forgetting},
  author={Liu, Xialei and Masana, Marc and Herranz, Luis and Van de Weijer, Joost and Lopez, Antonio M and Bagdanov, Andrew D},
  booktitle={2018 24th International Conference on Pattern Recognition (ICPR)},
  pages={2262--2268},
  year={2018},
  organization={IEEE}
}
@inproceedings{dhar2019learning,
  title={Learning without memorizing},
  author={Dhar, Prithviraj and Singh, Rajat Vikram and Peng, Kuan-Chuan and Wu, Ziyan and Chellappa, Rama},
  booktitle={Proceedings of the IEEE/CVF conference on computer vision and pattern recognition},
  pages={5138--5146},
  year={2019}
}

@inproceedings{caccia2020online,
  title={Online learned continual compression with adaptive quantization modules},
  author={Caccia, Lucas and Belilovsky, Eugene and Caccia, Massimo and Pineau, Joelle},
  booktitle={International conference on machine learning},
  pages={1240--1250},
  year={2020},
  organization={PMLR}
}

@article{lopez2017gradient,
  title={Gradient episodic memory for continual learning},
  author={Lopez-Paz, David and Ranzato, Marc'Aurelio},
  journal={Advances in neural information processing systems},
  volume={30},
  year={2017}
}
@inproceedings{hou2019learning,
  title={Learning a unified classifier incrementally via rebalancing},
  author={Hou, Saihui and Pan, Xinyu and Loy, Chen Change and Wang, Zilei and Lin, Dahua},
  booktitle={Proceedings of the IEEE/CVF conference on computer vision and pattern recognition},
  pages={831--839},
  year={2019}
}

@inproceedings{mallya2018piggyback,
  title={Piggyback: Adapting a single network to multiple tasks by learning to mask weights},
  author={Mallya, Arun and Davis, Dillon and Lazebnik, Svetlana},
  booktitle={Proceedings of the European conference on computer vision (ECCV)},
  pages={67--82},
  year={2018}
}

@inproceedings{aljundi2017expert,
  title={Expert gate: Lifelong learning with a network of experts},
  author={Aljundi, Rahaf and Chakravarty, Punarjay and Tuytelaars, Tinne},
  booktitle={Proceedings of the IEEE conference on computer vision and pattern recognition},
  pages={3366--3375},
  year={2017}
}

@inproceedings{hu2019overcoming,
  title={Overcoming catastrophic forgetting for continual learning via model adaptation},
  author={Hu, Wenpeng and Lin, Zhou and Liu, Bing and Tao, Chongyang and Tao, Zhengwei Tao and Zhao, Dongyan and Ma, Jinwen and Yan, Rui},
  booktitle={International conference on learning representations},
  year={2019}
}

@article{kurmanji2024towards,
  title={Towards unbounded machine unlearning},
  author={Kurmanji, Meghdad and Triantafillou, Peter and Hayes, Jamie and Triantafillou, Eleni},
  journal={Advances in neural information processing systems},
  volume={36},
  year={2024}
}

@article{liu2024model,
  title={Model sparsity can simplify machine unlearning},
  author={Liu, Jiancheng and Ram, Parikshit and Yao, Yuguang and Liu, Gaowen and Liu, Yang and SHARMA, PRANAY and Liu, Sijia and others},
  journal={Advances in Neural Information Processing Systems},
  volume={36},
  year={2024}
}


@inproceedings{feldman2020does,
  title={Does learning require memorization? a short tale about a long tail},
  author={Feldman, Vitaly},
  booktitle={Proceedings of the 52nd Annual ACM SIGACT Symposium on Theory of Computing},
  pages={954--959},
  year={2020}
}
@inproceedings{koh2017understanding,
  title={Understanding black-box predictions via influence functions},
  author={Koh, Pang Wei and Liang, Percy},
  booktitle={International conference on machine learning},
  pages={1885--1894},
  year={2017},
  organization={PMLR}
}

@article{geva2020transformer,
  title={Transformer feed-forward layers are key-value memories},
  author={Geva, Mor and Schuster, Roei and Berant, Jonathan and Levy, Omer},
  journal={arXiv preprint arXiv:2012.14913},
  year={2020}
}

@article{cheng2021per,
  title={Per-pixel classification is not all you need for semantic segmentation},
  author={Cheng, Bowen and Schwing, Alex and Kirillov, Alexander},
  journal={Advances in neural information processing systems},
  volume={34},
  pages={17864--17875},
  year={2021}
}
@article{zhang2022dino,
  title={Dino: Detr with improved denoising anchor boxes for end-to-end object detection},
  author={Zhang, Hao and Li, Feng and Liu, Shilong and Zhang, Lei and Su, Hang and Zhu, Jun and Ni, Lionel M and Shum, Heung-Yeung},
  journal={arXiv preprint arXiv:2203.03605},
  year={2022}
}
@article{hu2021lora,
  title={Lora: Low-rank adaptation of large language models},
  author={Hu, Edward J and Shen, Yelong and Wallis, Phillip and Allen-Zhu, Zeyuan and Li, Yuanzhi and Wang, Shean and Wang, Lu and Chen, Weizhu},
  journal={arXiv preprint arXiv:2106.09685},
  year={2021}
}

@inproceedings{liu2015sparse,
  title={Sparse convolutional neural networks},
  author={Liu, Baoyuan and Wang, Min and Foroosh, Hassan and Tappen, Marshall and Pensky, Marianna},
  booktitle={Proceedings of the IEEE conference on computer vision and pattern recognition},
  pages={806--814},
  year={2015}
}
@article{wen2016learning,
  title={Learning structured sparsity in deep neural networks},
  author={Wen, Wei and Wu, Chunpeng and Wang, Yandan and Chen, Yiran and Li, Hai},
  journal={Advances in neural information processing systems},
  volume={29},
  year={2016}
}

@article{yuan2006model,
  title={Model selection and estimation in regression with grouped variables},
  author={Yuan, Ming and Lin, Yi},
  journal={Journal of the Royal Statistical Society Series B: Statistical Methodology},
  volume={68},
  number={1},
  pages={49--67},
  year={2006},
  publisher={Oxford University Press}
}
@article{french1999catastrophic,
  title={Catastrophic forgetting in connectionist networks},
  author={French, Robert M},
  journal={Trends in cognitive sciences},
  volume={3},
  number={4},
  pages={128--135},
  year={1999},
  publisher={Elsevier}
}
@inproceedings{lin2014microsoft,
  title={Microsoft coco: Common objects in context},
  author={Lin, Tsung-Yi and Maire, Michael and Belongie, Serge and Hays, James and Perona, Pietro and Ramanan, Deva and Doll{\'a}r, Piotr and Zitnick, C Lawrence},
  booktitle={Computer Vision--ECCV 2014: 13th European Conference, Zurich, Switzerland, September 6-12, 2014, Proceedings, Part V 13},
  pages={740--755},
  year={2014},
  organization={Springer}
}
@inproceedings{zhou2017scene,
  title={Scene parsing through ade20k dataset},
  author={Zhou, Bolei and Zhao, Hang and Puig, Xavier and Fidler, Sanja and Barriuso, Adela and Torralba, Antonio},
  booktitle={Proceedings of the IEEE conference on computer vision and pattern recognition},
  pages={633--641},
  year={2017}
}
@article{wah2011caltech,
  title={The caltech-ucsd birds-200-2011 dataset},
  author={Wah, Catherine and Branson, Steve and Welinder, Peter and Perona, Pietro and Belongie, Serge},
  year={2011},
  publisher={California Institute of Technology}
}
@inproceedings{parkhi2012cats,
  title={Cats and dogs},
  author={Parkhi, Omkar M and Vedaldi, Andrea and Zisserman, Andrew and Jawahar, CV},
  booktitle={2012 IEEE conference on computer vision and pattern recognition},
  pages={3498--3505},
  year={2012},
  organization={IEEE}
}
@article{cheng2017remote,
  title={Remote sensing image scene classification: Benchmark and state of the art},
  author={Cheng, Gong and Han, Junwei and Lu, Xiaoqiang},
  journal={Proceedings of the IEEE},
  volume={105},
  number={10},
  pages={1865--1883},
  year={2017},
  publisher={IEEE}
}

@article{geetharamani2019identification,
  title={Identification of plant leaf diseases using a nine-layer deep convolutional neural network},
  author={Geetharamani, G and Pandian, Arun},
  journal={Computers \& Electrical Engineering},
  volume={76},
  pages={323--338},
  year={2019},
  publisher={Elsevier}
}

@inproceedings{dataset2011novel,
  title={Novel datasets for fine-grained image categorization},
  author={Dataset, E},
  booktitle={First Workshop on Fine Grained Visual Categorization, CVPR. Citeseer. Citeseer. Citeseer},
  volume={5},
  number={1},
  pages={2},
  year={2011},
  organization={Citeseer}
}
@article{hoiem2009pascal,
  title={Pascal VOC 2008 challenge},
  author={Hoiem, Derek and Divvala, Santosh K and Hays, James H},
  journal={World Literature Today},
  volume={24},
  number={1},
  pages={1--4},
  year={2009},
  publisher={Citeseer}
}
@inproceedings{demir2018deepglobe,
  title={Deepglobe 2018: A challenge to parse the earth through satellite images},
  author={Demir, Ilke and Koperski, Krzysztof and Lindenbaum, David and Pang, Guan and Huang, Jing and Basu, Saikat and Hughes, Forest and Tuia, Devis and Raskar, Ramesh},
  booktitle={Proceedings of the IEEE conference on computer vision and pattern recognition workshops},
  pages={172--181},
  year={2018}
}
@article{li2017learning,
  title={Learning without forgetting},
  author={Li, Zhizhong and Hoiem, Derek},
  journal={IEEE transactions on pattern analysis and machine intelligence},
  volume={40},
  number={12},
  pages={2935--2947},
  year={2017},
  publisher={IEEE}
}

@inproceedings{zhu2021prototype,
  title={Prototype augmentation and self-supervision for incremental learning},
  author={Zhu, Fei and Zhang, Xu-Yao and Wang, Chuang and Yin, Fei and Liu, Cheng-Lin},
  booktitle={Proceedings of the IEEE/CVF Conference on Computer Vision and Pattern Recognition},
  pages={5871--5880},
  year={2021}
}
@inproceedings{rebuffi2017icarl,
  title={icarl: Incremental classifier and representation learning},
  author={Rebuffi, Sylvestre-Alvise and Kolesnikov, Alexander and Sperl, Georg and Lampert, Christoph H},
  booktitle={Proceedings of the IEEE conference on Computer Vision and Pattern Recognition},
  pages={2001--2010},
  year={2017}
}
@inproceedings{douillard2022dytox,
  title={Dytox: Transformers for continual learning with dynamic token expansion},
  author={Douillard, Arthur and Ram{\'e}, Alexandre and Couairon, Guillaume and Cord, Matthieu},
  booktitle={Proceedings of the IEEE/CVF Conference on Computer Vision and Pattern Recognition},
  pages={9285--9295},
  year={2022}
}

@article{rusu2016progressive,
  title={Progressive neural networks},
  author={Rusu, Andrei A and Rabinowitz, Neil C and Desjardins, Guillaume and Soyer, Hubert and Kirkpatrick, James and Kavukcuoglu, Koray and Pascanu, Razvan and Hadsell, Raia},
  journal={arXiv preprint arXiv:1606.04671},
  year={2016}
}

@inproceedings{wang2022foster,
  title={Foster: Feature boosting and compression for class-incremental learning},
  author={Wang, Fu-Yun and Zhou, Da-Wei and Ye, Han-Jia and Zhan, De-Chuan},
  booktitle={European conference on computer vision},
  pages={398--414},
  year={2022},
  organization={Springer}
}
@inproceedings{ashok2022class,
  title={Class-incremental learning with cross-space clustering and controlled transfer},
  author={Ashok, Arjun and Joseph, KJ and Balasubramanian, Vineeth N},
  booktitle={European Conference on Computer Vision},
  pages={105--122},
  year={2022},
  organization={Springer}
}

@inproceedings{chaudhry2021using,
  title={Using hindsight to anchor past knowledge in continual learning},
  author={Chaudhry, Arslan and Gordo, Albert and Dokania, Puneet and Torr, Philip and Lopez-Paz, David},
  booktitle={Proceedings of the AAAI conference on artificial intelligence},
  volume={35},
  number={8},
  pages={6993--7001},
  year={2021}
}

@article{liu2022continual,
  title={Continual learning with recursive gradient optimization},
  author={Liu, Hao and Liu, Huaping},
  journal={arXiv preprint arXiv:2201.12522},
  year={2022}
}

@inproceedings{wang2023task,
  title={Task difficulty aware parameter allocation \& regularization for lifelong learning},
  author={Wang, Wenjin and Hu, Yunqing and Chen, Qianglong and Zhang, Yin},
  booktitle={Proceedings of the IEEE/CVF Conference on Computer Vision and Pattern Recognition},
  pages={7776--7785},
  year={2023}
}

@inproceedings{sun2023decoupling,
  title={Decoupling learning and remembering: A bilevel memory framework with knowledge projection for task-incremental learning},
  author={Sun, Wenju and Li, Qingyong and Zhang, Jing and Wang, Wen and Geng, Yangli-ao},
  booktitle={Proceedings of the IEEE/CVF Conference on Computer Vision and Pattern Recognition},
  pages={20186--20195},
  year={2023}
}

@article{zhou2022model,
  title={A model or 603 exemplars: Towards memory-efficient class-incremental learning},
  author={Zhou, Da-Wei and Wang, Qi-Wei and Ye, Han-Jia and Zhan, De-Chuan},
  journal={arXiv preprint arXiv:2205.13218},
  year={2022}
}
@article{han2021pre,
  title={Pre-trained models: Past, present and future},
  author={Han, Xu and Zhang, Zhengyan and Ding, Ning and Gu, Yuxian and Liu, Xiao and Huo, Yuqi and Qiu, Jiezhong and Yao, Yuan and Zhang, Ao and Zhang, Liang and others},
  journal={AI Open},
  volume={2},
  pages={225--250},
  year={2021},
  publisher={Elsevier}
}
@article{wang2024comprehensive,
  title={A comprehensive survey of continual learning: theory, method and application},
  author={Wang, Liyuan and Zhang, Xingxing and Su, Hang and Zhu, Jun},
  journal={IEEE Transactions on Pattern Analysis and Machine Intelligence},
  year={2024},
  publisher={IEEE}
}
@article{liu2024rethinking,
  title={Rethinking machine unlearning for large language models},
  author={Liu, Sijia and Yao, Yuanshun and Jia, Jinghan and Casper, Stephen and Baracaldo, Nathalie and Hase, Peter and Yao, Yuguang and Liu, Chris Yuhao and Xu, Xiaojun and Li, Hang and others},
  journal={arXiv preprint arXiv:2402.08787},
  year={2024}
}
@article{liu2024towards,
  title={Towards safer large language models through machine unlearning},
  author={Liu, Zheyuan and Dou, Guangyao and Tan, Zhaoxuan and Tian, Yijun and Jiang, Meng},
  journal={arXiv preprint arXiv:2402.10058},
  year={2024}
}
@article{wang2025towards,
  title={Towards efficient and effective unlearning of large language models for recommendation},
  author={Wang, Hangyu and Lin, Jianghao and Chen, Bo and Yang, Yang and Tang, Ruiming and Zhang, Weinan and Yu, Yong},
  journal={Frontiers of Computer Science},
  volume={19},
  number={3},
  pages={193327},
  year={2025},
  publisher={Springer}
}
@article{zhang2024defensive,
  title={Defensive Unlearning with Adversarial Training for Robust Concept Erasure in Diffusion Models},
  author={Zhang, Yimeng and Chen, Xin and Jia, Jinghan and Zhang, Yihua and Fan, Chongyu and Liu, Jiancheng and Hong, Mingyi and Ding, Ke and Liu, Sijia},
  journal={arXiv preprint arXiv:2405.15234},
  year={2024}
}
@article{li2024atlas,
  title={ATLAS: Adapter-Based Multi-Modal Continual Learning with a Two-Stage Learning Strategy},
  author={Li, Hong and Tan, Zhiquan and Li, Xingyu and Huang, Weiran},
  journal={arXiv preprint arXiv:2410.10923},
  year={2024}
}
@article{chen2024llm,
  title={LLM-assisted multi-teacher continual learning for visual question answering in robotic surgery},
  author={Chen, Kexin and Du, Yuyang and You, Tao and Islam, Mobarakol and Guo, Ziyu and Jin, Yueming and Chen, Guangyong and Heng, Pheng-Ann},
  journal={arXiv preprint arXiv:2402.16664},
  year={2024}
}
@inproceedings{lin2023pcr,
  title={Pcr: Proxy-based contrastive replay for online class-incremental continual learning},
  author={Lin, Huiwei and Zhang, Baoquan and Feng, Shanshan and Li, Xutao and Ye, Yunming},
  booktitle={Proceedings of the IEEE/CVF Conference on Computer Vision and Pattern Recognition},
  pages={24246--24255},
  year={2023}
}
@inproceedings{zhu2023continual,
  title={Continual semantic segmentation with automatic memory sample selection},
  author={Zhu, Lanyun and Chen, Tianrun and Yin, Jianxiong and See, Simon and Liu, Jun},
  booktitle={Proceedings of the IEEE/CVF Conference on Computer Vision and Pattern Recognition},
  pages={3082--3092},
  year={2023}
}
@article{lu2024revisiting,
  title={Revisiting Neural Networks for Continual Learning: An Architectural Perspective},
  author={Lu, Aojun and Feng, Tao and Yuan, Hangjie and Song, Xiaotian and Sun, Yanan},
  journal={arXiv preprint arXiv:2404.14829},
  year={2024}
}
@inproceedings{wang2022learning,
  title={Learning to prompt for continual learning},
  author={Wang, Zifeng and Zhang, Zizhao and Lee, Chen-Yu and Zhang, Han and Sun, Ruoxi and Ren, Xiaoqi and Su, Guolong and Perot, Vincent and Dy, Jennifer and Pfister, Tomas},
  booktitle={Proceedings of the IEEE/CVF conference on computer vision and pattern recognition},
  pages={139--149},
  year={2022}
}