@inproceedings{aljundi2017expert,
  title={Expert gate: Lifelong learning with a network of experts},
  author={Aljundi, Rahaf and Chakravarty, Punarjay and Tuytelaars, Tinne},
  booktitle={Proceedings of the IEEE conference on computer vision and pattern recognition},
  pages={3366--3375},
  year={2017}
}

@inproceedings{ashok2022class,
  title={Class-incremental learning with cross-space clustering and controlled transfer},
  author={Ashok, Arjun and Joseph, KJ and Balasubramanian, Vineeth N},
  booktitle={European Conference on Computer Vision},
  pages={105--122},
  year={2022},
  organization={Springer}
}

@inproceedings{caccia2020online,
  title={Online learned continual compression with adaptive quantization modules},
  author={Caccia, Lucas and Belilovsky, Eugene and Caccia, Massimo and Pineau, Joelle},
  booktitle={International conference on machine learning},
  pages={1240--1250},
  year={2020},
  organization={PMLR}
}

@inproceedings{chaudhry2021using,
  title={Using hindsight to anchor past knowledge in continual learning},
  author={Chaudhry, Arslan and Gordo, Albert and Dokania, Puneet and Torr, Philip and Lopez-Paz, David},
  booktitle={Proceedings of the AAAI conference on artificial intelligence},
  volume={35},
  number={8},
  pages={6993--7001},
  year={2021}
}

@inproceedings{dhar2019learning,
  title={Learning without memorizing},
  author={Dhar, Prithviraj and Singh, Rajat Vikram and Peng, Kuan-Chuan and Wu, Ziyan and Chellappa, Rama},
  booktitle={Proceedings of the IEEE/CVF conference on computer vision and pattern recognition},
  pages={5138--5146},
  year={2019}
}

@inproceedings{douillard2022dytox,
  title={Dytox: Transformers for continual learning with dynamic token expansion},
  author={Douillard, Arthur and Ram{\'e}, Alexandre and Couairon, Guillaume and Cord, Matthieu},
  booktitle={Proceedings of the IEEE/CVF Conference on Computer Vision and Pattern Recognition},
  pages={9285--9295},
  year={2022}
}

@inproceedings{feldman2020does,
  title={Does learning require memorization? a short tale about a long tail},
  author={Feldman, Vitaly},
  booktitle={Proceedings of the 52nd Annual ACM SIGACT Symposium on Theory of Computing},
  pages={954--959},
  year={2020}
}

@article{french1999catastrophic,
  title={Catastrophic forgetting in connectionist networks},
  author={French, Robert M},
  journal={Trends in cognitive sciences},
  volume={3},
  number={4},
  pages={128--135},
  year={1999},
  publisher={Elsevier}
}

@inproceedings{hou2019learning,
  title={Learning a unified classifier incrementally via rebalancing},
  author={Hou, Saihui and Pan, Xinyu and Loy, Chen Change and Wang, Zilei and Lin, Dahua},
  booktitle={Proceedings of the IEEE/CVF conference on computer vision and pattern recognition},
  pages={831--839},
  year={2019}
}

@inproceedings{hu2019overcoming,
  title={Overcoming catastrophic forgetting for continual learning via model adaptation},
  author={Hu, Wenpeng and Lin, Zhou and Liu, Bing and Tao, Chongyang and Tao, Zhengwei Tao and Zhao, Dongyan and Ma, Jinwen and Yan, Rui},
  booktitle={International conference on learning representations},
  year={2019}
}

@article{kirkpatrick2017overcoming,
  title={Overcoming catastrophic forgetting in neural networks},
  author={Kirkpatrick, James and Pascanu, Razvan and Rabinowitz, Neil and Veness, Joel and Desjardins, Guillaume and Rusu, Andrei A and Milan, Kieran and Quan, John and Ramalho, Tiago and Grabska-Barwinska, Agnieszka and others},
  journal={Proceedings of the national academy of sciences},
  volume={114},
  number={13},
  pages={3521--3526},
  year={2017},
  publisher={National Acad Sciences}
}

@inproceedings{koh2017understanding,
  title={Understanding black-box predictions via influence functions},
  author={Koh, Pang Wei and Liang, Percy},
  booktitle={International conference on machine learning},
  pages={1885--1894},
  year={2017},
  organization={PMLR}
}

@article{kurmanji2024towards,
  title={Towards unbounded machine unlearning},
  author={Kurmanji, Meghdad and Triantafillou, Peter and Hayes, Jamie and Triantafillou, Eleni},
  journal={Advances in neural information processing systems},
  volume={36},
  year={2024}
}

@article{li2017learning,
  title={Learning without forgetting},
  author={Li, Zhizhong and Hoiem, Derek},
  journal={IEEE transactions on pattern analysis and machine intelligence},
  volume={40},
  number={12},
  pages={2935--2947},
  year={2017},
  publisher={IEEE}
}

@inproceedings{liu2018rotate,
  title={Rotate your networks: Better weight consolidation and less catastrophic forgetting},
  author={Liu, Xialei and Masana, Marc and Herranz, Luis and Van de Weijer, Joost and Lopez, Antonio M and Bagdanov, Andrew D},
  booktitle={2018 24th International Conference on Pattern Recognition (ICPR)},
  pages={2262--2268},
  year={2018},
  organization={IEEE}
}

@article{liu2022continual,
  title={Continual learning with recursive gradient optimization},
  author={Liu, Hao and Liu, Huaping},
  journal={arXiv preprint arXiv:2201.12522},
  year={2022}
}

@article{liu2024model,
  title={Model sparsity can simplify machine unlearning},
  author={Liu, Jiancheng and Ram, Parikshit and Yao, Yuguang and Liu, Gaowen and Liu, Yang and SHARMA, PRANAY and Liu, Sijia and others},
  journal={Advances in Neural Information Processing Systems},
  volume={36},
  year={2024}
}

@article{lopez2017gradient,
  title={Gradient episodic memory for continual learning},
  author={Lopez-Paz, David and Ranzato, Marc'Aurelio},
  journal={Advances in neural information processing systems},
  volume={30},
  year={2017}
}

@article{lu2024revisiting,
  title={Revisiting Neural Networks for Continual Learning: An Architectural Perspective},
  author={Lu, Aojun and Feng, Tao and Yuan, Hangjie and Song, Xiaotian and Sun, Yanan},
  journal={arXiv preprint arXiv:2404.14829},
  year={2024}
}

@inproceedings{mallya2018piggyback,
  title={Piggyback: Adapting a single network to multiple tasks by learning to mask weights},
  author={Mallya, Arun and Davis, Dillon and Lazebnik, Svetlana},
  booktitle={Proceedings of the European conference on computer vision (ECCV)},
  pages={67--82},
  year={2018}
}

@inproceedings{rebuffi2017icarl,
  title={icarl: Incremental classifier and representation learning},
  author={Rebuffi, Sylvestre-Alvise and Kolesnikov, Alexander and Sperl, Georg and Lampert, Christoph H},
  booktitle={Proceedings of the IEEE conference on Computer Vision and Pattern Recognition},
  pages={2001--2010},
  year={2017}
}

@article{rusu2016progressive,
  title={Progressive neural networks},
  author={Rusu, Andrei A and Rabinowitz, Neil C and Desjardins, Guillaume and Soyer, Hubert and Kirkpatrick, James and Kavukcuoglu, Koray and Pascanu, Razvan and Hadsell, Raia},
  journal={arXiv preprint arXiv:1606.04671},
  year={2016}
}

@inproceedings{sun2023decoupling,
  title={Decoupling learning and remembering: A bilevel memory framework with knowledge projection for task-incremental learning},
  author={Sun, Wenju and Li, Qingyong and Zhang, Jing and Wang, Wen and Geng, Yangli-ao},
  booktitle={Proceedings of the IEEE/CVF Conference on Computer Vision and Pattern Recognition},
  pages={20186--20195},
  year={2023}
}

@inproceedings{wang2022foster,
  title={Foster: Feature boosting and compression for class-incremental learning},
  author={Wang, Fu-Yun and Zhou, Da-Wei and Ye, Han-Jia and Zhan, De-Chuan},
  booktitle={European conference on computer vision},
  pages={398--414},
  year={2022},
  organization={Springer}
}

@inproceedings{wang2023task,
  title={Task difficulty aware parameter allocation \& regularization for lifelong learning},
  author={Wang, Wenjin and Hu, Yunqing and Chen, Qianglong and Zhang, Yin},
  booktitle={Proceedings of the IEEE/CVF Conference on Computer Vision and Pattern Recognition},
  pages={7776--7785},
  year={2023}
}

@article{zhou2022model,
  title={A model or 603 exemplars: Towards memory-efficient class-incremental learning},
  author={Zhou, Da-Wei and Wang, Qi-Wei and Ye, Han-Jia and Zhan, De-Chuan},
  journal={arXiv preprint arXiv:2205.13218},
  year={2022}
}

@inproceedings{zhu2021prototype,
  title={Prototype augmentation and self-supervision for incremental learning},
  author={Zhu, Fei and Zhang, Xu-Yao and Wang, Chuang and Yin, Fei and Liu, Cheng-Lin},
  booktitle={Proceedings of the IEEE/CVF Conference on Computer Vision and Pattern Recognition},
  pages={5871--5880},
  year={2021}
}

