@Article{Ajzen:1991:theory,
  author        = {Ajzen, Icek},
  title         = {The Theory of planned behavior},
  journal       = {Organizational Behavior and Human Decision Processes},
  year          = {1991}
}

@Misc{Benz:2017:questions,
  author        = {Benz, Anton and Jasinskaja, Katja},
  title         = {Questions under discussion: {F}rom sentence to discourse},
  year          = {2017},
  journal       = {Discourse Processes},
  volume        = {54},
  number        = {3},
  pages         = {177--186},
  publisher     = {Taylor \& Francis}
}

@Article{Blei:2003:JMLR,
  author        = {Blei, David M and Ng, Andrew Y and Jordan, Michael I},
  title         = {Latent dirichlet allocation},
  journal       = {Journal of Machine Learning Research},
  year          = {2003},
  volume        = {3},
  pages         = {993--1022}
}

@InProceedings{Chang:2009:NeurIPS,
  author        = {Chang, Jonathan and Gerrish, Sean and Wang, Chong and Boyd-Graber, Jordan and
                  Blei, David},
  title         = {Reading Tea Leaves: {H}ow Humans Interpret Topic Models},
  editor        = {Y. Bengio and D. Schuurmans and J. Lafferty and C. Williams and A. Culotta},
  booktitle     = {Advances in Neural Information Processing Systems},
  year          = {2009},
  volume        = {22},
  pages         = {},
  url           = {https://proceedings.neurips.cc/paper_files/paper/2009/file/f92586a25bb3145facd64ab20fd554ff-Paper.pdf}
}

@InProceedings{Chen:2018:ACL,
  author        = {Chen, Yen-Chun and Bansal, Mohit},
  title         = {Fast Abstractive Summarization with Reinforce-Selected Sentence Rewriting},
  editor        = {Gurevych, Iryna and Miyao, Yusuke},
  booktitle     = {Proceedings of the 56th Annual Meeting of the Association for Computational
                  Linguistics (Volume 1: Long Papers)},
  year          = {2018},
  pages         = {675--686},
  month         = jul,
  url           = {https://aclanthology.org/P18-1063/},
  doi           = {10.18653/v1/P18-1063}
}

@InProceedings{Dhaini:2024:INLG,
  author        = {Dhaini, Mahdi and Erdogan, Ege and Bakshi, Smarth and Kasneci, Gjergji},
  title         = {Explainability Meets Text Summarization: {A} Survey},
  editor        = {Mahamood, Saad and Minh, Nguyen Le and Ippolito, Daphne},
  booktitle     = {Proceedings of the 17th International Natural Language Generation Conference},
  year          = {2024},
  pages         = {631--645},
  month         = sep,
  url           = {https://aclanthology.org/2024.inlg-main.49/}
}

@Article{Fabbri:2021:TACL,
  author        = {Fabbri, Alexander R. and Kry{\'s}ci{\'n}ski, Wojciech and McCann, Bryan and
                  Xiong, Caiming and Socher, Richard and Radev, Dragomir},
  title         = {{S}umm{E}val: {R}e-evaluating Summarization Evaluation},
  journal       = {Transactions of the Association for Computational Linguistics},
  year          = {2021},
  volume        = {9},
  pages         = {391--409},
  address       = {Cambridge, MA},
  publisher     = {MIT Press},
  url           = {https://aclanthology.org/2021.tacl-1.24/},
  doi           = {10.1162/tacl_a_00373}
}

@InProceedings{Fan:2018:NGT,
  author        = {Fan, Angela and Grangier, David and Auli, Michael},
  title         = {Controllable Abstractive Summarization},
  editor        = {Birch, Alexandra and Finch, Andrew and Luong, Thang and Neubig, Graham and Oda,
                  Yusuke},
  booktitle     = {Proceedings of the 2nd Workshop on Neural Machine Translation and Generation},
  year          = {2018},
  pages         = {45--54},
  month         = jul,
  url           = {https://aclanthology.org/W18-2706/},
  doi           = {10.18653/v1/W18-2706}
}

@InProceedings{Gehrmann:2018:EMNLP,
  author        = {Gehrmann, Sebastian and Deng, Yuntian and Rush, Alexander},
  title         = {Bottom-Up Abstractive Summarization},
  editor        = {Riloff, Ellen and Chiang, David and Hockenmaier, Julia and Tsujii, Jun{'}ichi},
  booktitle     = {Proceedings of the 2018 Conference on Empirical Methods in Natural Language
                  Processing},
  year          = {2018},
  pages         = {4098--4109},
  month         = oct # {-} # nov,
  url           = {https://aclanthology.org/D18-1443/},
  doi           = {10.18653/v1/D18-1443}
}

@InProceedings{Goyal:2022:ACL,
  author        = {Goyal, Tanya and Xu, Jiacheng and Li, Junyi Jessy and Durrett, Greg},
  title         = {Training Dynamics for Text Summarization Models},
  editor        = {Muresan, Smaranda and Nakov, Preslav and Villavicencio, Aline},
  booktitle     = {Findings of the Association for Computational Linguistics: ACL 2022},
  year          = {2022},
  pages         = {2061--2073},
  month         = may,
  url           = {https://aclanthology.org/2022.findings-acl.163/},
  doi           = {10.18653/v1/2022.findings-acl.163}
}

@Misc{Goyal:2023:arXiv,
  author        = {Tanya Goyal and Junyi Jessy Li and Greg Durrett},
  title         = {News Summarization and Evaluation in the Era of {GPT-3}},
  year          = {2023},
  eprint        = {2209.12356},
  archiveprefix = {arXiv},
  primaryclass  = {cs.CL},
  url           = {https://arxiv.org/abs/2209.12356}
}

@Misc{Grattafiori:2024:arXiv,
  author        = {Aaron Grattafiori and others},
  title         = {The {L}lama 3 Herd of Models},
  year          = {2024},
  eprint        = {2407.21783},
  archiveprefix = {arXiv},
  primaryclass  = {cs.AI},
  url           = {https://arxiv.org/abs/2407.21783}
}

@PhDThesis{Groenendijk:1984:studies,
  author        = {Groenendijk, Jeroen Antonius Gerardus and Stokhof, Martin Johan Bastiaan},
  title         = {Studies on the Semantics of Questions and the Pragmatics of Answers},
  school        = {Univ. Amsterdam},
  year          = {1984}
}

@InProceedings{Groeneveld:2024:ACL,
  author        = {Groeneveld, Dirk and others},
  title         = {{OLM}o: {A}ccelerating the Science of Language Models},
  booktitle     = {Proceedings of the 62nd Annual Meeting of the Association for Computational
                  Linguistics (Volume 1: Long Papers)},
  year          = {2024},
  pages         = {15789--15809},
  month         = aug,
  url           = {https://aclanthology.org/2024.acl-long.841/},
  doi           = {10.18653/v1/2024.acl-long.841}
}

@Article{Hamblin:1973:Questions,
  author        = {Hamblin, Charles L},
  title         = {Questions in montague english},
  journal       = {Foundations of language},
  year          = {1973},
  volume        = {10},
  number        = {1},
  pages         = {41--53},
  publisher     = {JSTOR}
}

@InProceedings{He:2022:EMNLP,
  author        = {He, Junxian and Kryscinski, Wojciech and McCann, Bryan and Rajani, Nazneen and
                  Xiong, Caiming},
  title         = {{CTRL}sum: {T}owards Generic Controllable Text Summarization},
  booktitle     = {Proceedings of the 2022 Conference on Empirical Methods in Natural Language
                  Processing},
  year          = {2022},
  pages         = {5879--5915},
  month         = dec,
  url           = {https://aclanthology.org/2022.emnlp-main.396/},
  doi           = {10.18653/v1/2022.emnlp-main.396}
}

@InProceedings{Huang:2024:NAACL,
  author        = {Huang, Kung-Hsiang and Laban, Philippe and Fabbri, Alexander and Choubey,
                  Prafulla Kumar and Joty, Shafiq and Xiong, Caiming and Wu, Chien-Sheng},
  title         = {Embrace Divergence for Richer Insights: {A} Multi-document Summarization
                  Benchmark and a Case Study on Summarizing Diverse Information from News Articles},
  editor        = {Duh, Kevin and Gomez, Helena and Bethard, Steven},
  booktitle     = {Proceedings of the 2024 Conference of the North American Chapter of the
                  Association for Computational Linguistics: Human Language Technologies (Volume 1:
                  Long Papers)},
  year          = {2024},
  pages         = {570--593},
  month         = jun,
  url           = {https://aclanthology.org/2024.naacl-long.32},
  doi           = {10.18653/v1/2024.naacl-long.32}
}

@Misc{Jiang:2023:arXiv,
  author        = {Albert Q. Jiang and others},
  title         = {Mistral 7B},
  year          = {2023},
  eprint        = {2310.06825},
  archiveprefix = {arXiv},
  primaryclass  = {cs.CL},
  url           = {https://arxiv.org/abs/2310.06825}
}

@Misc{Jiang:2024:arXiv,
  author        = {Albert Q. Jiang and others},
  title         = {Mixtral of Experts},
  year          = {2024},
  eprint        = {2401.04088},
  archiveprefix = {arXiv},
  primaryclass  = {cs.LG},
  url           = {https://arxiv.org/abs/2401.04088}
}

@InProceedings{Kamoi:2023:EMNLP,
  author        = {Kamoi, Ryo and Goyal, Tanya and Diego Rodriguez, Juan and Durrett, Greg},
  title         = {{W}i{CE}: {R}eal-World Entailment for Claims in {W}ikipedia},
  editor        = {Bouamor, Houda and Pino, Juan and Bali, Kalika},
  booktitle     = {Proceedings of the 2023 Conference on Empirical Methods in Natural Language
                  Processing},
  year          = {2023},
  pages         = {7561--7583},
  month         = dec,
  url           = {https://aclanthology.org/2023.emnlp-main.470},
  doi           = {10.18653/v1/2023.emnlp-main.470}
}

@Article{Karttunen:1977:syntax,
  author        = {Karttunen, Lauri},
  title         = {Syntax and semantics of questions},
  journal       = {Linguistics and philosophy},
  year          = {1977},
  volume        = {1},
  pages         = {3--44},
  publisher     = {Springer}
}

@InProceedings{Kim:2024:COLM,
  author        = {Yekyung Kim and Yapei Chang and Marzena Karpinska and Aparna Garimella and Varun
                  Manjunatha and Kyle Lo and Tanya Goyal and Mohit Iyyer},
  title         = {{FABLES}: {E}valuating faithfulness and content selection in book-length
                  summarization},
  booktitle     = {First Conference on Language Modeling},
  year          = {2024},
  url           = {https://openreview.net/forum?id=YfHxQSoaWU}
}

@InProceedings{Laban:2022:Findings,
  author        = {Laban, Philippe and Wu, Chien-Sheng and Murakhovs{'}ka, Lidiya and Chen, Xiang
                  and Xiong, Caiming},
  title         = {Discord Questions: {A} Computational Approach To Diversity Analysis in News
                  Coverage},
  editor        = {Goldberg, Yoav and Kozareva, Zornitsa and Zhang, Yue},
  booktitle     = {Findings of the Association for Computational Linguistics: EMNLP 2022},
  year          = {2022},
  pages         = {5180--5194},
  month         = dec,
  url           = {https://aclanthology.org/2022.findings-emnlp.380},
  doi           = {10.18653/v1/2022.findings-emnlp.380}
}

@InProceedings{Laban:2024:EMNLP,
  author        = {Laban, Philippe and Fabbri, Alexander and Xiong, Caiming and Wu, Chien-Sheng},
  title         = {Summary of a Haystack: {A} Challenge to Long-Context {LLM}s and {RAG} Systems},
  booktitle     = {Proceedings of the 2024 Conference on Empirical Methods in Natural Language
                  Processing},
  year          = {2024},
  pages         = {9885--9903},
  month         = nov,
  url           = {https://aclanthology.org/2024.emnlp-main.552/},
  doi           = {10.18653/v1/2024.emnlp-main.552}
}

@InProceedings{Lam:2024:CHI,
  author        = {Lam, Michelle S. and Teoh, Janice and Landay, James A. and Heer, Jeffrey and
                  Bernstein, Michael S.},
  title         = {Concept Induction: {A}nalyzing Unstructured Text with High-Level Concepts Using
                  {LLooM}},
  booktitle     = {Proceedings of the 2024 CHI Conference on Human Factors in Computing Systems},
  year          = {2024},
  series        = {CHI '24},
  url           = {https://doi.org/10.1145/3613904.3642830},
  doi           = {10.1145/3613904.3642830},
  articleno     = {766}
}

@InProceedings{Li:2021:ws,
  author        = {Li, Haoran and Einolghozati, Arash and Iyer, Srinivasan and Paranjape, Bhargavi
                  and Mehdad, Yashar and Gupta, Sonal and Ghazvininejad, Marjan},
  title         = {{EASE}: {E}xtractive-Abstractive Summarization End-to-End using the Information
                  Bottleneck Principle},
  booktitle     = {Proceedings of the Third Workshop on New Frontiers in Summarization},
  year          = {2021},
  pages         = {85--95},
  month         = nov,
  url           = {https://aclanthology.org/2021.newsum-1.10/},
  doi           = {10.18653/v1/2021.newsum-1.10}
}

@InProceedings{Liu:2019:EMNLP,
  author        = {Liu, Yang and Lapata, Mirella},
  title         = {Text Summarization with Pretrained Encoders},
  booktitle     = {Proceedings of the 2019 Conference on Empirical Methods in Natural Language
                  Processing and the 9th International Joint Conference on Natural Language
                  Processing (EMNLP-IJCNLP)},
  year          = {2019},
  pages         = {3730--3740},
  month         = nov,
  url           = {https://aclanthology.org/D19-1387/},
  doi           = {10.18653/v1/D19-1387}
}

@InProceedings{Louis:2010:SIGDIAL,
  author        = {Louis, Annie and Joshi, Aravind and Nenkova, Ani},
  title         = {Discourse indicators for content selection in summarization},
  booktitle     = {Proceedings of the {SIGDIAL} 2010 Conference},
  year          = {2010},
  pages         = {147--156},
  month         = sep,
  url           = {https://aclanthology.org/W10-4327/}
}

@Book{Mani:1999:advances,
  author        = {Mani, Inderjeet and Maybury, Mark T},
  title         = {Advances in automatic text summarization},
  publisher     = {MIT press},
  year          = {1999},
  address       = {Cambridge, MA}
}

@Article{Marcu:1999:advances,
  author        = {Marcu, Daniel},
  title         = {Discourse trees are good indicators of importance in text},
  journal       = {Advances in automatic text summarization},
  year          = {1999},
  pages         = {123--136},
  address       = {Cambridge, MA},
  publisher     = {MIT press}
}

@Article{McInnes:2017:JOSS,
  author        = {Leland McInnes and John Healy and Steve Astels},
  title         = {hdbscan: {H}ierarchical density based clustering},
  journal       = {The Journal of Open Source Software},
  year          = {2017},
  volume        = {2},
  number        = {11},
  month         = {mar},
  doi           = {10.21105/joss.00205},
  url           = {https://doi.org/10.21105%2Fjoss.00205},
  publisher     = {The Open Journal}
}

@InProceedings{Mihalcea:2004:EMNLP,
  author        = {Mihalcea, Rada and Tarau, Paul},
  title         = {{T}ext{R}ank: {B}ringing Order into Text},
  booktitle     = {Proceedings of the 2004 Conference on Empirical Methods in Natural Language
                  Processing},
  year          = {2004},
  pages         = {404--411},
  month         = jul,
  url           = {https://aclanthology.org/W04-3252/}
}

@InProceedings{Min:2023:EMNLP,
  author        = {Min, Sewon and Krishna, Kalpesh and Lyu, Xinxi and Lewis, Mike and Yih, Wen-tau
                  and Koh, Pang and Iyyer, Mohit and Zettlemoyer, Luke and Hajishirzi, Hannaneh},
  title         = {{FA}ct{S}core: {F}ine-grained Atomic Evaluation of Factual Precision in Long Form
                  Text Generation},
  booktitle     = {Proceedings of the 2023 Conference on Empirical Methods in Natural Language
                  Processing},
  year          = {2023},
  pages         = {12076--12100},
  month         = dec,
  url           = {https://aclanthology.org/2023.emnlp-main.741},
  doi           = {10.18653/v1/2023.emnlp-main.741}
}

@Article{Narayan:2023:TACL,
  author        = {Narayan, Shashi and Maynez, Joshua and Amplayo, Reinald Kim and Ganchev, Kuzman
                  and Louis, Annie and Huot, Fantine and Sandholm, Anders and Das, Dipanjan and
                  Lapata, Mirella},
  title         = {Conditional Generation with a Question-Answering Blueprint},
  journal       = {Transactions of the Association for Computational Linguistics},
  year          = {2023},
  volume        = {11},
  pages         = {974--996},
  address       = {Cambridge, MA},
  publisher     = {MIT Press},
  url           = {https://aclanthology.org/2023.tacl-1.55/},
  doi           = {10.1162/tacl_a_00583}
}

@Article{Nazari:2019:survey,
  author        = {Nazari, Narges and Mahdavi, MA},
  title         = {A survey on automatic text summarization},
  journal       = {Journal of AI and Data Mining},
  year          = {2019},
  volume        = {7},
  number        = {1},
  pages         = {121--135},
  publisher     = {Shahrood University of Technology}
}

@InProceedings{Nenkova:2004:NAACL,
  author        = {Nenkova, Ani and Passonneau, Rebecca},
  title         = {Evaluating Content Selection in Summarization: {T}he Pyramid Method},
  booktitle     = {Proceedings of the Human Language Technology Conference of the North {A}merican
                  Chapter of the Association for Computational Linguistics: {HLT}-{NAACL} 2004},
  year          = {2004},
  pages         = {145--152},
  url           = {https://aclanthology.org/N04-1019/}
}

@Article{Nenkova:2012:survey,
  author        = {Nenkova, Ani and McKeown, Kathleen},
  title         = {A survey of text summarization techniques},
  journal       = {Mining text data},
  year          = {2012},
  pages         = {43--76},
  publisher     = {Springer}
}

@InProceedings{Newman:2023:EMNLP,
  author        = {Newman, Benjamin and Soldaini, Luca and Fok, Raymond and Cohan, Arman and Lo,
                  Kyle},
  title         = {A Question Answering Framework for Decontextualizing User-facing Snippets from
                  Scientific Documents},
  booktitle     = {Proceedings of the 2023 Conference on Empirical Methods in Natural Language
                  Processing},
  year          = {2023},
  pages         = {3194--3212},
  month         = dec,
  url           = {https://aclanthology.org/2023.emnlp-main.193/},
  doi           = {10.18653/v1/2023.emnlp-main.193}
}

@Misc{OpenAI:2024:arXiv,
  author        = {OpenAI and others},
  title         = {{GPT-4} Technical Report},
  year          = {2024},
  eprint        = {2303.08774},
  archiveprefix = {arXiv},
  primaryclass  = {cs.CL},
  url           = {https://arxiv.org/abs/2303.08774}
}

@InProceedings{Peyrard:2019:ACL,
  author        = {Peyrard, Maxime},
  title         = {A Simple Theoretical Model of Importance for Summarization},
  booktitle     = {Proceedings of the 57th Annual Meeting of the Association for Computational
                  Linguistics},
  year          = {2019},
  pages         = {1059--1073},
  month         = jul,
  url           = {https://aclanthology.org/P19-1101/},
  doi           = {10.18653/v1/P19-1101}
}

@InProceedings{Pham:2024:NAACL,
  author        = {Pham, Chau and Hoyle, Alexander and Sun, Simeng and Resnik, Philip and Iyyer,
                  Mohit},
  title         = {{T}opic{GPT}: {A} Prompt-based Topic Modeling Framework},
  booktitle     = {Proceedings of the 2024 Conference of the North American Chapter of the
                  Association for Computational Linguistics: Human Language Technologies (Volume 1:
                  Long Papers)},
  year          = {2024},
  pages         = {2956--2984},
  month         = jun,
  url           = {https://aclanthology.org/2024.naacl-long.164/},
  doi           = {10.18653/v1/2024.naacl-long.164}
}

@InProceedings{Ravaut:2024:ACL,
  author        = {Ravaut, Mathieu and Sun, Aixin and Chen, Nancy and Joty, Shafiq},
  title         = {On Context Utilization in Summarization with Large Language Models},
  booktitle     = {Proceedings of the 62nd Annual Meeting of the Association for Computational
                  Linguistics (Volume 1: Long Papers)},
  year          = {2024},
  pages         = {2764--2781},
  month         = aug,
  url           = {https://aclanthology.org/2024.acl-long.153/},
  doi           = {10.18653/v1/2024.acl-long.153}
}

@InProceedings{Reimers:2019:EMNLP,
  author        = {Reimers, Nils and Gurevych, Iryna},
  title         = {Sentence-{BERT}: Sentence Embeddings using {S}iamese {BERT}-Networks},
  booktitle     = {Proceedings of the 2019 Conference on Empirical Methods in Natural Language
                  Processing and the 9th International Joint Conference on Natural Language
                  Processing (EMNLP-IJCNLP)},
  year          = {2019},
  pages         = {3982--3992},
  month         = nov,
  url           = {https://aclanthology.org/D19-1410/},
  doi           = {10.18653/v1/D19-1410}
}

@Article{Roberts:2012:Information,
  author        = {Roberts, Craige},
  title         = {Information structure: {T}owards an integrated formal theory of pragmatics},
  journal       = {Semantics and Pragmatics},
  year          = {2012},
  volume        = {5},
  pages         = {1--69}
}

@InProceedings{Stacey:2024:EMNLP,
  author        = {Stacey, Joe and Minervini, Pasquale and Dubossarsky, Haim and Camburu, Oana-Maria
                  and Rei, Marek},
  title         = {Atomic Inference for {NLI} with Generated Facts as Atoms},
  booktitle     = {Proceedings of the 2024 Conference on Empirical Methods in Natural Language
                  Processing},
  year          = {2024},
  pages         = {10188--10204},
  month         = nov,
  url           = {https://aclanthology.org/2024.emnlp-main.569},
  doi           = {10.18653/v1/2024.emnlp-main.569}
}

@Misc{Stureborg:2024:arXiv,
  author        = {Rickard Stureborg and Dimitris Alikaniotis and Yoshi Suhara},
  title         = {Large Language Models are Inconsistent and Biased Evaluators},
  year          = {2024},
  eprint        = {2405.01724},
  archiveprefix = {arXiv},
  primaryclass  = {cs.CL},
  url           = {https://arxiv.org/abs/2405.01724}
}

@InProceedings{Tang:2024:EMNLP,
  author        = {Tang, Liyan and Laban, Philippe and Durrett, Greg},
  title         = {{M}ini{C}heck: {E}fficient Fact-Checking of {LLM}s on Grounding Documents},
  booktitle     = {Proceedings of the 2024 Conference on Empirical Methods in Natural Language
                  Processing},
  year          = {2024},
  pages         = {8818--8847},
  month         = nov,
  url           = {https://aclanthology.org/2024.emnlp-main.499},
  doi           = {10.18653/v1/2024.emnlp-main.499}
}

@Misc{Touvron:2023:arXiv,
  author        = {Hugo Touvron and others},
  title         = {Llama 2: {O}pen Foundation and Fine-Tuned Chat Models},
  year          = {2023},
  eprint        = {2307.09288},
  archiveprefix = {arXiv},
  primaryclass  = {cs.CL},
  url           = {https://arxiv.org/abs/2307.09288}
}

@InProceedings{Trienes:2024:ACL,
  author        = {Trienes, Jan and Joseph, Sebastian and Schl{\"o}tterer, J{\"o}rg and Seifert,
                  Christin and Lo, Kyle and Xu, Wei and Wallace, Byron and Li, Junyi Jessy},
  title         = {{I}nfo{L}oss{QA}: {C}haracterizing and Recovering Information Loss in Text
                  Simplification},
  booktitle     = {Proceedings of the 62nd Annual Meeting of the Association for Computational
                  Linguistics (Volume 1: Long Papers)},
  year          = {2024},
  pages         = {4263--4294},
  month         = aug,
  url           = {https://aclanthology.org/2024.acl-long.234/},
  doi           = {10.18653/v1/2024.acl-long.234}
}

@Article{Van:1995:discourse,
  author        = {Van Kuppevelt, Jan},
  title         = {Discourse structure, topicality and questioning},
  journal       = {Journal of Linguistics},
  year          = {1995},
  volume        = {31},
  number        = {1},
  pages         = {109--147},
  publisher     = {Cambridge University Press}
}

@InProceedings{Wang:2023:EMNLP,
  author        = {Wang, Zihan and Shang, Jingbo and Zhong, Ruiqi},
  title         = {Goal-Driven Explainable Clustering via Language Descriptions},
  booktitle     = {Proceedings of the 2023 Conference on Empirical Methods in Natural Language
                  Processing},
  year          = {2023},
  pages         = {10626--10649},
  month         = dec,
  url           = {https://aclanthology.org/2023.emnlp-main.657/},
  doi           = {10.18653/v1/2023.emnlp-main.657}
}

@InProceedings{Wang:2024:ACL,
  author        = {Wang, Peiyi and Li, Lei and Chen, Liang and Cai, Zefan and Zhu, Dawei and Lin,
                  Binghuai and Cao, Yunbo and Kong, Lingpeng and Liu, Qi and Liu, Tianyu and Sui,
                  Zhifang},
  title         = {Large Language Models are not Fair Evaluators},
  booktitle     = {Proceedings of the 62nd Annual Meeting of the Association for Computational
                  Linguistics (Volume 1: Long Papers)},
  year          = {2024},
  pages         = {9440--9450},
  month         = aug,
  url           = {https://aclanthology.org/2024.acl-long.511/},
  doi           = {10.18653/v1/2024.acl-long.511}
}

@InProceedings{West:2024:ICLR,
  author        = {Peter West and Ximing Lu and Nouha Dziri and Faeze Brahman and Linjie Li and Jena
                  D. Hwang and Liwei Jiang and Jillian Fisher and Abhilasha Ravichander and Khyathi
                  Chandu and Benjamin Newman and Pang Wei Koh and Allyson Ettinger and Yejin Choi},
  title         = {The Generative {AI} Paradox: {\textquotedblleft}{W}hat It Can Create, It May Not
                  Understand{\textquotedblright}},
  booktitle     = {The Twelfth International Conference on Learning Representations},
  year          = {2024},
  url           = {https://openreview.net/forum?id=CF8H8MS5P8}
}

@InProceedings{Wu:2023:EMNLP,
  author        = {Wu, Yating and Mangla, Ritika and Durrett, Greg and Li, Junyi Jessy},
  title         = {{QUD}eval: {T}he Evaluation of Questions Under Discussion Discourse Parsing},
  booktitle     = {Proceedings of the 2023 Conference on Empirical Methods in Natural Language
                  Processing},
  year          = {2023},
  pages         = {5344--5363},
  month         = dec,
  url           = {https://aclanthology.org/2023.emnlp-main.325/},
  doi           = {10.18653/v1/2023.emnlp-main.325}
}

@InProceedings{Wu:2023b:EMNLP,
  author        = {Wu, Yating and Sheffield, William and Mahowald, Kyle and Li, Junyi Jessy},
  title         = {Elaborative Simplification as Implicit Questions Under Discussion},
  booktitle     = {Proceedings of the 2023 Conference on Empirical Methods in Natural Language
                  Processing},
  year          = {2023},
  pages         = {5525--5537},
  month         = dec,
  url           = {https://aclanthology.org/2023.emnlp-main.336/},
  doi           = {10.18653/v1/2023.emnlp-main.336}
}

@Article{Zhang:2024:TACL,
  author        = {Zhang, Tianyi and Ladhak, Faisal and Durmus, Esin and Liang, Percy and McKeown,
                  Kathleen and Hashimoto, Tatsunori B.},
  title         = {Benchmarking Large Language Models for News Summarization},
  journal       = {Transactions of the Association for Computational Linguistics},
  year          = {2024},
  volume        = {12},
  pages         = {39--57},
  address       = {Cambridge, MA},
  publisher     = {MIT Press},
  url           = {https://aclanthology.org/2024.tacl-1.3/},
  doi           = {10.1162/tacl_a_00632}
}

@InProceedings{Zhong:2021:NAACL,
  author        = {Zhong, Ming and Yin, Da and Yu, Tao and Zaidi, Ahmad and Mutuma, Mutethia and
                  Jha, Rahul and Awadallah, Ahmed Hassan and Celikyilmaz, Asli and Liu, Yang and
                  Qiu, Xipeng and Radev, Dragomir},
  title         = {{QMS}um: {A} New Benchmark for Query-based Multi-domain Meeting Summarization},
  booktitle     = {Proceedings of the 2021 Conference of the North American Chapter of the
                  Association for Computational Linguistics: Human Language Technologies},
  year          = {2021},
  pages         = {5905--5921},
  month         = jun,
  url           = {https://aclanthology.org/2021.naacl-main.472/},
  doi           = {10.18653/v1/2021.naacl-main.472}
}

@InProceedings{Zhong:2024:NeurIPS,
  author        = {Ruiqi Zhong and Heng Wang and Dan Klein and Jacob Steinhardt},
  title         = {Explaining Datasets in Words: {S}tatistical Models with Natural Language
                  Parameters},
  booktitle     = {The Thirty-eighth Annual Conference on Neural Information Processing Systems},
  year          = {2024},
  url           = {https://openreview.net/forum?id=u5BkOgWWZW}
}
