@Article{Blei:2003:JMLR,
  author        = {Blei, David M and Ng, Andrew Y and Jordan, Michael I},
  title         = {Latent dirichlet allocation},
  journal       = {Journal of Machine Learning Research},
  year          = {2003},
  volume        = {3},
  pages         = {993--1022}
}

@InProceedings{Chang:2009:NeurIPS,
  author        = {Chang, Jonathan and Gerrish, Sean and Wang, Chong and Boyd-Graber, Jordan and
                  Blei, David},
  title         = {Reading Tea Leaves: {H}ow Humans Interpret Topic Models},
  editor        = {Y. Bengio and D. Schuurmans and J. Lafferty and C. Williams and A. Culotta},
  booktitle     = {Advances in Neural Information Processing Systems},
  year          = {2009},
  volume        = {22},
  pages         = {},
  url           = {https://proceedings.neurips.cc/paper_files/paper/2009/file/f92586a25bb3145facd64ab20fd554ff-Paper.pdf}
}

@InProceedings{Dhaini:2024:INLG,
  author        = {Dhaini, Mahdi and Erdogan, Ege and Bakshi, Smarth and Kasneci, Gjergji},
  title         = {Explainability Meets Text Summarization: {A} Survey},
  editor        = {Mahamood, Saad and Minh, Nguyen Le and Ippolito, Daphne},
  booktitle     = {Proceedings of the 17th International Natural Language Generation Conference},
  year          = {2024},
  pages         = {631--645},
  month         = sep,
  url           = {https://aclanthology.org/2024.inlg-main.49/}
}

@Article{Fabbri:2021:TACL,
  author        = {Fabbri, Alexander R. and Kry{\'s}ci{\'n}ski, Wojciech and McCann, Bryan and
                  Xiong, Caiming and Socher, Richard and Radev, Dragomir},
  title         = {{S}umm{E}val: {R}e-evaluating Summarization Evaluation},
  journal       = {Transactions of the Association for Computational Linguistics},
  year          = {2021},
  volume        = {9},
  pages         = {391--409},
  address       = {Cambridge, MA},
  publisher     = {MIT Press},
  url           = {https://aclanthology.org/2021.tacl-1.24/},
  doi           = {10.1162/tacl_a_00373}
}

@InProceedings{Gehrmann:2018:EMNLP,
  author        = {Gehrmann, Sebastian and Deng, Yuntian and Rush, Alexander},
  title         = {Bottom-Up Abstractive Summarization},
  editor        = {Riloff, Ellen and Chiang, David and Hockenmaier, Julia and Tsujii, Jun{'}ichi},
  booktitle     = {Proceedings of the 2018 Conference on Empirical Methods in Natural Language
                  Processing},
  year          = {2018},
  pages         = {4098--4109},
  month         = oct # {-} # nov,
  url           = {https://aclanthology.org/D18-1443/},
  doi           = {10.18653/v1/D18-1443}
}

@InProceedings{Goyal:2022:ACL,
  author        = {Goyal, Tanya and Xu, Jiacheng and Li, Junyi Jessy and Durrett, Greg},
  title         = {Training Dynamics for Text Summarization Models},
  editor        = {Muresan, Smaranda and Nakov, Preslav and Villavicencio, Aline},
  booktitle     = {Findings of the Association for Computational Linguistics: ACL 2022},
  year          = {2022},
  pages         = {2061--2073},
  month         = may,
  url           = {https://aclanthology.org/2022.findings-acl.163/},
  doi           = {10.18653/v1/2022.findings-acl.163}
}

@Misc{Goyal:2023:arXiv,
  author        = {Tanya Goyal and Junyi Jessy Li and Greg Durrett},
  title         = {News Summarization and Evaluation in the Era of {GPT-3}},
  year          = {2023},
  eprint        = {2209.12356},
  archiveprefix = {arXiv},
  primaryclass  = {cs.CL},
  url           = {https://arxiv.org/abs/2209.12356}
}

@InProceedings{Laban:2022:Findings,
  author        = {Laban, Philippe and Wu, Chien-Sheng and Murakhovs{'}ka, Lidiya and Chen, Xiang
                  and Xiong, Caiming},
  title         = {Discord Questions: {A} Computational Approach To Diversity Analysis in News
                  Coverage},
  editor        = {Goldberg, Yoav and Kozareva, Zornitsa and Zhang, Yue},
  booktitle     = {Findings of the Association for Computational Linguistics: EMNLP 2022},
  year          = {2022},
  pages         = {5180--5194},
  month         = dec,
  url           = {https://aclanthology.org/2022.findings-emnlp.380},
  doi           = {10.18653/v1/2022.findings-emnlp.380}
}

@InProceedings{Laban:2024:EMNLP,
  author        = {Laban, Philippe and Fabbri, Alexander and Xiong, Caiming and Wu, Chien-Sheng},
  title         = {Summary of a Haystack: {A} Challenge to Long-Context {LLM}s and {RAG} Systems},
  booktitle     = {Proceedings of the 2024 Conference on Empirical Methods in Natural Language
                  Processing},
  year          = {2024},
  pages         = {9885--9903},
  month         = nov,
  url           = {https://aclanthology.org/2024.emnlp-main.552/},
  doi           = {10.18653/v1/2024.emnlp-main.552}
}

@InProceedings{Lam:2024:CHI,
  author        = {Lam, Michelle S. and Teoh, Janice and Landay, James A. and Heer, Jeffrey and
                  Bernstein, Michael S.},
  title         = {Concept Induction: {A}nalyzing Unstructured Text with High-Level Concepts Using
                  {LLooM}},
  booktitle     = {Proceedings of the 2024 CHI Conference on Human Factors in Computing Systems},
  year          = {2024},
  series        = {CHI '24},
  url           = {https://doi.org/10.1145/3613904.3642830},
  doi           = {10.1145/3613904.3642830},
  articleno     = {766}
}

@InProceedings{Li:2021:ws,
  author        = {Li, Haoran and Einolghozati, Arash and Iyer, Srinivasan and Paranjape, Bhargavi
                  and Mehdad, Yashar and Gupta, Sonal and Ghazvininejad, Marjan},
  title         = {{EASE}: {E}xtractive-Abstractive Summarization End-to-End using the Information
                  Bottleneck Principle},
  booktitle     = {Proceedings of the Third Workshop on New Frontiers in Summarization},
  year          = {2021},
  pages         = {85--95},
  month         = nov,
  url           = {https://aclanthology.org/2021.newsum-1.10/},
  doi           = {10.18653/v1/2021.newsum-1.10}
}

@InProceedings{Newman:2023:EMNLP,
  author        = {Newman, Benjamin and Soldaini, Luca and Fok, Raymond and Cohan, Arman and Lo,
                  Kyle},
  title         = {A Question Answering Framework for Decontextualizing User-facing Snippets from
                  Scientific Documents},
  booktitle     = {Proceedings of the 2023 Conference on Empirical Methods in Natural Language
                  Processing},
  year          = {2023},
  pages         = {3194--3212},
  month         = dec,
  url           = {https://aclanthology.org/2023.emnlp-main.193/},
  doi           = {10.18653/v1/2023.emnlp-main.193}
}

@InProceedings{Pham:2024:NAACL,
  author        = {Pham, Chau and Hoyle, Alexander and Sun, Simeng and Resnik, Philip and Iyyer,
                  Mohit},
  title         = {{T}opic{GPT}: {A} Prompt-based Topic Modeling Framework},
  booktitle     = {Proceedings of the 2024 Conference of the North American Chapter of the
                  Association for Computational Linguistics: Human Language Technologies (Volume 1:
                  Long Papers)},
  year          = {2024},
  pages         = {2956--2984},
  month         = jun,
  url           = {https://aclanthology.org/2024.naacl-long.164/},
  doi           = {10.18653/v1/2024.naacl-long.164}
}

@InProceedings{Ravaut:2024:ACL,
  author        = {Ravaut, Mathieu and Sun, Aixin and Chen, Nancy and Joty, Shafiq},
  title         = {On Context Utilization in Summarization with Large Language Models},
  booktitle     = {Proceedings of the 62nd Annual Meeting of the Association for Computational
                  Linguistics (Volume 1: Long Papers)},
  year          = {2024},
  pages         = {2764--2781},
  month         = aug,
  url           = {https://aclanthology.org/2024.acl-long.153/},
  doi           = {10.18653/v1/2024.acl-long.153}
}

@InProceedings{Trienes:2024:ACL,
  author        = {Trienes, Jan and Joseph, Sebastian and Schl{\"o}tterer, J{\"o}rg and Seifert,
                  Christin and Lo, Kyle and Xu, Wei and Wallace, Byron and Li, Junyi Jessy},
  title         = {{I}nfo{L}oss{QA}: {C}haracterizing and Recovering Information Loss in Text
                  Simplification},
  booktitle     = {Proceedings of the 62nd Annual Meeting of the Association for Computational
                  Linguistics (Volume 1: Long Papers)},
  year          = {2024},
  pages         = {4263--4294},
  month         = aug,
  url           = {https://aclanthology.org/2024.acl-long.234/},
  doi           = {10.18653/v1/2024.acl-long.234}
}

@InProceedings{Wang:2023:EMNLP,
  author        = {Wang, Zihan and Shang, Jingbo and Zhong, Ruiqi},
  title         = {Goal-Driven Explainable Clustering via Language Descriptions},
  booktitle     = {Proceedings of the 2023 Conference on Empirical Methods in Natural Language
                  Processing},
  year          = {2023},
  pages         = {10626--10649},
  month         = dec,
  url           = {https://aclanthology.org/2023.emnlp-main.657/},
  doi           = {10.18653/v1/2023.emnlp-main.657}
}

@InProceedings{Wu:2023b:EMNLP,
  author        = {Wu, Yating and Sheffield, William and Mahowald, Kyle and Li, Junyi Jessy},
  title         = {Elaborative Simplification as Implicit Questions Under Discussion},
  booktitle     = {Proceedings of the 2023 Conference on Empirical Methods in Natural Language
                  Processing},
  year          = {2023},
  pages         = {5525--5537},
  month         = dec,
  url           = {https://aclanthology.org/2023.emnlp-main.336/},
  doi           = {10.18653/v1/2023.emnlp-main.336}
}

@Article{Zhang:2024:TACL,
  author        = {Zhang, Tianyi and Ladhak, Faisal and Durmus, Esin and Liang, Percy and McKeown,
                  Kathleen and Hashimoto, Tatsunori B.},
  title         = {Benchmarking Large Language Models for News Summarization},
  journal       = {Transactions of the Association for Computational Linguistics},
  year          = {2024},
  volume        = {12},
  pages         = {39--57},
  address       = {Cambridge, MA},
  publisher     = {MIT Press},
  url           = {https://aclanthology.org/2024.tacl-1.3/},
  doi           = {10.1162/tacl_a_00632}
}

@InProceedings{Zhong:2024:NeurIPS,
  author        = {Ruiqi Zhong and Heng Wang and Dan Klein and Jacob Steinhardt},
  title         = {Explaining Datasets in Words: {S}tatistical Models with Natural Language
                  Parameters},
  booktitle     = {The Thirty-eighth Annual Conference on Neural Information Processing Systems},
  year          = {2024},
  url           = {https://openreview.net/forum?id=u5BkOgWWZW}
}

