@article{adajania2023amswarmx,
  title={AMSwarmX: Safe Swarm Coordination in CompleX Environments via Implicit Non-Convex Decomposition of the Obstacle-Free Space},
  author={Adajania, Vivek K and Zhou, Siqi and Singh, Arun Kumar and Schoellig, Angela P},
  journal={arXiv preprint arXiv:2310.09195},
  year={2023}
}

@inproceedings{augugliaro2012generation,
  title={Generation of collision-free trajectories for a quadrocopter fleet: A sequential convex programming approach},
  author={Augugliaro, Federico and Schoellig, Angela P and D'Andrea, Raffaello},
  booktitle={2012 IEEE/RSJ international conference on Intelligent Robots and Systems},
  pages={1917--1922},
  year={2012},
  organization={IEEE}
}

@article{bry2015aggressive,
  title={Aggressive flight of fixed-wing and quadrotor aircraft in dense indoor environments},
  author={Bry, Adam and Richter, Charles and Bachrach, Abraham and Roy, Nicholas},
  journal={The International Journal of Robotics Research},
  volume={34},
  number={7},
  pages={969--1002},
  year={2015},
  publisher={Sage Publications Sage UK: London, England}
}

@article{bucki2020rectangular,
  title={Rectangular pyramid partitioning using integrated depth sensors (rappids): A fast planner for multicopter navigation},
  author={Bucki, Nathan and Lee, Junseok and Mueller, Mark W},
  journal={IEEE Robotics and Automation Letters},
  volume={5},
  number={3},
  pages={4626--4633},
  year={2020},
  publisher={IEEE}
}

@inproceedings{burri2015real,
  title={Real-time visual-inertial mapping, re-localization and planning onboard mavs in unknown environments},
  author={Burri, Michael and Oleynikova, Helen and Achtelik, Markus W and Siegwart, Roland},
  booktitle={2015 IEEE/RSJ International Conference on Intelligent Robots and Systems (IROS)},
  pages={1872--1878},
  year={2015},
  organization={IEEE}
}

@inproceedings{chen2015decoupled,
  title={Decoupled multiagent path planning via incremental sequential convex programming},
  author={Chen, Yufan and Cutler, Mark and How, Jonathan P},
  booktitle={2015 IEEE International Conference on Robotics and Automation (ICRA)},
  pages={5954--5961},
  year={2015},
  organization={IEEE}
}

@inproceedings{collins2020efficient,
  title={Efficient planning for high-speed mav flight in unknown environments using online sparse topological graphs},
  author={Collins, Matthew and Michael, Nathan},
  booktitle={2020 IEEE International Conference on Robotics and Automation (ICRA)},
  pages={11450--11456},
  year={2020},
  organization={IEEE}
}

@article{fiorini1998motion,
  title={Motion planning in dynamic environments using velocity obstacles},
  author={Fiorini, Paolo and Shiller, Zvi},
  journal={The international journal of robotics research},
  volume={17},
  number={7},
  pages={760--772},
  year={1998},
  publisher={Sage Publications Sage CA: Thousand Oaks, CA}
}

@incollection{florence2020integrated,
  title={Integrated perception and control at high speed: Evaluating collision avoidance maneuvers without maps},
  author={Florence, Pete and Carter, John and Tedrake, Russ},
  booktitle={Algorithmic Foundations of Robotics XII},
  pages={304--319},
  year={2020},
  publisher={Springer}
}

@article{honig2018trajectory,
	title={Trajectory planning for quadrotor swarms},
	author={H{\"o}nig, Wolfgang and Preiss, James A and Kumar, TK Satish and Sukhatme, Gaurav S and Ayanian, Nora},
	journal={IEEE Transactions on Robotics},
	volume={34},
	number={4},
	pages={856--869},
	year={2018},
	publisher={IEEE}
}

@article{hou2022enhanced,
  title={Enhanced Decentralized Autonomous Aerial Robot Teams With Group Planning},
  author={Hou, Jialiang and Zhou, Xin and Gan, Zhongxue and Gao, Fei},
  journal={IEEE Robotics and Automation Letters},
  volume={7},
  number={4},
  pages={9240--9247},
  year={2022},
  publisher={IEEE}
}

@article{kushleyev2013towards,
  title={Towards a swarm of agile micro quadrotors},
  author={Kushleyev, Alex and Mellinger, Daniel and Powers, Caitlin and Kumar, Vijay},
  journal={Autonomous Robots},
  volume={35},
  number={4},
  pages={287--300},
  year={2013},
  publisher={Springer}
}

@article{liu2017planning,
  title={Planning dynamically feasible trajectories for quadrotors using safe flight corridors in 3-d complex environments},
  author={Liu, Sikang and Watterson, Michael and Mohta, Kartik and Sun, Ke and Bhattacharya, Subhrajit and Taylor, Camillo J and Kumar, Vijay},
  journal={IEEE Robotics and Automation Letters},
  volume={2},
  number={3},
  pages={1688--1695},
  year={2017},
  publisher={IEEE}
}

@article{liu2018towards,
  title={Towards search-based motion planning for micro aerial vehicles},
  author={Liu, Sikang and Mohta, Kartik and Atanasov, Nikolay and Kumar, Vijay},
  journal={arXiv preprint arXiv:1810.03071},
  year={2018}
}

@article{luis2019trajectory,
  title={Trajectory generation for multiagent point-to-point transitions via distributed model predictive control},
  author={Luis, Carlos E and Schoellig, Angela P},
  journal={IEEE Robotics and Automation Letters},
  volume={4},
  number={2},
  pages={375--382},
  year={2019},
  publisher={IEEE}
}

@inproceedings{mellinger2011minimum,
  title={Minimum snap trajectory generation and control for quadrotors},
  author={Mellinger, Daniel and Kumar, Vijay},
  booktitle={2011 IEEE international conference on robotics and automation},
  pages={2520--2525},
  year={2011},
  organization={IEEE}
}

@inproceedings{mellinger2012mixed,
  title={Mixed-integer quadratic program trajectory generation for heterogeneous quadrotor teams},
  author={Mellinger, Daniel and Kushleyev, Alex and Kumar, Vijay},
  booktitle={2012 IEEE international conference on robotics and automation},
  pages={477--483},
  year={2012},
  organization={IEEE}
}

@article{mueller2015computationally,
  title={A computationally efficient motion primitive for quadrocopter trajectory generation},
  author={Mueller, Mark W and Hehn, Markus and D'Andrea, Raffaello},
  journal={IEEE transactions on robotics},
  volume={31},
  number={6},
  pages={1294--1310},
  year={2015},
  publisher={IEEE}
}

@inproceedings{park2020efficient,
	title={Efficient multi-agent trajectory planning with feasibility guarantee using relative bernstein polynomial},
	author={Park, Jungwon and Kim, Junha and Jang, Inkyu and Kim, H Jin},
	booktitle={2020 IEEE International Conference on Robotics and Automation (ICRA)},
	pages={434--440},
	year={2020},
	organization={IEEE}
}

@inproceedings{reynolds1987flocks,
  title={Flocks, herds and schools: A distributed behavioral model},
  author={Reynolds, Craig W},
  booktitle={Proceedings of the 14th annual conference on Computer graphics and interactive techniques},
  pages={25--34},
  year={1987}
}

@inproceedings{ryll2019efficient,
  title={Efficient trajectory planning for high speed flight in unknown environments},
  author={Ryll, Markus and Ware, John and Carter, John and Roy, Nick},
  booktitle={2019 International conference on robotics and automation (ICRA)},
  pages={732--738},
  year={2019},
  organization={IEEE}
}

@article{sun2021fast,
  title={Fast UAV trajectory optimization using bilevel optimization with analytical gradients},
  author={Sun, Weidong and Tang, Gao and Hauser, Kris},
  journal={IEEE Transactions on Robotics},
  volume={37},
  number={6},
  pages={2010--2024},
  year={2021},
  publisher={IEEE}
}

@article{tordesillas2021mader,
	title={MADER: Trajectory Planner in Multiagent and Dynamic Environments},
	author={Tordesillas, Jesus and How, Jonathan P},
	journal={IEEE Transactions on Robotics},
	year={2021},
	publisher={IEEE}
}

@inproceedings{van2008reciprocal,
  title={Reciprocal velocity obstacles for real-time multi-agent navigation},
  author={Van den Berg, Jur and Lin, Ming and Manocha, Dinesh},
  booktitle={2008 IEEE international conference on robotics and automation},
  pages={1928--1935},
  year={2008},
  organization={Ieee}
}

@inproceedings{van2011reciprocal,
  title={Reciprocal n-body collision avoidance},
  author={Van Den Berg, Jur and Guy, Stephen J and Lin, Ming and Manocha, Dinesh},
  booktitle={Robotics Research: The 14th International Symposium ISRR},
  pages={3--19},
  year={2011},
  organization={Springer}
}

@article{vasarhelyi2018optimized,
  title={Optimized flocking of autonomous drones in confined environments},
  author={V{\'a}s{\'a}rhelyi, G{\'a}bor and Vir{\'a}gh, Csaba and Somorjai, Gerg{\H{o}} and Nepusz, Tam{\'a}s and Eiben, Agoston E and Vicsek, Tam{\'a}s},
  journal={Science Robotics},
  volume={3},
  number={20},
  pages={eaat3536},
  year={2018},
  publisher={American Association for the Advancement of Science}
}

@article{wang2022geometrically,
  title={Geometrically constrained trajectory optimization for multicopters},
  author={Wang, Zhepei and Zhou, Xin and Xu, Chao and Gao, Fei},
  journal={IEEE Transactions on Robotics},
  volume={38},
  number={5},
  pages={3259--3278},
  year={2022},
  publisher={IEEE}
}

@inproceedings{yang2021intention,
  title={An intention guided hierarchical framework for trajectory-based teleoperation of mobile robots},
  author={Yang, Xuning and Cheng, Jasmine and Michael, Nathan},
  booktitle={2021 IEEE International Conference on Robotics and Automation (ICRA)},
  pages={482--488},
  year={2021},
  organization={IEEE}
}

@article{zhang2020falco,
  title={Falco: Fast likelihood-based collision avoidance with extension to human-guided navigation},
  author={Zhang, Ji and Hu, Chen and Chadha, Rushat Gupta and Singh, Sanjiv},
  journal={Journal of Field Robotics},
  volume={37},
  number={8},
  pages={1300--1313},
  year={2020},
  publisher={Wiley Online Library}
}

@inproceedings{zhou2021ego,
  title={Ego-swarm: A fully autonomous and decentralized quadrotor swarm system in cluttered environments},
  author={Zhou, Xin and Zhu, Jiangchao and Zhou, Hongyu and Xu, Chao and Gao, Fei},
  booktitle={2021 IEEE international conference on robotics and automation (ICRA)},
  pages={4101--4107},
  year={2021},
  organization={IEEE}
}

@article{zhou2022swarm,
  title={Swarm of micro flying robots in the wild},
  author={Zhou, Xin and Wen, Xiangyong and Wang, Zhepei and Gao, Yuman and Li, Haojia and Wang, Qianhao and Yang, Tiankai and Lu, Haojian and Cao, Yanjun and Xu, Chao and others},
  journal={Science Robotics},
  volume={7},
  number={66},
  pages={eabm5954},
  year={2022},
  publisher={American Association for the Advancement of Science}
}

