@article{chung2018survey,
  title={A survey on aerial swarm robotics},
  author={Chung, Soon-Jo and Paranjape, Aditya Avinash and Dames, Philip and Shen, Shaojie and Kumar, Vijay},
  journal={IEEE Transactions on Robotics},
  volume={34},
  number={4},
  pages={837--855},
  year={2018},
  publisher={IEEE}
}

@article{abdelkader2021aerial,
  title={Aerial swarms: Recent applications and challenges},
  author={Abdelkader, Mohamed and G{\"u}ler, Samet and Jaleel, Hassan and Shamma, Jeff S},
  journal={Current robotics reports},
  volume={2},
  pages={309--320},
  year={2021},
  publisher={Springer}
}

@article{yang2018grand,
  title={The grand challenges of science robotics},
  author={Yang, Guang-Zhong and Bellingham, Jim and Dupont, Pierre E and Fischer, Peer and Floridi, Luciano and Full, Robert and Jacobstein, Neil and Kumar, Vijay and McNutt, Marcia and Merrifield, Robert and others},
  journal={Science robotics},
  volume={3},
  number={14},
  pages={eaar7650},
  year={2018},
  publisher={American Association for the Advancement of Science}
}

@inproceedings{reynolds1987flocks,
  title={Flocks, herds and schools: A distributed behavioral model},
  author={Reynolds, Craig W},
  booktitle={Proceedings of the 14th annual conference on Computer graphics and interactive techniques},
  pages={25--34},
  year={1987}
}

@article{vasarhelyi2018optimized,
  title={Optimized flocking of autonomous drones in confined environments},
  author={V{\'a}s{\'a}rhelyi, G{\'a}bor and Vir{\'a}gh, Csaba and Somorjai, Gerg{\H{o}} and Nepusz, Tam{\'a}s and Eiben, Agoston E and Vicsek, Tam{\'a}s},
  journal={Science Robotics},
  volume={3},
  number={20},
  pages={eaat3536},
  year={2018},
  publisher={American Association for the Advancement of Science}
}


@article{fiorini1998motion,
  title={Motion planning in dynamic environments using velocity obstacles},
  author={Fiorini, Paolo and Shiller, Zvi},
  journal={The international journal of robotics research},
  volume={17},
  number={7},
  pages={760--772},
  year={1998},
  publisher={Sage Publications Sage CA: Thousand Oaks, CA}
}

@inproceedings{van2008reciprocal,
  title={Reciprocal velocity obstacles for real-time multi-agent navigation},
  author={Van den Berg, Jur and Lin, Ming and Manocha, Dinesh},
  booktitle={2008 IEEE international conference on robotics and automation},
  pages={1928--1935},
  year={2008},
  organization={Ieee}
}

@inproceedings{van2011reciprocal,
  title={Reciprocal n-body collision avoidance},
  author={Van Den Berg, Jur and Guy, Stephen J and Lin, Ming and Manocha, Dinesh},
  booktitle={Robotics Research: The 14th International Symposium ISRR},
  pages={3--19},
  year={2011},
  organization={Springer}
}

@inproceedings{augugliaro2012generation,
  title={Generation of collision-free trajectories for a quadrocopter fleet: A sequential convex programming approach},
  author={Augugliaro, Federico and Schoellig, Angela P and D'Andrea, Raffaello},
  booktitle={2012 IEEE/RSJ international conference on Intelligent Robots and Systems},
  pages={1917--1922},
  year={2012},
  organization={IEEE}
}

@inproceedings{mellinger2012mixed,
  title={Mixed-integer quadratic program trajectory generation for heterogeneous quadrotor teams},
  author={Mellinger, Daniel and Kushleyev, Alex and Kumar, Vijay},
  booktitle={2012 IEEE international conference on robotics and automation},
  pages={477--483},
  year={2012},
  organization={IEEE}
}

@article{kushleyev2013towards,
  title={Towards a swarm of agile micro quadrotors},
  author={Kushleyev, Alex and Mellinger, Daniel and Powers, Caitlin and Kumar, Vijay},
  journal={Autonomous Robots},
  volume={35},
  number={4},
  pages={287--300},
  year={2013},
  publisher={Springer}
}

@article{honig2018trajectory,
	title={Trajectory planning for quadrotor swarms},
	author={H{\"o}nig, Wolfgang and Preiss, James A and Kumar, TK Satish and Sukhatme, Gaurav S and Ayanian, Nora},
	journal={IEEE Transactions on Robotics},
	volume={34},
	number={4},
	pages={856--869},
	year={2018},
	publisher={IEEE}
}

@inproceedings{park2020efficient,
	title={Efficient multi-agent trajectory planning with feasibility guarantee using relative bernstein polynomial},
	author={Park, Jungwon and Kim, Junha and Jang, Inkyu and Kim, H Jin},
	booktitle={2020 IEEE International Conference on Robotics and Automation (ICRA)},
	pages={434--440},
	year={2020},
	organization={IEEE}
}

@inproceedings{chen2015decoupled,
  title={Decoupled multiagent path planning via incremental sequential convex programming},
  author={Chen, Yufan and Cutler, Mark and How, Jonathan P},
  booktitle={2015 IEEE International Conference on Robotics and Automation (ICRA)},
  pages={5954--5961},
  year={2015},
  organization={IEEE}
}

@article{luis2019trajectory,
  title={Trajectory generation for multiagent point-to-point transitions via distributed model predictive control},
  author={Luis, Carlos E and Schoellig, Angela P},
  journal={IEEE Robotics and Automation Letters},
  volume={4},
  number={2},
  pages={375--382},
  year={2019},
  publisher={IEEE}
}

@article{liu2018towards,
  title={Towards search-based motion planning for micro aerial vehicles},
  author={Liu, Sikang and Mohta, Kartik and Atanasov, Nikolay and Kumar, Vijay},
  journal={arXiv preprint arXiv:1810.03071},
  year={2018}
}


@article{tordesillas2021mader,
	title={MADER: Trajectory Planner in Multiagent and Dynamic Environments},
	author={Tordesillas, Jesus and How, Jonathan P},
	journal={IEEE Transactions on Robotics},
	year={2021},
	publisher={IEEE}
}

@article{zhou2020ego,
  title={Ego-planner: An esdf-free gradient-based local planner for quadrotors},
  author={Zhou, Xin and Wang, Zhepei and Ye, Hongkai and Xu, Chao and Gao, Fei},
  journal={IEEE Robotics and Automation Letters},
  volume={6},
  number={2},
  pages={478--485},
  year={2020},
  publisher={IEEE}
}

@inproceedings{zhou2021ego,
  title={Ego-swarm: A fully autonomous and decentralized quadrotor swarm system in cluttered environments},
  author={Zhou, Xin and Zhu, Jiangchao and Zhou, Hongyu and Xu, Chao and Gao, Fei},
  booktitle={2021 IEEE international conference on robotics and automation (ICRA)},
  pages={4101--4107},
  year={2021},
  organization={IEEE}
}

@article{zhou2022swarm,
  title={Swarm of micro flying robots in the wild},
  author={Zhou, Xin and Wen, Xiangyong and Wang, Zhepei and Gao, Yuman and Li, Haojia and Wang, Qianhao and Yang, Tiankai and Lu, Haojian and Cao, Yanjun and Xu, Chao and others},
  journal={Science Robotics},
  volume={7},
  number={66},
  pages={eabm5954},
  year={2022},
  publisher={American Association for the Advancement of Science}
}


@article{zhang2020falco,
  title={Falco: Fast likelihood-based collision avoidance with extension to human-guided navigation},
  author={Zhang, Ji and Hu, Chen and Chadha, Rushat Gupta and Singh, Sanjiv},
  journal={Journal of Field Robotics},
  volume={37},
  number={8},
  pages={1300--1313},
  year={2020},
  publisher={Wiley Online Library}
}

@article{mueller2015computationally,
  title={A computationally efficient motion primitive for quadrocopter trajectory generation},
  author={Mueller, Mark W and Hehn, Markus and D'Andrea, Raffaello},
  journal={IEEE transactions on robotics},
  volume={31},
  number={6},
  pages={1294--1310},
  year={2015},
  publisher={IEEE}
}

@inproceedings{ryll2019efficient,
  title={Efficient trajectory planning for high speed flight in unknown environments},
  author={Ryll, Markus and Ware, John and Carter, John and Roy, Nick},
  booktitle={2019 International conference on robotics and automation (ICRA)},
  pages={732--738},
  year={2019},
  organization={IEEE}
}

@article{bucki2020rectangular,
  title={Rectangular pyramid partitioning using integrated depth sensors (rappids): A fast planner for multicopter navigation},
  author={Bucki, Nathan and Lee, Junseok and Mueller, Mark W},
  journal={IEEE Robotics and Automation Letters},
  volume={5},
  number={3},
  pages={4626--4633},
  year={2020},
  publisher={IEEE}
}

@inproceedings{yang2021intention,
  title={An intention guided hierarchical framework for trajectory-based teleoperation of mobile robots},
  author={Yang, Xuning and Cheng, Jasmine and Michael, Nathan},
  booktitle={2021 IEEE International Conference on Robotics and Automation (ICRA)},
  pages={482--488},
  year={2021},
  organization={IEEE}
}

@inproceedings{collins2020efficient,
  title={Efficient planning for high-speed mav flight in unknown environments using online sparse topological graphs},
  author={Collins, Matthew and Michael, Nathan},
  booktitle={2020 IEEE International Conference on Robotics and Automation (ICRA)},
  pages={11450--11456},
  year={2020},
  organization={IEEE}
}

@incollection{florence2020integrated,
  title={Integrated perception and control at high speed: Evaluating collision avoidance maneuvers without maps},
  author={Florence, Pete and Carter, John and Tedrake, Russ},
  booktitle={Algorithmic Foundations of Robotics XII},
  pages={304--319},
  year={2020},
  publisher={Springer}
}

@article{pham2018new,
  title={A new approach to time-optimal path parameterization based on reachability analysis},
  author={Pham, Hung and Pham, Quang-Cuong},
  journal={IEEE Transactions on Robotics},
  volume={34},
  number={3},
  pages={645--659},
  year={2018},
  publisher={IEEE}
}

@article{verscheure2009time,
  title={Time-optimal path tracking for robots: A convex optimization approach},
  author={Verscheure, Diederik and Demeulenaere, Bram and Swevers, Jan and De Schutter, Joris and Diehl, Moritz},
  journal={IEEE Transactions on Automatic Control},
  volume={54},
  number={10},
  pages={2318--2327},
  year={2009},
  publisher={IEEE}
}

@article{hauser2014fast,
  title={Fast interpolation and time-optimization with contact},
  author={Hauser, Kris},
  journal={The International Journal of Robotics Research},
  volume={33},
  number={9},
  pages={1231--1250},
  year={2014},
  publisher={SAGE Publications Sage UK: London, England}
}

@article{pham2014general,
  title={A general, fast, and robust implementation of the time-optimal path parameterization algorithm},
  author={Pham, Quang-Cuong},
  journal={IEEE Transactions on Robotics},
  volume={30},
  number={6},
  pages={1533--1540},
  year={2014},
  publisher={IEEE}
}

@article{ivanovic2022parabolic,
  title={Parabolic Airdrop Trajectory Planning for Multirotor Unmanned Aerial Vehicles},
  author={Ivanovic, Antun and Orsag, Matko},
  journal={IEEE Access},
  volume={10},
  pages={36907--36923},
  year={2022},
  publisher={IEEE}
}


@article{vitter1984faster,
  title={Faster methods for random sampling},
  author={Vitter, Jeffrey Scott},
  journal={Communications of the ACM},
  volume={27},
  number={7},
  pages={703--718},
  year={1984},
  publisher={ACM New York, NY, USA}
}

@article{seidel1991small,
  title={Small-dimensional linear programming and convex hulls made easy},
  author={Seidel, Raimund},
  journal={Discrete \& Computational Geometry},
  volume={6},
  number={3},
  pages={423--434},
  year={1991},
  publisher={Springer}
}

@inproceedings{ji2021mapless,
  title={Mapless-planner: A robust and fast planning framework for aggressive autonomous flight without map fusion},
  author={Ji, Jialin and Wang, Zhepei and Wang, Yingjian and Xu, Chao and Gao, Fei},
  booktitle={2021 IEEE International Conference on Robotics and Automation (ICRA)},
  pages={6315--6321},
  year={2021},
  organization={IEEE}
}

@inproceedings{zhou2020robust,
  title={Robust real-time uav replanning using guided gradient-based optimization and topological paths},
  author={Zhou, Boyu and Gao, Fei and Pan, Jie and Shen, Shaojie},
  booktitle={2020 IEEE International Conference on Robotics and Automation (ICRA)},
  pages={1208--1214},
  year={2020},
  organization={IEEE}
}

@article{liu2017planning,
  title={Planning dynamically feasible trajectories for quadrotors using safe flight corridors in 3-d complex environments},
  author={Liu, Sikang and Watterson, Michael and Mohta, Kartik and Sun, Ke and Bhattacharya, Subhrajit and Taylor, Camillo J and Kumar, Vijay},
  journal={IEEE Robotics and Automation Letters},
  volume={2},
  number={3},
  pages={1688--1695},
  year={2017},
  publisher={IEEE}
}

@article{hou2022enhanced,
  title={Enhanced Decentralized Autonomous Aerial Robot Teams With Group Planning},
  author={Hou, Jialiang and Zhou, Xin and Gan, Zhongxue and Gao, Fei},
  journal={IEEE Robotics and Automation Letters},
  volume={7},
  number={4},
  pages={9240--9247},
  year={2022},
  publisher={IEEE}
}

@inproceedings{mellinger2011minimum,
  title={Minimum snap trajectory generation and control for quadrotors},
  author={Mellinger, Daniel and Kumar, Vijay},
  booktitle={2011 IEEE international conference on robotics and automation},
  pages={2520--2525},
  year={2011},
  organization={IEEE}
}

@inproceedings{lee2010geometric,
  title={Geometric tracking control of a quadrotor UAV on SE (3)},
  author={Lee, Taeyoung and Leok, Melvin and McClamroch, N Harris},
  booktitle={49th IEEE conference on decision and control (CDC)},
  pages={5420--5425},
  year={2010},
  organization={IEEE}
}

@article{qin2018vins,
  title={Vins-mono: A robust and versatile monocular visual-inertial state estimator},
  author={Qin, Tong and Li, Peiliang and Shen, Shaojie},
  journal={IEEE Transactions on Robotics},
  volume={34},
  number={4},
  pages={1004--1020},
  year={2018},
  publisher={IEEE}
}

@article{wang2022certifiably,
  title={Certifiably optimal mutual localization with anonymous bearing measurements},
  author={Wang, Yingjian and Wen, Xiangyong and Yin, Longji and Xu, Chao and Cao, Yanjun and Gao, Fei},
  journal={IEEE Robotics and Automation Letters},
  volume={7},
  number={4},
  pages={9374--9381},
  year={2022},
  publisher={IEEE}
}

@inproceedings{nguyen2020vision,
  title={Vision-based multi-MAV localization with anonymous relative measurements using coupled probabilistic data association filter},
  author={Nguyen, Ty and Mohta, Kartik and Taylor, Camillo J and Kumar, Vijay},
  booktitle={2020 IEEE International Conference on Robotics and Automation (ICRA)},
  pages={3349--3355},
  year={2020},
  organization={IEEE}
}

@inproceedings{meier2015px4,
  title={PX4: A node-based multithreaded open source robotics framework for deeply embedded platforms},
  author={Meier, Lorenz and Honegger, Dominik and Pollefeys, Marc},
  booktitle={2015 IEEE international conference on robotics and automation (ICRA)},
  pages={6235--6240},
  year={2015},
  organization={IEEE}
}

@article{wang2022geometrically,
  title={Geometrically constrained trajectory optimization for multicopters},
  author={Wang, Zhepei and Zhou, Xin and Xu, Chao and Gao, Fei},
  journal={IEEE Transactions on Robotics},
  volume={38},
  number={5},
  pages={3259--3278},
  year={2022},
  publisher={IEEE}
}

@article{sun2021fast,
  title={Fast UAV trajectory optimization using bilevel optimization with analytical gradients},
  author={Sun, Weidong and Tang, Gao and Hauser, Kris},
  journal={IEEE Transactions on Robotics},
  volume={37},
  number={6},
  pages={2010--2024},
  year={2021},
  publisher={IEEE}
}

@article{bry2015aggressive,
  title={Aggressive flight of fixed-wing and quadrotor aircraft in dense indoor environments},
  author={Bry, Adam and Richter, Charles and Bachrach, Abraham and Roy, Nicholas},
  journal={The International Journal of Robotics Research},
  volume={34},
  number={7},
  pages={969--1002},
  year={2015},
  publisher={Sage Publications Sage UK: London, England}
}

@inproceedings{burri2015real,
  title={Real-time visual-inertial mapping, re-localization and planning onboard mavs in unknown environments},
  author={Burri, Michael and Oleynikova, Helen and Achtelik, Markus W and Siegwart, Roland},
  booktitle={2015 IEEE/RSJ International Conference on Intelligent Robots and Systems (IROS)},
  pages={1872--1878},
  year={2015},
  organization={IEEE}
}

@article{decastro2018collision,
  title={Collision-free reactive mission and motion planning for multi-robot systems},
  author={DeCastro, Jonathan A and Alonso-Mora, Javier and Raman, Vasumathi and Rus, Daniela and Kress-Gazit, Hadas},
  journal={Robotics Research: Volume 1},
  pages={459--476},
  year={2018},
  publisher={Springer}
}

@article{alonso2015collision,
  title={Collision avoidance for aerial vehicles in multi-agent scenarios},
  author={Alonso-Mora, Javier and Naegeli, Tobias and Siegwart, Roland and Beardsley, Paul},
  journal={Autonomous Robots},
  volume={39},
  pages={101--121},
  year={2015},
  publisher={Springer}
}

@article{kondo2023robust,
  title={Robust mader: Decentralized multiagent trajectory planner robust to communication delay in dynamic environments},
  author={Kondo, Kota and Figueroa, Reinaldo and Rached, Juan and Tordesillas, Jesus and Lusk, Parker C and How, Jonathan P},
  journal={IEEE Robotics and Automation Letters},
  year={2023},
  publisher={IEEE}
}

@article{brown2014building,
  title={Building a balanced kd tree in o (kn log n) time},
  author={Brown, Russell A},
  journal={arXiv preprint arXiv:1410.5420},
  year={2014}
}

@article{adajania2023amswarmx,
  title={AMSwarmX: Safe Swarm Coordination in CompleX Environments via Implicit Non-Convex Decomposition of the Obstacle-Free Space},
  author={Adajania, Vivek K and Zhou, Siqi and Singh, Arun Kumar and Schoellig, Angela P},
  journal={arXiv preprint arXiv:2310.09195},
  year={2023}
}

@article{2017Differential,
  title={Differential Flatness of Quadrotor Dynamics Subject to Rotor Drag for Accurate Tracking of High-Speed Trajectories},
  author={ Faessler, Matthias  and  Franchi, Antonio  and  Scaramuzza, Davide },
  journal={IEEE Robotics and Automation Letters},
  volume={3},
  number={2},
  pages={620-626},
  year={2017},
}
