@article{Amantidis2023,
title = {Fair division of indivisible goods: Recent progress and open questions},
journal = {Artificial Intelligence},
volume = {322},
pages = {103965},
year = {2023},
issn = {0004-3702},
doi = {https://doi.org/10.1016/j.artint.2023.103965},
url = {https://www.sciencedirect.com/science/article/pii/S000437022300111X},
author = {Georgios Amanatidis and Haris Aziz and Georgios Birmpas and et al.},
}

@article{Aziz2020,
author = {Aziz, Haris and Bogomolnaia, Anna and Moulin, Herv\'{e}},
title = {Fair Mixing: The Case of Dichotomous Preferences},
year = {2020},
issue_date = {November 2020},
address = {New York, NY, USA},
volume = {8},
number = {4},
issn = {2167-8375},
url = {https://doi.org/10.1145/3417738},
doi = {10.1145/3417738},
journal = {ACM Trans. Econ. Comput.},
month = {oct},
articleno = {18},
numpages = {27},
}

@article{Baker2021,
author = {Baker, Ryan and Hawn, Aaron},
year = {2021},
month = {11},
pages = {},
title = {Algorithmic Bias in Education},
volume = {32},
journal = {International Journal of Artificial Intelligence in Education},
doi = {10.1007/s40593-021-00285-9}
}

@inproceedings{Barman2023,
author = {Barman, Siddharth and Khan, Arindam and Maiti, Arnab and Sawarni, Ayush},
title = {Fairness and welfare quantification for regret in multi-armed bandits},
year = {2023},
isbn = {978-1-57735-880-0},
url = {https://doi.org/10.1609/aaai.v37i6.25829},
doi = {10.1609/aaai.v37i6.25829},
articleno = {760},
numpages = {8},
booktitle = {AAAI'23/IAAI'23/EAAI'23},
series = {AAAI'23/IAAI'23/EAAI'23}
}

@article{Berk2019,
author = {Berk, Richard},
title = {Accuracy and Fairness for Juvenile Justice Risk Assessments},
journal = {Journal of Empirical Legal Studies},
volume = {16},
number = {1},
pages = {175-194},
doi = {https://doi.org/10.1111/jels.12206},
url = {https://onlinelibrary.wiley.com/doi/abs/10.1111/jels.12206},
year = {2019}
}

@INPROCEEDINGS{Bouneffouf2020,
author={Bouneffouf, Djallel and Rish, Irina and Aggarwal, Charu},
booktitle={2020 IEEE Congress on Evolutionary Computation (CEC)}, 
title={Survey on Applications of Multi-Armed and Contextual Bandits}, 
year={2020},
volume={},
number={},
pages={1-8},
doi={10.1109/CEC48606.2020.9185782}}

@inproceedings{Boutilier2012,
author = {Boutilier, Craig and Caragiannis, Ioannis and Haber, Simi and Lu, Tyler and Procaccia, Ariel D. and Sheffet, Or},
title = {Optimal social choice functions: a utilitarian view},
year = {2012},
isbn = {9781450314152},
url = {https://doi.org/10.1145/2229012.2229030},
doi = {10.1145/2229012.2229030},
pages = {197–214},
numpages = {18},
series = {EC '12}
}

@article{Budish2011,
author = {Budish, Eric},
title = {The Combinatorial Assignment Problem: Approximate Competitive Equilibrium from Equal Incomes},
journal = {Journal of Political Economy},
volume = {119},
number = {6},
pages = {1061-1103},
year = {2011},
doi = {10.1086/664613},
URL = {https://doi.org/10.1086/664613
},
}

@article{Caragiannis2011,
author = {Caragiannis, Ioannis and Procaccia, Ariel D.},
title = {Voting almost maximizes social welfare despite limited communication},
year = {2011},
issue_date = {June, 2011},
volume = {175},
number = {9–10},
issn = {0004-3702},
url = {https://doi.org/10.1016/j.artint.2011.03.005},
doi = {10.1016/j.artint.2011.03.005},
journal = {Artificial Intelligence},
month = {jun},
pages = {1655–1671},
numpages = {17},
}

@article{Caragiannis2017,
author = {Caragiannis, Ioannis and Nath, Swaprava and Procaccia, Ariel D. and Shah, Nisarg},
title = {Subset selection via implicit utilitarian voting},
year = {2017},
issue_date = {January 2017},
volume = {58},
number = {1},
issn = {1076-9757},
url = {https://doi.org/10.1613/jair.5282},
doi = {10.1613/jair.5282},
journal = {J. Artif. Int. Res.},
month = {jan},
pages = {123–152},
numpages = {30}
}

@article{Caragiannis2019,
author = {Caragiannis, Ioannis and Kurokawa, David and Moulin et al.},
title = {The Unreasonable Fairness of Maximum Nash Welfare},
year = {2019},
issue_date = {August 2019},
volume = {7},
number = {3},
issn = {2167-8375},
url = {https://doi.org/10.1145/3355902},
doi = {10.1145/3355902},
journal = {ACM Trans. Econ. Comput.},
month = {sep},
articleno = {12},
numpages = {32},
}

@InProceedings{Chi2022,
title = {Towards Return Parity in Markov Decision Processes },
author = {Chi, Jianfeng and Shen, Jian and Dai, Xinyi and et al.},
pages = {1161--1178},
year = {2022},
editor = {Camps-Valls, Gustau and Ruiz, Francisco J. R. and Valera, Isabel},
volume = {151},
month = {28--30 Mar},
publisher = {PMLR},
pdf = {https://proceedings.mlr.press/v151/chi22a/chi22a.pdf},
url = {https://proceedings.mlr.press/v151/chi22a.html},
}

@misc{Chouldechova2016,
title={Fair prediction with disparate impact: A study of bias in recidivism prediction instruments}, 
author={Alexandra Chouldechova},
year={2016},
eprint={1610.07524},
archivePrefix={arXiv},
primaryClass={stat.AP},
url={https://arxiv.org/abs/1610.07524}, 
}

@article{Debove2016,
title = {Models of the evolution of fairness in the ultimatum game: a review and classification},
journal = {Evolution and Human Behavior},
volume = {37},
number = {3},
pages = {245-254},
year = {2016},
issn = {1090-5138},
doi = {https://doi.org/10.1016/j.evolhumbehav.2016.01.001},
url = {https://www.sciencedirect.com/science/article/pii/S1090513816000039},
author = {Stéphane Debove and Nicolas Baumard and Jean-Baptiste André},
}

@inproceedings{Ebadian2022,
author = {Ebadian, Soroush and Kahng, Anson and Peters, Dominik and Shah, Nisarg},
title = {Optimized Distortion and Proportional Fairness in Voting},
year = {2022},
isbn = {9781450391504},
url = {https://doi.org/10.1145/3490486.3538339},
doi = {10.1145/3490486.3538339},
pages = {563–600},
numpages = {38},
keywords = {voting, social welfare, proportional fairness, participatory budgeting, distortion, core, computational social choice, Nash welfare},
series = {EC '22}
}

@misc{Friedler2016,
  title={On the (im)possibility of fairness}, 
  author={Sorelle A. Friedler and Carlos Scheidegger and Suresh Venkatasubramanian},
  year={2016},
  eprint={1609.07236},
  archivePrefix={arXiv},
  primaryClass={cs.CY},
  url={https://arxiv.org/abs/1609.07236}, 
}

@article{Giovanola2022,
author = {Giovanola, Benedetta and Tiribelli, Simona},
title = {Beyond bias and discrimination: redefining the AI ethics principle of fairness in healthcare machine-learning algorithms},
year = {2022},
issue_date = {Apr 2023},
volume = {38},
number = {2},
issn = {0951-5666},
url = {https://doi.org/10.1007/s00146-022-01455-6},
doi = {10.1007/s00146-022-01455-6},
journal = {AI Soc.},
month = {may},
pages = {549–563},
numpages = {15},
keywords = {Fairness, Healthcare machine-learning algorithms, Bias, Discrimination, Ethics of algorithms, Respect}
}

@article{Guth2014,
title = {More than thirty years of ultimatum bargaining experiments: Motives, variations, and a survey of the recent literature},
journal = {Journal of Economic Behavior \& Organization},
volume = {108},
pages = {396-409},
year = {2014},
issn = {0167-2681},
doi = {https://doi.org/10.1016/j.jebo.2014.06.006},
url = {https://www.sciencedirect.com/science/article/pii/S0167268114001759},
author = {Werner Güth and Martin G. Kocher},
}

@inproceedings{Hardt2016,
author = {Hardt, Moritz and Price, Eric and Srebro, Nathan},
title = {Equality of opportunity in supervised learning},
year = {2016},
isbn = {9781510838819},
address = {Red Hook, NY, USA},
pages = {3323–3331},
numpages = {9},
location = {Barcelona, Spain},
series = {NIPS'16}
}

@misc{Høgsgaard2023,
title={Optimally Interpolating between Ex-Ante Fairness and Welfare}, 
author={Mikael Møller Høgsgaard and Panagiotis Karras and Wenyue Ma and  et al.},
year={2023},
eprint={2302.03071},
archivePrefix={arXiv},
primaryClass={cs.GT},
url={https://arxiv.org/abs/2302.03071}, 
}

@InProceedings{Jabbari2017,
title = {Fairness in Reinforcement Learning},
author = {Shahin Jabbari and Matthew Joseph and Michael Kearns and Jamie Morgenstern and Aaron Roth},
pages = {1617--1626},
year = {2017},
volume = {70},
publisher = {PMLR},
url = {https://proceedings.mlr.press/v70/jabbari17a.html}
}

@inbook{Jiang2019,
author = {Jiang, Jiechuan and Lu, Zongqing},
title = {Learning fairness in multi-agent systems},
year = {2019},
publisher = {Curran Associates Inc.},
address = {Red Hook, NY, USA},
booktitle = {Proceedings of the 33rd International Conference on Neural Information Processing Systems},
articleno = {1241},
numpages = {12}
}

@article{Jones2023, 
title={An Efficient Algorithm for Fair Multi-Agent Multi-Armed Bandit with Low Regret}, 
volume={37}, url={https://ojs.aaai.org/index.php/AAAI/article/view/25985}, 
DOI={10.1609/aaai.v37i7.25985}, 
number={7}, 
journal={AAAI'23}, 
author={Jones, Matthew and Nguyen, Huy and Nguyen, Thy}, 
year={2023}, 
month={Jun.}, 
pages={8159-8167} 
}

@inproceedings{Joseph2016,
 author = {Joseph, Matthew and Kearns, Michael and Morgenstern, Jamie H and Roth, Aaron},
 booktitle = {NIPS'16},
 pages = {},
 title = {Fairness in Learning: Classic and Contextual Bandits},
 url = {https://proceedings.neurips.cc/paper_files/paper/2016/file/eb163727917cbba1eea208541a643e74-Paper.pdf},
 volume = {29},
 year = {2016}
}

@inproceedings{Ju2024,
title={Achieving Fairness in Multi-Agent {MDP} Using Reinforcement Learning},
author={Peizhong Ju and Arnob Ghosh and Ness Shroff},
booktitle={ICLR},
year={2024},
url={https://openreview.net/forum?id=yoVq2BGQdP}
}

@InProceedings{Kamishima2012,
author="Kamishima, Toshihiro
and Akaho, Shotaro
and Asoh, Hideki
and Sakuma, Jun",
title="Fairness-Aware Classifier with Prejudice Remover Regularizer",
booktitle="ECML PKDD",
year="2012",
pages="35--50",
isbn="978-3-642-33486-3"
}

@article{Kaplow2003,
author = {Kaplow, Louis and Shavell, Steven},
title = {Fairness versus Welfare: Notes on the Pareto Principle, Preferences, and Distributive Justice},
journal = {The Journal of Legal Studies},
volume = {32},
number = {1},
pages = {331-362},
year = {2003},
doi = {10.1086/345679},
URL = {https://doi.org/10.1086/345679},
eprint = {https://doi.org/10.1086/345679
}
}

@article{Kozodoi2022,
title = {Fairness in credit scoring: Assessment, implementation and profit implications},
journal = {European Journal of Operational Research},
volume = {297},
number = {3},
pages = {1083-1094},
year = {2022},
issn = {0377-2217},
doi = {https://doi.org/10.1016/j.ejor.2021.06.023},
url = {https://www.sciencedirect.com/science/article/pii/S0377221721005385},
author = {Nikita Kozodoi and Johannes Jacob and Stefan Lessmann},
}

@misc{Kusner2018,
title={Counterfactual Fairness}, 
author={Matt J. Kusner and Joshua R. Loftus and Chris Russell and Ricardo Silva},
year={2018},
eprint={1703.06856},
archivePrefix={arXiv},
primaryClass={stat.ML},
url={https://arxiv.org/abs/1703.06856}, 
}

@ARTICLE{Li2020,
author={Li, Fengjiao and Liu, Jia and Ji, Bo},
journal={IEEE Transactions on Network Science and Engineering}, 
title={Combinatorial Sleeping Bandits With Fairness Constraints}, 
year={2020},
volume={7},
number={3},
pages={1799-1813},
keywords={Stochastic processes;Resource management;Wireless communication;Optimization;Face;Simulation;Convergence;Multi-armed bandit (MAB);combinatorial sleeping bandits;fairness;Upper Confidence Bound (UCB);virtual queue;Lyapunov drift;regret analysis.},
doi={10.1109/TNSE.2019.2954310}}

@Inbook{Lindner2016,
author="Lindner, Claudia
and Rothe, J{\"o}rg",
title="Cake-Cutting: Fair Division of Divisible Goods",
bookTitle="Economics and Computation: An Introduction to Algorithmic Game Theory, Computational Social Choice, and Fair Division",
year="2016",
publisher="Springer Berlin Heidelberg",
pages="395--491",
isbn="978-3-662-47904-9",
doi="10.1007/978-3-662-47904-9_7",
url="https://doi.org/10.1007/978-3-662-47904-9_7"
}

@inproceedings{Lipton2004,
author = {Lipton, R. J. and Markakis, E. and Mossel, E. and Saberi, A.},
title = {On approximately fair allocations of indivisible goods},
year = {2004},
isbn = {1581137710},
url = {https://doi.org/10.1145/988772.988792},
doi = {10.1145/988772.988792},
pages = {125–131},
numpages = {7},
series = {EC '04}
}

@misc{Liu2017,
title={Calibrated Fairness in Bandits}, 
author={Yang Liu and Goran Radanovic and Christos Dimitrakakis and Debmalya Mandal and David C. Parkes},
year={2017},
eprint={1707.01875},
archivePrefix={arXiv},
primaryClass={cs.LG},
url={https://arxiv.org/abs/1707.01875}, 
}

@inproceedings{Murhekar2024,
title = {Fair and Efficient Chore Allocation: Existence and Computation},
author = {Murhekar, Aniket},
booktitle = {IJCAI-24},
editor = {Kate Larson},
pages = {8500--8501},
year = {2024},
month = {8},
note = {Doctoral Consortium},
doi = {10.24963/ijcai.2024/965},
URL = {https://doi.org/10.24963/ijcai.2024/965},
}

@article{Patil2021,
author = {Vishakha Patil and Ganesh Ghalme and Vineet Nair and Y. Narahari},
title = {Achieving Fairness in the Stochastic Multi-Armed Bandit Problem},
journal = {Journal of Machine Learning Research},
year = {2021},
volume = {22},
number = {174},
pages = {1--31},
url = {http://jmlr.org/papers/v22/20-704.html}
}

@inproceedings{Procaccia2010,
author = {Procaccia, Ariel D.},
title = {Can approximation circumvent gibbard-satterthwaite?},
year = {2010},
pages = {836–841},
numpages = {6},
location = {Atlanta, Georgia},
series = {AAAI'10}
}

@misc{Reuel2024,
title={Fairness in Reinforcement Learning: A Survey}, 
author={Anka Reuel and Devin Ma},
year={2024},
eprint={2405.06909},
archivePrefix={arXiv},
primaryClass={cs.LG},
url={https://arxiv.org/abs/2405.06909}, 
}

@book{Sutton2018,
author = {Sutton, Richard S. and Barto, Andrew G.},
title = {Reinforcement Learning: An Introduction},
year = {2018},
isbn = {0262039249},
address = {Cambridge, MA, USA},
}

@article{Vyas2020,
author = {Darshali A. Vyas  and Leo G. Eisenstein  and David S. Jones },
title = {Hidden in Plain Sight — Reconsidering the Use of Race Correction in Clinical Algorithms},
journal = {New England Journal of Medicine},
volume = {383},
number = {9},
pages = {874-882},
year = {2020},
doi = {10.1056/NEJMms2004740},
URL = {https://www.nejm.org/doi/full/10.1056/NEJMms2004740},
}

@misc{Wen2021,
title={Algorithms for Fairness in Sequential Decision Making}, 
author={Min Wen and Osbert Bastani and Ufuk Topcu},
year={2021},
eprint={1901.08568},
archivePrefix={arXiv},
primaryClass={cs.LG},
url={https://arxiv.org/abs/1901.08568}, 
}

@inproceedings{Yu2023,
author={Guanbao Yu and Umer Siddique and Paul Weng},
title={Fair Deep Reinforcement Learning with Preferential Treatment},
year={2023},
cdate={1672531200000},
pages={2922-2929},
url={https://doi.org/10.3233/FAIA230606},
booktitle={ECAI},
}

