@misc{Reuel2024,
title={Fairness in Reinforcement Learning: A Survey}, 
author={Anka Reuel and Devin Ma},
year={2024},
eprint={2405.06909},
archivePrefix={arXiv},
primaryClass={cs.LG},
url={https://arxiv.org/abs/2405.06909}, 
}

@article{Griesinger1973,
author = {Griesinger, Donald W. and Livingston Jr., James W.},
title = {Toward a model of interpersonal motivation in experimental games},
journal = {Behavioral Science},
volume = {18},
number = {3},
pages = {173-188},
doi = {https://doi.org/10.1002/bs.3830180305},
url = {https://onlinelibrary.wiley.com/doi/abs/10.1002/bs.3830180305},
eprint = {https://onlinelibrary.wiley.com/doi/pdf/10.1002/bs.3830180305},
year = {1973}
}

@article{Liebrand1984,
author = {Liebrand, Wim B. G.},
title = {The effect of social motives, communication and group size on behaviour in an N-person multi-stage mixed-motive game},
journal = {European Journal of Social Psychology},
volume = {14},
number = {3},
pages = {239-264},
doi = {https://doi.org/10.1002/ejsp.2420140302},
url = {https://onlinelibrary.wiley.com/doi/abs/10.1002/ejsp.2420140302},
eprint = {https://onlinelibrary.wiley.com/doi/pdf/10.1002/ejsp.2420140302},
year = {1984}
}


@Inbook{Lindner2016,
author="Lindner, Claudia
and Rothe, J{\"o}rg",
title="Cake-Cutting: Fair Division of Divisible Goods",
bookTitle="Economics and Computation: An Introduction to Algorithmic Game Theory, Computational Social Choice, and Fair Division",
year="2016",
publisher="Springer Berlin Heidelberg",
pages="395--491",
isbn="978-3-662-47904-9",
doi="10.1007/978-3-662-47904-9_7",
url="https://doi.org/10.1007/978-3-662-47904-9_7"
}

@article{Amantidis2023,
title = {Fair division of indivisible goods: Recent progress and open questions},
journal = {Artificial Intelligence},
volume = {322},
pages = {103965},
year = {2023},
issn = {0004-3702},
doi = {https://doi.org/10.1016/j.artint.2023.103965},
url = {https://www.sciencedirect.com/science/article/pii/S000437022300111X},
author = {Georgios Amanatidis and Haris Aziz and Georgios Birmpas and et al.},
}

@article{Guth2014,
title = {More than thirty years of ultimatum bargaining experiments: Motives, variations, and a survey of the recent literature},
journal = {Journal of Economic Behavior \& Organization},
volume = {108},
pages = {396-409},
year = {2014},
issn = {0167-2681},
doi = {https://doi.org/10.1016/j.jebo.2014.06.006},
url = {https://www.sciencedirect.com/science/article/pii/S0167268114001759},
author = {Werner Güth and Martin G. Kocher},
}

@article{Debove2016,
title = {Models of the evolution of fairness in the ultimatum game: a review and classification},
journal = {Evolution and Human Behavior},
volume = {37},
number = {3},
pages = {245-254},
year = {2016},
issn = {1090-5138},
doi = {https://doi.org/10.1016/j.evolhumbehav.2016.01.001},
url = {https://www.sciencedirect.com/science/article/pii/S1090513816000039},
author = {Stéphane Debove and Nicolas Baumard and Jean-Baptiste André},
}

@inproceedings{Verma2018,
author = {Verma, Sahil and Rubin, Julia},
title = {Fairness definitions explained},
year = {2018},
isbn = {9781450357463},
url = {https://doi.org/10.1145/3194770.3194776},
doi = {10.1145/3194770.3194776},
pages = {1–7},
numpages = {7},
series = {FairWare '18}
}

@misc{Lamalfa2024,
title={Using Protected Attributes to Consider Fairness in Multi-Agent Systems}, 
author={La Malfa, Gabriele and Zhang, Jie M. and Luck, Michael and Black, Elizabeth},
year={2024},
eprint={2410.12889},
archivePrefix={arXiv},
primaryClass={cs.MA},
url={https://arxiv.org/abs/2410.12889}, 
}

@article{Mitchell2021,
author = "Mitchell, Shira and Potash, Eric and Barocas, Solon and et al.",
title = "Algorithmic Fairness: Choices, Assumptions, and Definitions", 
journal= "Annual Review of Statistics and Its Application",
year = "2021",
volume = "8",
number = "Volume 8, 2021",
pages = "141-163",
doi = "https://doi.org/10.1146/annurev-statistics-042720-125902",
url = "https://www.annualreviews.org/content/journals/10.1146/annurev-statistics-042720-125902",
issn = "2326-831X",
}

@article{Castelnovo2022,
title={A clarification of the nuances in the fairness metrics landscape},
volume={12},
ISSN={2045-2322},
url={http://dx.doi.org/10.1038/s41598-022-07939-1},
DOI={10.1038/s41598-022-07939-1},
number={1},
journal={Scientific Reports},
author={Castelnovo, Alessandro and Crupi, Riccardo and Greco, Greta and et al.},
year={2022},
month=mar 
}

@inproceedings{Yu2023,
author={Guanbao Yu and Umer Siddique and Paul Weng},
title={Fair Deep Reinforcement Learning with Preferential Treatment},
year={2023},
cdate={1672531200000},
pages={2922-2929},
url={https://doi.org/10.3233/FAIA230606},
booktitle={ECAI},
}

@inproceedings{Ju2024,
title={Achieving Fairness in Multi-Agent {MDP} Using Reinforcement Learning},
author={Peizhong Ju and Arnob Ghosh and Ness Shroff},
booktitle={ICLR},
year={2024},
url={https://openreview.net/forum?id=yoVq2BGQdP}
}

@misc{Schulman2017A,
title={Proximal Policy Optimization Algorithms}, 
author={John Schulman and Filip Wolski and Prafulla Dhariwal and Alec Radford and Oleg Klimov},
year={2017},
eprint={1707.06347},
archivePrefix={arXiv},
primaryClass={cs.LG},
url={https://arxiv.org/abs/1707.06347}, 
}

@misc{Schulman2017B,
title={Trust Region Policy Optimization}, 
author={John Schulman and Sergey Levine and Philipp Moritz and Michael I. Jordan and Pieter Abbeel},
year={2017},
eprint={1502.05477},
archivePrefix={arXiv},
primaryClass={cs.LG},
url={https://arxiv.org/abs/1502.05477}, 
}

@misc{Zhang2022,
title={Penalized Proximal Policy Optimization for Safe Reinforcement Learning}, 
author={Linrui Zhang and Li Shen and Long Yang and et al.},
year={2022},
eprint={2205.11814},
archivePrefix={arXiv},
primaryClass={cs.LG},
url={https://arxiv.org/abs/2205.11814}, 
}

@inproceedings{Leibo2019,
author = {Leibo, Joel Z. and Perolat, Julien and Hughes, Edward and et al.},
title = {Malthusian Reinforcement Learning},
year = {2019},
isbn = {9781450363099},
address = {Richland, SC},
pages = {1099–1107},
numpages = {9},
keywords = {intrinsic motivation, evolution, demography, artificial general intelligence, adaptive radiation},
location = {Montreal QC, Canada},
series = {AAMAS '19}
}

# Related Work
@article{DeJong2008A, 
title={Fairness In Multi-Agent Systems}, 
volume={23}, 
DOI={10.1017/S026988890800132X}, 
number={2}, 
journal={The Knowledge Engineering Review}, 
author={De Jong, Steven and Tuyls, Karl and Verbeeck, Katja}, 
year={2008}, 
pages={153–180}
}

@InProceedings{DeJong2008B,
author="De Jong, Steven
and Tuyls, Karl
and Verbeeck, Katja
and Roos, Nico",
title="Priority Awareness: Towards a Computational Model of Human Fairness for Multi-agent Systems",
booktitle="Adaptive Agents and Multi-Agent Systems III. Adaptation and Multi-Agent Learning",
year="2008",
pages="117--128",
isbn="978-3-540-77949-0"
}

@article{Fehr1999,
 ISSN = {00335533, 15314650},
 URL = {http://www.jstor.org/stable/2586885},
 author = {Ernst Fehr and Klaus M. Schmidt},
 journal = {The Quarterly Journal of Economics},
 number = {3},
 pages = {817--868},
 title = {A Theory of Fairness, Competition, and Cooperation},
 urldate = {2023-07-24},
 volume = {114},
 year = {1999}
}

@article{Falk2006,
title = {A theory of reciprocity},
journal = {Games and Economic Behavior},
volume = {54},
number = {2},
pages = {293-315},
year = {2006},
issn = {0899-8256},
doi = {https://doi.org/10.1016/j.geb.2005.03.001},
url = {https://www.sciencedirect.com/science/article/pii/S0899825605000254},
author = {Armin Falk and Urs Fischbacher},
keywords = {Reciprocity, Fairness, Cooperation, Competition, Game theory},
}


@article{Rand2013,
author = {David G. Rand  and Corina E. Tarnita  and Hisashi Ohtsuki  and Martin A. Nowak },
title = {Evolution of fairness in the one-shot anonymous Ultimatum Game},
journal = {PNAS},
volume = {110},
number = {7},
pages = {2581-2586},
year = {2013},
doi = {10.1073/pnas.1214167110},
URL = {https://www.pnas.org/doi/abs/10.1073/pnas.1214167110},
eprint = {https://www.pnas.org/doi/pdf/10.1073/pnas.1214167110},
}

@article{Cimpeanu2021,
title = {Cost-efficient interventions for promoting fairness in the ultimatum game},
journal = {Knowledge-Based Systems},
volume = {233},
pages = {107545},
year = {2021},
issn = {0950-7051},
doi = {https://doi.org/10.1016/j.knosys.2021.107545},
url = {https://www.sciencedirect.com/science/article/pii/S0950705121008078},
author = {Theodor Cimpeanu and Cedric Perret and The Anh Han},
keywords = {Ultimatum game, Interference, Cost efficiency, Decision making, Evolutionary game theory, Networks},
}

@article{Kim2023,
author = {Kim, Jeong-Yoo and Lee, Kyu-Min},
year = {2023},
month = {04},
pages = {},
title = {Evolution of fairness in the divide-a-lottery game},
volume = {13},
journal = {Scientific Reports},
doi = {10.1038/s41598-023-34131-w}
}

@article{Deng2025,
title = {The reputation-based reward mechanism promotes the evolution of fairness},
journal = {Applied Mathematics and Computation},
volume = {486},
pages = {129042},
year = {2025},
issn = {0096-3003},
doi = {https://doi.org/10.1016/j.amc.2024.129042},
url = {https://www.sciencedirect.com/science/article/pii/S0096300324005034},
author = {Lili Deng and Rugen Wang and Ying Liao and Ronghua Xu and Cheng Wang},
}

@inproceedings{Murhekar2024,
title = {Fair and Efficient Chore Allocation: Existence and Computation},
author = {Murhekar, Aniket},
booktitle = {IJCAI-24},
editor = {Kate Larson},
pages = {8500--8501},
year = {2024},
month = {8},
note = {Doctoral Consortium},
doi = {10.24963/ijcai.2024/965},
URL = {https://doi.org/10.24963/ijcai.2024/965},
}


@inproceedings{Lipton2004,
author = {Lipton, R. J. and Markakis, E. and Mossel, E. and Saberi, A.},
title = {On approximately fair allocations of indivisible goods},
year = {2004},
isbn = {1581137710},
url = {https://doi.org/10.1145/988772.988792},
doi = {10.1145/988772.988792},
pages = {125–131},
numpages = {7},
series = {EC '04}
}

@article{Budish2011,
author = {Budish, Eric},
title = {The Combinatorial Assignment Problem: Approximate Competitive Equilibrium from Equal Incomes},
journal = {Journal of Political Economy},
volume = {119},
number = {6},
pages = {1061-1103},
year = {2011},
doi = {10.1086/664613},
URL = {https://doi.org/10.1086/664613
},
}

@article{Caragiannis2019,
author = {Caragiannis, Ioannis and Kurokawa, David and Moulin et al.},
title = {The Unreasonable Fairness of Maximum Nash Welfare},
year = {2019},
issue_date = {August 2019},
volume = {7},
number = {3},
issn = {2167-8375},
url = {https://doi.org/10.1145/3355902},
doi = {10.1145/3355902},
journal = {ACM Trans. Econ. Comput.},
month = {sep},
articleno = {12},
numpages = {32},
}

@misc{Trabelsi2024,
title={Design a Win-Win Strategy That Is Fair to Both Service Providers and Tasks When Rejection Is Not an Option}, 
author={Yohai Trabelsi and Pan Xu and Sarit Kraus},
year={2024},
eprint={2407.00032},
archivePrefix={arXiv},
primaryClass={cs.DC},
url={https://arxiv.org/abs/2407.00032}, 
}

@inproceedings{Hosseini2023,
author = {Hosseini, Hadi and Huang, Zhiyi and Igarashi, Ayumi and Shah, Nisarg},
title = {Class fairness in online matching},
year = {2023},
isbn = {978-1-57735-880-0},
publisher = {AAAI Press},
url = {https://doi.org/10.1609/aaai.v37i5.25704},
doi = {10.1609/aaai.v37i5.25704},
articleno = {635},
numpages = {8},
series = {AAAI'23/IAAI'23/EAAI'23}
}

@misc{Hosseini2024,
title={Fair Distribution of Delivery Orders}, 
author={Hadi Hosseini and Shivika Narang and Tomasz Wąs},
year={2024},
eprint={2305.00040},
archivePrefix={arXiv},
primaryClass={cs.GT},
url={https://arxiv.org/abs/2305.00040}, 
}

@INPROCEEDINGS{Andoni2024,
author={Andoni, Merlinda and Couraud, Benoit and Robu, Valentin and Norbu, Sonam and Flynn, David and Cherubini, Paolo and Franken, Lukas and Iqbal, Zafar and Kilgour, Jonathan and Kirli, Desen and Papathanasi, Androniki and Webb, Lynda and Djokic, Sasa and Friedrich, Daniel and Goddard, Nigel and Kiprakis, Aristides and Krumdieck, Susan},
booktitle={REST'24}, 
title={Local Energy Markets in Energy Communities and Their Impact on Energy Poverty}, 
year={2024},
volume={},
number={},
pages={1-5},
keywords={Renewable energy sources;Costs;Electricity;Tariffs;Pricing;Optimization},
doi={10.1109/REST59987.2024.10645401}
}

@inproceedings{Thorve2024,
author = {Thorve, Swapna and Mortveit, Henning and Vullikanti, Anil and Marathe, Madhav and Swarup, Samarth},
title = {Assessing Fairness of Residential Dynamic Pricing for Electricity using Active Learning with Agent-based Simulation},
year = {2024},
isbn = {9798400704864},
pages = {1827–1836},
numpages = {10},
location = {Auckland, New Zealand},
series = {AAMAS '24}
}

@INPROCEEDINGS{Bouneffouf2020,
author={Bouneffouf, Djallel and Rish, Irina and Aggarwal, Charu},
booktitle={2020 IEEE Congress on Evolutionary Computation (CEC)}, 
title={Survey on Applications of Multi-Armed and Contextual Bandits}, 
year={2020},
volume={},
number={},
pages={1-8},
doi={10.1109/CEC48606.2020.9185782}}

@inproceedings{Joseph2016,
 author = {Joseph, Matthew and Kearns, Michael and Morgenstern, Jamie H and Roth, Aaron},
 booktitle = {NIPS'16},
 pages = {},
 title = {Fairness in Learning: Classic and Contextual Bandits},
 url = {https://proceedings.neurips.cc/paper_files/paper/2016/file/eb163727917cbba1eea208541a643e74-Paper.pdf},
 volume = {29},
 year = {2016}
}

@misc{Liu2017,
title={Calibrated Fairness in Bandits}, 
author={Yang Liu and Goran Radanovic and Christos Dimitrakakis and Debmalya Mandal and David C. Parkes},
year={2017},
eprint={1707.01875},
archivePrefix={arXiv},
primaryClass={cs.LG},
url={https://arxiv.org/abs/1707.01875}, 
}

@inproceedings{Gillen2018,
author = {Gillen, Stephen and Jung, Christopher and Kearns, Michael and Roth, Aaron},
title = {Online learning with an unknown fairness metric},
year = {2018},
address = {Red Hook, NY, USA},
booktitle = {Proceedings of the 32nd International Conference on Neural Information Processing Systems},
pages = {2605–2614},
numpages = {10},
location = {Montr\'{e}al, Canada},
series = {NIPS'18}
}

@ARTICLE{Li2020,
author={Li, Fengjiao and Liu, Jia and Ji, Bo},
journal={IEEE Transactions on Network Science and Engineering}, 
title={Combinatorial Sleeping Bandits With Fairness Constraints}, 
year={2020},
volume={7},
number={3},
pages={1799-1813},
keywords={Stochastic processes;Resource management;Wireless communication;Optimization;Face;Simulation;Convergence;Multi-armed bandit (MAB);combinatorial sleeping bandits;fairness;Upper Confidence Bound (UCB);virtual queue;Lyapunov drift;regret analysis.},
doi={10.1109/TNSE.2019.2954310}}

@article{Patil2021,
author = {Vishakha Patil and Ganesh Ghalme and Vineet Nair and Y. Narahari},
title = {Achieving Fairness in the Stochastic Multi-Armed Bandit Problem},
journal = {Journal of Machine Learning Research},
year = {2021},
volume = {22},
number = {174},
pages = {1--31},
url = {http://jmlr.org/papers/v22/20-704.html}
}

@article{Jones2023, 
title={An Efficient Algorithm for Fair Multi-Agent Multi-Armed Bandit with Low Regret}, 
volume={37}, url={https://ojs.aaai.org/index.php/AAAI/article/view/25985}, 
DOI={10.1609/aaai.v37i7.25985}, 
number={7}, 
journal={AAAI'23}, 
author={Jones, Matthew and Nguyen, Huy and Nguyen, Thy}, 
year={2023}, 
month={Jun.}, 
pages={8159-8167} 
}

@inproceedings{Barman2023,
author = {Barman, Siddharth and Khan, Arindam and Maiti, Arnab and Sawarni, Ayush},
title = {Fairness and welfare quantification for regret in multi-armed bandits},
year = {2023},
isbn = {978-1-57735-880-0},
url = {https://doi.org/10.1609/aaai.v37i6.25829},
doi = {10.1609/aaai.v37i6.25829},
articleno = {760},
numpages = {8},
booktitle = {AAAI'23/IAAI'23/EAAI'23},
series = {AAAI'23/IAAI'23/EAAI'23}
}

@article{Aziz2020,
author = {Aziz, Haris and Bogomolnaia, Anna and Moulin, Herv\'{e}},
title = {Fair Mixing: The Case of Dichotomous Preferences},
year = {2020},
issue_date = {November 2020},
address = {New York, NY, USA},
volume = {8},
number = {4},
issn = {2167-8375},
url = {https://doi.org/10.1145/3417738},
doi = {10.1145/3417738},
journal = {ACM Trans. Econ. Comput.},
month = {oct},
articleno = {18},
numpages = {27},
}

@inproceedings{Ebadian2022,
author = {Ebadian, Soroush and Kahng, Anson and Peters, Dominik and Shah, Nisarg},
title = {Optimized Distortion and Proportional Fairness in Voting},
year = {2022},
isbn = {9781450391504},
url = {https://doi.org/10.1145/3490486.3538339},
doi = {10.1145/3490486.3538339},
pages = {563–600},
numpages = {38},
keywords = {voting, social welfare, proportional fairness, participatory budgeting, distortion, core, computational social choice, Nash welfare},
series = {EC '22}
}

@article{Kaplow2003,
author = {Kaplow, Louis and Shavell, Steven},
title = {Fairness versus Welfare: Notes on the Pareto Principle, Preferences, and Distributive Justice},
journal = {The Journal of Legal Studies},
volume = {32},
number = {1},
pages = {331-362},
year = {2003},
doi = {10.1086/345679},
URL = {https://doi.org/10.1086/345679},
eprint = {https://doi.org/10.1086/345679
}
}

@misc{Høgsgaard2023,
title={Optimally Interpolating between Ex-Ante Fairness and Welfare}, 
author={Mikael Møller Høgsgaard and Panagiotis Karras and Wenyue Ma and  et al.},
year={2023},
eprint={2302.03071},
archivePrefix={arXiv},
primaryClass={cs.GT},
url={https://arxiv.org/abs/2302.03071}, 
}

@article{Caragiannis2011,
author = {Caragiannis, Ioannis and Procaccia, Ariel D.},
title = {Voting almost maximizes social welfare despite limited communication},
year = {2011},
issue_date = {June, 2011},
volume = {175},
number = {9–10},
issn = {0004-3702},
url = {https://doi.org/10.1016/j.artint.2011.03.005},
doi = {10.1016/j.artint.2011.03.005},
journal = {Artificial Intelligence},
month = {jun},
pages = {1655–1671},
numpages = {17},
}

@inproceedings{Boutilier2012,
author = {Boutilier, Craig and Caragiannis, Ioannis and Haber, Simi and Lu, Tyler and Procaccia, Ariel D. and Sheffet, Or},
title = {Optimal social choice functions: a utilitarian view},
year = {2012},
isbn = {9781450314152},
url = {https://doi.org/10.1145/2229012.2229030},
doi = {10.1145/2229012.2229030},
pages = {197–214},
numpages = {18},
series = {EC '12}
}

@article{Caragiannis2017,
author = {Caragiannis, Ioannis and Nath, Swaprava and Procaccia, Ariel D. and Shah, Nisarg},
title = {Subset selection via implicit utilitarian voting},
year = {2017},
issue_date = {January 2017},
volume = {58},
number = {1},
issn = {1076-9757},
url = {https://doi.org/10.1613/jair.5282},
doi = {10.1613/jair.5282},
journal = {J. Artif. Int. Res.},
month = {jan},
pages = {123–152},
numpages = {30}
}

@inproceedings{Procaccia2010,
author = {Procaccia, Ariel D.},
title = {Can approximation circumvent gibbard-satterthwaite?},
year = {2010},
pages = {836–841},
numpages = {6},
location = {Atlanta, Georgia},
series = {AAAI'10}
}

@book{Sutton2018,
author = {Sutton, Richard S. and Barto, Andrew G.},
title = {Reinforcement Learning: An Introduction},
year = {2018},
isbn = {0262039249},
address = {Cambridge, MA, USA},
}


@InProceedings{Jabbari2017,
title = {Fairness in Reinforcement Learning},
author = {Shahin Jabbari and Matthew Joseph and Michael Kearns and Jamie Morgenstern and Aaron Roth},
pages = {1617--1626},
year = {2017},
volume = {70},
publisher = {PMLR},
url = {https://proceedings.mlr.press/v70/jabbari17a.html}
}

@inproceedings{Siddique2020,
author = {Siddique, Umer and Weng, Paul and Zimmer, Matthieu},
title = {Learning fair policies in multiobjective (deep) reinforcement learning with average and discounted rewards},
year = {2020},
articleno = {826},
numpages = {11},
series = {ICML'20}
}

@misc{Zimmer2021,
title={Learning Fair Policies in Decentralized Cooperative Multi-Agent Reinforcement Learning}, 
author={Matthieu Zimmer and Claire Glanois and Umer Siddique and Paul Weng},
year={2021},
eprint={2012.09421},
archivePrefix={arXiv},
primaryClass={cs.LG},
url={https://arxiv.org/abs/2012.09421}, 
}

@inproceedings{Liu2020,
author = {Liu, Weiwen and Liu, Feng and Tang, Ruiming and Liao, Ben and Chen, Guangyong and Heng, Pheng Ann},
title = {Balancing Between Accuracy and Fairness for Interactive Recommendation with Reinforcement Learning},
year = {2020},
isbn = {978-3-030-47425-6},
publisher = {Springer-Verlag},
url = {https://doi.org/10.1007/978-3-030-47426-3_13},
doi = {10.1007/978-3-030-47426-3_13},
booktitle = {Advances in Knowledge Discovery and Data Mining: 24th Pacific-Asia Conference, PAKDD 2020, Singapore, May 11–14, 2020, Proceedings, Part I},
pages = {155–167},
numpages = {13},
}

@inproceedings{Zhang2014,
author = {Zhang, Chongjie and Shah, Julie A.},
title = {Fairness in multi-agent sequential decision-making},
year = {2014},
pages = {2636–2644},
numpages = {9},
series = {NIPS'14}
}

@inbook{Jiang2019,
author = {Jiang, Jiechuan and Lu, Zongqing},
title = {Learning fairness in multi-agent systems},
year = {2019},
publisher = {Curran Associates Inc.},
address = {Red Hook, NY, USA},
booktitle = {Proceedings of the 33rd International Conference on Neural Information Processing Systems},
articleno = {1241},
numpages = {12}
}

@misc{Wen2021,
title={Algorithms for Fairness in Sequential Decision Making}, 
author={Min Wen and Osbert Bastani and Ufuk Topcu},
year={2021},
eprint={1901.08568},
archivePrefix={arXiv},
primaryClass={cs.LG},
url={https://arxiv.org/abs/1901.08568}, 
}

@InProceedings{Chi2022,
title = {Towards Return Parity in Markov Decision Processes },
author = {Chi, Jianfeng and Shen, Jian and Dai, Xinyi and et al.},
pages = {1161--1178},
year = {2022},
editor = {Camps-Valls, Gustau and Ruiz, Francisco J. R. and Valera, Isabel},
volume = {151},
month = {28--30 Mar},
publisher = {PMLR},
pdf = {https://proceedings.mlr.press/v151/chi22a/chi22a.pdf},
url = {https://proceedings.mlr.press/v151/chi22a.html},
}

@misc{Friedler2016,
  title={On the (im)possibility of fairness}, 
  author={Sorelle A. Friedler and Carlos Scheidegger and Suresh Venkatasubramanian},
  year={2016},
  eprint={1609.07236},
  archivePrefix={arXiv},
  primaryClass={cs.CY},
  url={https://arxiv.org/abs/1609.07236}, 
}

@INPROCEEDINGS{Chen2021,
author={Chen, Jingdi and Wang, Yimeng and Lan, Tian},
booktitle={IEEE INFOCOM 2021}, 
title={Bringing Fairness to Actor-Critic Reinforcement Learning for Network Utility Optimization}, 
year={2021},
volume={},
number={},
pages={1-10},
doi={10.1109/INFOCOM42981.2021.9488823}
}

@misc{Angwin2016,
  title={Machine bias}, 
  author={Angwin, Julia and Larson, Jeff and Mattu, Surya and Kirchner, Lauren},
  year={2016},
  archivePrefix={ProPublica},
}

@article{Berk2019,
author = {Berk, Richard},
title = {Accuracy and Fairness for Juvenile Justice Risk Assessments},
journal = {Journal of Empirical Legal Studies},
volume = {16},
number = {1},
pages = {175-194},
doi = {https://doi.org/10.1111/jels.12206},
url = {https://onlinelibrary.wiley.com/doi/abs/10.1111/jels.12206},
year = {2019}
}

@article{Berk2021,
author = {Richard Berk and Hoda Heidari and Shahin Jabbari and Michael Kearns and Aaron Roth},
title ={Fairness in Criminal Justice Risk Assessments: The State of the Art},
journal = {Sociological Methods \& Research},
volume = {50},
number = {1},
pages = {3-44},
year = {2021},
doi = {10.1177/0049124118782533},
URL = {https://doi.org/10.1177/0049124118782533
},
}
}

@inproceedings{Yu2020,
author = {Yu, Renzhe and Li, Qiujie and Fischer, Christian and et al.},
year = {2020},
month = {07},
pages = {},
title = {Towards Accurate and Fair Prediction of College Success: Evaluating Different Sources of Student Data}
}

@inproceedings{Hu2020,
title={Towards Fair Educational Data Mining: A Case Study on Detecting At-risk Students},
author={Qian Hu and Huzefa Rangwala},
booktitle={Educational Data Mining},
year={2020},
url={https://api.semanticscholar.org/CorpusID:220927743}
}

@article{Baker2021,
author = {Baker, Ryan and Hawn, Aaron},
year = {2021},
month = {11},
pages = {},
title = {Algorithmic Bias in Education},
volume = {32},
journal = {International Journal of Artificial Intelligence in Education},
doi = {10.1007/s40593-021-00285-9}
}

@article{Kozodoi2022,
title = {Fairness in credit scoring: Assessment, implementation and profit implications},
journal = {European Journal of Operational Research},
volume = {297},
number = {3},
pages = {1083-1094},
year = {2022},
issn = {0377-2217},
doi = {https://doi.org/10.1016/j.ejor.2021.06.023},
url = {https://www.sciencedirect.com/science/article/pii/S0377221721005385},
author = {Nikita Kozodoi and Johannes Jacob and Stefan Lessmann},
}

@article{Fuster2022,
author = {Fuster, Andreas and Goldsmith-Pinkham, Paul and Ramadorai, Tarun and Walther, Angsar},
title = {Predictably Unequal? The Effects of Machine Learning on Credit Markets},
journal = {The Journal of Finance},
volume = {77},
number = {1},
pages = {5-47},
doi = {https://doi.org/10.1111/jofi.13090},
url = {https://onlinelibrary.wiley.com/doi/abs/10.1111/jofi.13090},
year = {2022}
}

@article{Vyas2020,
author = {Darshali A. Vyas  and Leo G. Eisenstein  and David S. Jones },
title = {Hidden in Plain Sight — Reconsidering the Use of Race Correction in Clinical Algorithms},
journal = {New England Journal of Medicine},
volume = {383},
number = {9},
pages = {874-882},
year = {2020},
doi = {10.1056/NEJMms2004740},
URL = {https://www.nejm.org/doi/full/10.1056/NEJMms2004740},
}

@article {Noor2020,
author = {Noor, Poppy},
title = {Can we trust AI not to further embed racial bias and prejudice?},
volume = {368},
elocation-id = {m363},
year = {2020},
doi = {10.1136/bmj.m363},
URL = {https://www.bmj.com/content/368/bmj.m363},
eprint = {https://www.bmj.com/content/368/bmj.m363.full.pdf},
journal = {BMJ}
}

@article{Giovanola2022,
author = {Giovanola, Benedetta and Tiribelli, Simona},
title = {Beyond bias and discrimination: redefining the AI ethics principle of fairness in healthcare machine-learning algorithms},
year = {2022},
issue_date = {Apr 2023},
volume = {38},
number = {2},
issn = {0951-5666},
url = {https://doi.org/10.1007/s00146-022-01455-6},
doi = {10.1007/s00146-022-01455-6},
journal = {AI Soc.},
month = {may},
pages = {549–563},
numpages = {15},
keywords = {Fairness, Healthcare machine-learning algorithms, Bias, Discrimination, Ethics of algorithms, Respect}
}

@article{Adler2018,
author = {Adler, Philip and Falk, Casey and Friedler, Sorelle A. and Nix, Tionney and Rybeck, Gabriel and Scheidegger, Carlos and Smith, Brandon and Venkatasubramanian, Suresh},
title = {Auditing black-box models for indirect influence},
year = {2018},
issue_date = {January   2018},
volume = {54},
number = {1},
issn = {0219-1377},
url = {https://doi.org/10.1007/s10115-017-1116-3},
doi = {10.1007/s10115-017-1116-3},
journal = {Knowl. Inf. Syst.},
month = {jan},
pages = {95–122},
numpages = {28},
keywords = {ANOVA, Algorithmic accountability, Black-box auditing, Deep learning, Discrimination-aware data mining, Feature influence, Interpretable machine learning}
}

@misc{Fisher2019,
  title={All Models are Wrong, but Many are Useful: Learning a Variable's Importance by Studying an Entire Class of Prediction Models Simultaneously}, 
  author={Aaron Fisher and Cynthia Rudin and Francesca Dominici},
  year={2019},
  eprint={1801.01489},
  archivePrefix={arXiv},
  primaryClass={stat.ME},
  url={https://arxiv.org/abs/1801.01489}, 
}

@article{Dutta2020, 
title={An Information-Theoretic Quantification of Discrimination with Exempt Features}, volume={34}, url={https://ojs.aaai.org/index.php/AAAI/article/view/5794}, 
DOI={10.1609/aaai.v34i04.5794}, 
number={04}, 
journal={Proceedings of the AAAI Conference on Artificial Intelligence}, 
author={Dutta, Sanghamitra and Venkatesh, Praveen and Mardziel, Piotr and Datta, Anupam and Grover, Pulkit}, 
year={2020}, 
month={Apr.}, 
pages={3825-3833} 
}

@article{Mehrabi2021,
author = {Mehrabi, Ninareh and Morstatter, Fred and Saxena, Nripsuta and Lerman, Kristina and Galstyan, Aram},
title = {A Survey on Bias and Fairness in Machine Learning},
year = {2021},
issue_date = {July 2022},
volume = {54},
number = {6},
issn = {0360-0300},
url = {https://doi.org/10.1145/3457607},
doi = {10.1145/3457607},
journal = {ACM Comput. Surv.},
month = {jul},
articleno = {115},
numpages = {35},
}

@article{LeQuy2022,
title={A survey on datasets for fairness‐aware machine learning},
volume={12},
ISSN={1942-4795},
url={http://dx.doi.org/10.1002/widm.1452},
DOI={10.1002/widm.1452},
number={3},
journal={WIREs Data Mining and Knowledge Discovery},
author={Le Quy, Tai and Roy, Arjun and Iosifidis, Vasileios and Zhang, Wenbin and Ntoutsi, Eirini},
year={2022},
}

@article{Caton2024,
author = {Caton, Simon and Haas, Christian},
title = {Fairness in Machine Learning: A Survey},
year = {2024},
issue_date = {July 2024},
volume = {56},
number = {7},
issn = {0360-0300},
url = {https://doi.org/10.1145/3616865},
doi = {10.1145/3616865},
journal = {ACM Comput. Surv.},
month = {apr},
articleno = {166},
numpages = {38},
keywords = {Fairness, accountability, transparency, machine learning}
}

@inproceedings{Feldman2015,
author = {Feldman, Michael and Friedler, Sorelle A. and Moeller, John and Scheidegger, Carlos and Venkatasubramanian, Suresh},
title = {Certifying and Removing Disparate Impact},
year = {2015},
isbn = {9781450336642},
url = {https://doi.org/10.1145/2783258.2783311},
doi = {10.1145/2783258.2783311},
booktitle = {Proceedings of the 21th ACM SIGKDD International Conference on Knowledge Discovery and Data Mining},
pages = {259–268},
numpages = {10},
series = {KDD '15}
}

@InProceedings{Kamishima2012,
author="Kamishima, Toshihiro
and Akaho, Shotaro
and Asoh, Hideki
and Sakuma, Jun",
title="Fairness-Aware Classifier with Prejudice Remover Regularizer",
booktitle="ECML PKDD",
year="2012",
pages="35--50",
isbn="978-3-642-33486-3"
}

@inproceedings{Zemel2013,
author = {Zemel, Richard and Wu, Yu and Swersky, Kevin and Pitassi, Toniann and Dwork, Cynthia},
title = {Learning fair representations},
year = {2013},
pages = {III–325–III–333},
location = {Atlanta, GA, USA},
series = {ICML'13}
}

@inproceedings{Hardt2016,
author = {Hardt, Moritz and Price, Eric and Srebro, Nathan},
title = {Equality of opportunity in supervised learning},
year = {2016},
isbn = {9781510838819},
address = {Red Hook, NY, USA},
pages = {3323–3331},
numpages = {9},
location = {Barcelona, Spain},
series = {NIPS'16}
}

@inproceedings{Pleiss2017,
 author = {Pleiss, Geoff and Raghavan, Manish and Wu, Felix and Kleinberg, Jon and Weinberger, Kilian Q},
 booktitle = {NIPS'17},
 editor = {I. Guyon and U. Von Luxburg and S. Bengio and H. Wallach and R. Fergus and S. Vishwanathan and R. Garnett},
 pages = {},
title = {On Fairness and Calibration},
 url = {https://proceedings.neurips.cc/paper_files/paper/2017/file/b8b9c74ac526fffbeb2d39ab038d1cd7-Paper.pdf},
 volume = {30},
 year = {2017}
}

@inproceedings{Beutel2019,
author = {Beutel, Alex and Chen, Jilin and Doshi, Tulsee and Qian, Hai and Woodruff, Allison and Luu, Christine and Kreitmann, Pierre and Bischof, Jonathan and Chi, Ed H.},
title = {Putting Fairness Principles into Practice: Challenges, Metrics, and Improvements},
year = {2019},
isbn = {9781450363242},
url = {https://doi.org/10.1145/3306618.3314234},
doi = {10.1145/3306618.3314234},
pages = {453–459},
numpages = {7},
series = {AIES '19}
}

@inproceedings{Jung2020,
author = {Jung, Christopher and Kannan, Sampath and Lee, Changhwa and Pai, Mallesh and Roth, Aaron and Vohra, Rakesh},
title = {Fair Prediction with Endogenous Behavior},
year = {2020},
isbn = {9781450379755},
url = {https://doi.org/10.1145/3391403.3399473},
doi = {10.1145/3391403.3399473},
pages = {677–678},
numpages = {2},
keywords = {calibration, criminal justice, fairness, machine learning, risk score},
series = {EC '20}
}

@misc{Chouldechova2016,
title={Fair prediction with disparate impact: A study of bias in recidivism prediction instruments}, 
author={Alexandra Chouldechova},
year={2016},
eprint={1610.07524},
archivePrefix={arXiv},
primaryClass={stat.AP},
url={https://arxiv.org/abs/1610.07524}, 
}

@misc{Kleinberg2016,
title={Inherent Trade-Offs in the Fair Determination of Risk Scores}, 
author={Jon Kleinberg and Sendhil Mullainathan and Manish Raghavan},
year={2016},
eprint={1609.05807},
archivePrefix={arXiv},
primaryClass={cs.LG},
url={https://arxiv.org/abs/1609.05807}, 
}

@misc{Kusner2018,
title={Counterfactual Fairness}, 
author={Matt J. Kusner and Joshua R. Loftus and Chris Russell and Ricardo Silva},
year={2018},
eprint={1703.06856},
archivePrefix={arXiv},
primaryClass={stat.ML},
url={https://arxiv.org/abs/1703.06856}, 
}

@inproceedings{Speicher2018,
author = {Speicher, Till and Heidari, Hoda and Grgic-Hlaca, Nina and Gummadi, Krishna P. and Singla, Adish and Weller, Adrian and Zafar, Muhammad Bilal},
title = {A Unified Approach to Quantifying Algorithmic Unfairness: Measuring Individual &Group Unfairness via Inequality Indices},
year = {2018},
isbn = {9781450355520},
url = {https://doi.org/10.1145/3219819.3220046},
doi = {10.1145/3219819.3220046},
pages = {2239–2248},
numpages = {10},
series = {KDD '18}
}