@inproceedings{curtis2022toward,
  title={Toward believable acting for autonomous animated characters},
  author={Curtis, Cassidy and Adalgeirsson, Sigurdur Orn and Ciurdar, Horia Stefan and McDermott, Peter and Vel{\'a}squez, JD and Knox, W Bradley and Martinez, Alonso and Gaztelumendi, Dei and Goussies, Norberto Adrian and Liu, Tianyu and others},
  booktitle={Proceedings of the 15th ACM SIGGRAPH Conference on Motion, Interaction and Games},
  pages={1--15},
  year={2022}
}

@inproceedings{duanmu2017prioritized,
  title={Prioritized buffer control in two-tier 360 video streaming},
  author={Duanmu, Fanyi and Kurdoglu, Eymen and Hosseini, S Amir and Liu, Yong and Wang, Yao},
  booktitle={Proceedings of the Workshop on Virtual Reality and Augmented Reality Network},
  pages={13--18},
  year={2017}
}

@article{hochreiter1997long,
  title={Long Short-term Memory},
  author={Hochreiter, S},
  journal={Neural Computation MIT-Press},
  year={1997}
}

@inproceedings{jain2016structural,
  title={Structural-rnn: Deep learning on spatio-temporal graphs},
  author={Jain, Ashesh and Zamir, Amir R and Savarese, Silvio and Saxena, Ashutosh},
  booktitle={Proceedings of the ieee conference on computer vision and pattern recognition},
  pages={5308--5317},
  year={2016}
}

@inproceedings{nguyen2018your,
  title={Your attention is unique: Detecting 360-degree video saliency in head-mounted display for head movement prediction},
  author={Nguyen, Anh and Yan, Zhisheng and Nahrstedt, Klara},
  booktitle={Proceedings of the 26th ACM international conference on Multimedia},
  pages={1190--1198},
  year={2018}
}

@inproceedings{qian2016optimizing,
  title={Optimizing 360 video delivery over cellular networks},
  author={Qian, Feng and Ji, Lusheng and Han, Bo and Gopalakrishnan, Vijay},
  booktitle={Proceedings of the 5th Workshop on All Things Cellular: Operations, Applications and Challenges},
  pages={1--6},
  year={2016}
}

@article{rondon2022track,
  title={TRACK: A New Method From a Re-Examination of Deep Architectures for Head Motion Prediction in 360Â° Videos.},
  author={Rondon, MFR and Sassatelli, L and Aparicio-Pardo, R and Precioso, F},
  journal={IEEE Transactions on Pattern Analysis and Machine Intelligence},
  volume={44},
  number={9},
  pages={5681--5699},
  year={2022}
}

