
@inproceedings{xu2018gaze,
  title={Gaze prediction in dynamic 360 immersive videos},
  author={Xu, Yanyu and Dong, Yanbing and Wu, Junru and Sun, Zhengzhong and Shi, Zhiru and Yu, Jingyi and Gao, Shenghua},
  booktitle={proceedings of the IEEE Conference on Computer Vision and Pattern Recognition},
  pages={5333--5342},
  year={2018}
}

@article{zhu2020learning,
  title={Learning a deep agent to predict head movement in 360-degree images},
  author={Zhu, Yucheng and Zhai, Guangtao and Min, Xiongkuo and Zhou, Jiantao},
  journal={ACM Transactions on Multimedia Computing, Communications, and Applications (TOMM)},
  volume={16},
  number={4},
  pages={1--23},
  year={2020},
  publisher={ACM New York, NY, USA}
}

@article{yang2021hierarchical,
  title={Hierarchical Bayesian LSTM for head trajectory prediction on omnidirectional images},
  author={Yang, Li and Xu, Mai and Guo, Yichen and Deng, Xin and Gao, Fangyuan and Guan, Zhenyu},
  journal={IEEE Transactions on Pattern Analysis and Machine Intelligence},
  volume={44},
  number={11},
  pages={7563--7580},
  year={2021},
  publisher={IEEE}
}


@article{rondon2022track,
  title={TRACK: A New Method From a Re-Examination of Deep Architectures for Head Motion Prediction in 360Â° Videos.},
  author={Rondon, MFR and Sassatelli, L and Aparicio-Pardo, R and Precioso, F},
  journal={IEEE Transactions on Pattern Analysis and Machine Intelligence},
  volume={44},
  number={9},
  pages={5681--5699},
  year={2022}
}

@inproceedings{lerner2010context,
  title={Context-dependent crowd evaluation},
  author={Lerner, Alon and Chrysanthou, Yiorgos and Shamir, Ariel and Cohen-Or, Daniel},
  booktitle={Computer Graphics Forum},
  volume={29},
  number={7},
  pages={2197--2206},
  year={2010},
  organization={Wiley Online Library}
}

@inproceedings{steel2010context,
  title={Context-aware virtual agents in open environments},
  author={Steel, Travis and Kuiper, Dane and Wenkstern, RZ},
  booktitle={2010 Sixth International Conference on Autonomic and Autonomous Systems},
  pages={90--96},
  year={2010},
  organization={IEEE}
}

@inproceedings{hsu2020generalized,
  title={Generalized odin: Detecting out-of-distribution image without learning from out-of-distribution data},
  author={Hsu, Yen-Chang and Shen, Yilin and Jin, Hongxia and Kira, Zsolt},
  booktitle={Proceedings of the IEEE/CVF conference on computer vision and pattern recognition},
  pages={10951--10960},
  year={2020}
}

@article{yang2024qwen2,
  title={Qwen2. 5 Technical Report},
  author={Yang, An and Yang, Baosong and Zhang, Beichen and Hui, Binyuan and Zheng, Bo and Yu, Bowen and Li, Chengyuan and Liu, Dayiheng and Huang, Fei and Wei, Haoran and others},
  journal={arXiv preprint arXiv:2412.15115},
  year={2024}
}

@article{havrilla2024glore,
  title={Glore: When, where, and how to improve llm reasoning via global and local refinements},
  author={Havrilla, Alex and Raparthy, Sharath and Nalmpantis, Christoforus and Dwivedi-Yu, Jane and Zhuravinskyi, Maksym and Hambro, Eric and Raileanu, Roberta},
  journal={arXiv preprint arXiv:2402.10963},
  year={2024}
}

@inproceedings{panayiotou2022ccp,
  title={Ccp: Configurable crowd profiles},
  author={Panayiotou, Andreas and Kyriakou, Theodoros and Lemonari, Marilena and Chrysanthou, Yiorgos and Charalambous, Panayiotis},
  booktitle={ACM SIGGRAPH 2022 conference proceedings},
  pages={1--10},
  year={2022}
}

@article{charalambous2023greil,
  title={GREIL-crowds: crowd simulation with deep reinforcement learning and examples},
  author={Charalambous, Panayiotis and Pettre, Julien and Vassiliades, Vassilis and Chrysanthou, Yiorgos and Pelechano, Nuria},
  journal={ACM Transactions on Graphics (TOG)},
  volume={42},
  number={4},
  pages={1--15},
  year={2023},
  publisher={ACM New York, NY, USA}
}

@inproceedings{yue2022human,
  title={Human trajectory prediction via neural social physics},
  author={Yue, Jiangbei and Manocha, Dinesh and Wang, He},
  booktitle={European conference on computer vision},
  pages={376--394},
  year={2022},
  organization={Springer}
}

@inproceedings{guo2022end,
  title={End-to-end trajectory distribution prediction based on occupancy grid maps},
  author={Guo, Ke and Liu, Wenxi and Pan, Jia},
  booktitle={Proceedings of the IEEE/CVF Conference on Computer Vision and Pattern Recognition},
  pages={2242--2251},
  year={2022}
}

@inproceedings{lin2025progressive,
  title={Progressive pretext task learning for human trajectory prediction},
  author={Lin, Xiaotong and Liang, Tianming and Lai, Jianhuang and Hu, Jian-Fang},
  booktitle={European Conference on Computer Vision},
  pages={197--214},
  year={2025},
  organization={Springer}
}

@inproceedings{qian2016optimizing,
  title={Optimizing 360 video delivery over cellular networks},
  author={Qian, Feng and Ji, Lusheng and Han, Bo and Gopalakrishnan, Vijay},
  booktitle={Proceedings of the 5th Workshop on All Things Cellular: Operations, Applications and Challenges},
  pages={1--6},
  year={2016}
}

@inproceedings{duanmu2017prioritized,
  title={Prioritized buffer control in two-tier 360 video streaming},
  author={Duanmu, Fanyi and Kurdoglu, Eymen and Hosseini, S Amir and Liu, Yong and Wang, Yao},
  booktitle={Proceedings of the Workshop on Virtual Reality and Augmented Reality Network},
  pages={13--18},
  year={2017}
}

@inproceedings{nguyen2018your,
  title={Your attention is unique: Detecting 360-degree video saliency in head-mounted display for head movement prediction},
  author={Nguyen, Anh and Yan, Zhisheng and Nahrstedt, Klara},
  booktitle={Proceedings of the 26th ACM international conference on Multimedia},
  pages={1190--1198},
  year={2018}
}

@article{hochreiter1997long,
  title={Long Short-term Memory},
  author={Hochreiter, S},
  journal={Neural Computation MIT-Press},
  year={1997}
}

@inproceedings{jain2016structural,
  title={Structural-rnn: Deep learning on spatio-temporal graphs},
  author={Jain, Ashesh and Zamir, Amir R and Savarese, Silvio and Saxena, Ashutosh},
  booktitle={Proceedings of the ieee conference on computer vision and pattern recognition},
  pages={5308--5317},
  year={2016}
}

@inproceedings{wong2022view,
  title={View vertically: A hierarchical network for trajectory prediction via fourier spectrums},
  author={Wong, Conghao and Xia, Beihao and Hong, Ziming and Peng, Qinmu and Yuan, Wei and Cao, Qiong and Yang, Yibo and You, Xinge},
  booktitle={European Conference on Computer Vision},
  pages={682--700},
  year={2022},
  organization={Springer}
}

@inproceedings{ji2024text,
  title={Text-Guided Synthesis of Crowd Animation},
  author={Ji, Xuebo and Pan, Zherong and Gao, Xifeng and Pan, Jia},
  booktitle={ACM SIGGRAPH 2024 Conference Papers},
  pages={1--11},
  year={2024}
}

@inproceedings{mangalam2021goals,
  title={From goals, waypoints \& paths to long term human trajectory forecasting},
  author={Mangalam, Karttikeya and An, Yang and Girase, Harshayu and Malik, Jitendra},
  booktitle={Proceedings of the IEEE/CVF International Conference on Computer Vision},
  pages={15233--15242},
  year={2021}
}

@article{sakoe1978dynamic,
  title={Dynamic programming algorithm optimization for spoken word recognition},
  author={Sakoe, Hiroaki and Chiba, Seibi},
  journal={IEEE transactions on acoustics, speech, and signal processing},
  volume={26},
  number={1},
  pages={43--49},
  year={1978},
  publisher={IEEE}
}

@article{khot2022decomposed,
  title={Decomposed prompting: A modular approach for solving complex tasks},
  author={Khot, Tushar and Trivedi, Harsh and Finlayson, Matthew and Fu, Yao and Richardson, Kyle and Clark, Peter and Sabharwal, Ashish},
  journal={arXiv preprint arXiv:2210.02406},
  year={2022}
}

@article{yang2024intercode,
  title={Intercode: Standardizing and benchmarking interactive coding with execution feedback},
  author={Yang, John and Prabhakar, Akshara and Narasimhan, Karthik and Yao, Shunyu},
  journal={Advances in Neural Information Processing Systems},
  volume={36},
  year={2024}
}

@article{sun2023pearl,
  title={Pearl: Prompting large language models to plan and execute actions over long documents},
  author={Sun, Simeng and Liu, Yang and Wang, Shuohang and Zhu, Chenguang and Iyyer, Mohit},
  journal={arXiv preprint arXiv:2305.14564},
  year={2023}
}

@article{prasad2023adapt,
  title={Adapt: As-needed decomposition and planning with language models},
  author={Prasad, Archiki and Koller, Alexander and Hartmann, Mareike and Clark, Peter and Sabharwal, Ashish and Bansal, Mohit and Khot, Tushar},
  journal={arXiv preprint arXiv:2311.05772},
  year={2023}
}

@inproceedings{cuturi2017soft,
  title={Soft-dtw: a differentiable loss function for time-series},
  author={Cuturi, Marco and Blondel, Mathieu},
  booktitle={International conference on machine learning},
  pages={894--903},
  year={2017},
  organization={PMLR}
}

@article{lerogeron2023approximating,
  title={Approximating DTW with a convolutional neural network on EEG data},
  author={Lerogeron, Hugo and Picot-Clemente, Romain and Rakotomamonjy, Alain and Heutte, Laurent},
  journal={arXiv preprint arXiv:2301.12873},
  year={2023}
}

@article{kennedy1993simulator,
  title={Simulator sickness questionnaire: An enhanced method for quantifying simulator sickness},
  author={Kennedy, Robert S and Lane, Norman E and Berbaum, Kevin S and Lilienthal, Michael G},
  journal={The international journal of aviation psychology},
  volume={3},
  number={3},
  pages={203--220},
  year={1993},
  publisher={Taylor \& Francis}
}

@article{harris2020development,
  title={Development and validation of a simulation workload measure: the simulation task load index (SIM-TLX)},
  author={Harris, David and Wilson, Mark and Vine, Samuel},
  journal={Virtual Reality},
  volume={24},
  number={4},
  pages={557--566},
  year={2020},
  publisher={Springer}
}

@inproceedings{cai2024bridging,
  title={Bridging zero-shot object navigation and foundation models through pixel-guided navigation skill},
  author={Cai, Wenzhe and Huang, Siyuan and Cheng, Guangran and Long, Yuxing and Gao, Peng and Sun, Changyin and Dong, Hao},
  booktitle={2024 IEEE International Conference on Robotics and Automation (ICRA)},
  pages={5228--5234},
  year={2024},
  organization={IEEE}
}

@inproceedings{narang2016pedvr,
  title={PedVR: Simulating gaze-based interactions between a real user and virtual crowds},
  author={Narang, Sahil and Best, Andrew and Randhavane, Tanmay and Shapiro, Ari and Manocha, Dinesh},
  booktitle={Proceedings of the 22nd ACM conference on virtual reality software and technology},
  pages={91--100},
  year={2016}
}

@inproceedings{curtis2022toward,
  title={Toward believable acting for autonomous animated characters},
  author={Curtis, Cassidy and Adalgeirsson, Sigurdur Orn and Ciurdar, Horia Stefan and McDermott, Peter and Vel{\'a}squez, JD and Knox, W Bradley and Martinez, Alonso and Gaztelumendi, Dei and Goussies, Norberto Adrian and Liu, Tianyu and others},
  booktitle={Proceedings of the 15th ACM SIGGRAPH Conference on Motion, Interaction and Games},
  pages={1--15},
  year={2022}
}

% ================

@inproceedings{gleicher1998retargetting,
  title={Retargetting motion to new characters},
  author={Gleicher, Michael},
  booktitle={Proceedings of the 25th annual conference on Computer graphics and interactive techniques},
  pages={33--42},
  year={1998}
}