@String(PAMI = {IEEE Trans. Pattern Anal. Mach. Intell.})
@String(IJCV = {Int. J. Comput. Vis.})
@String(CVPR= {IEEE Conf. Comput. Vis. Pattern Recog.})
@String(ICCV= {Int. Conf. Comput. Vis.})
@String(ECCV= {Eur. Conf. Comput. Vis.})
@String(NIPS= {Adv. Neural Inform. Process. Syst.})
@String(ICPR = {Int. Conf. Pattern Recog.})
@String(BMVC= {Brit. Mach. Vis. Conf.})
@String(TOG= {ACM Trans. Graph.})
@String(TIP  = {IEEE Trans. Image Process.})
@String(TVCG  = {IEEE Trans. Vis. Comput. Graph.})
@String(TMM  = {IEEE Trans. Multimedia})
@String(ACMMM= {ACM Int. Conf. Multimedia})
@String(ICME = {Int. Conf. Multimedia and Expo})
@String(ICASSP=	{ICASSP})
@String(ICIP = {IEEE Int. Conf. Image Process.})
@String(ACCV  = {ACCV})
@String(ICLR = {Int. Conf. Learn. Represent.})
@String(IJCAI = {IJCAI})
@String(PR   = {Pattern Recognition})
@String(AAAI = {AAAI})
@String(CVPRW= {IEEE Conf. Comput. Vis. Pattern Recog. Worksh.})
@String(CSVT = {IEEE Trans. Circuit Syst. Video Technol.})

@String(SPL	= {IEEE Sign. Process. Letters})
@String(VR   = {Vis. Res.})
@String(JOV	 = {J. Vis.})
@String(TVC  = {The Vis. Comput.})
@String(JCST  = {J. Comput. Sci. Tech.})
@String(CGF  = {Comput. Graph. Forum})
@String(CVM = {Computational Visual Media})


@String(PAMI  = {IEEE TPAMI})
@String(IJCV  = {IJCV})
@String(CVPR  = {CVPR})
@String(ICCV  = {ICCV})
@String(ECCV  = {ECCV})
@String(NIPS  = {NeurIPS})
@String(ICPR  = {ICPR})
@String(BMVC  =	{BMVC})
@String(TOG   = {ACM TOG})
@String(TIP   = {IEEE TIP})
@String(TVCG  = {IEEE TVCG})
@String(TCSVT = {IEEE TCSVT})
@String(TMM   =	{IEEE TMM})
@String(ACMMM = {ACM MM})
@String(ICME  =	{ICME})
@String(ICASSP=	{ICASSP})
@String(ICIP  = {ICIP})
@String(ACCV  = {ACCV})
@String(ICLR  = {ICLR})
@String(IJCAI = {IJCAI})
@String(PR = {PR})
@String(AAAI = {AAAI})
@String(CVPRW= {CVPRW})
@String(CSVT = {IEEE TCSVT})

% TimeLens
@inproceedings{timelens,
  title={Time lens: Event-based video frame interpolation},
  author={Tulyakov, Stepan and Gehrig, Daniel and Georgoulis, Stamatios and Erbach, Julius and Gehrig, Mathias and Li, Yuanyou and Scaramuzza, Davide},
  booktitle={Proceedings of the IEEE/CVF Conference on Computer Vision and Pattern Recognition},
  pages={16155--16164},
  year={2021}
}

@Article{timelens++,
  author        = {Stepan Tulyakov and Alfredo Bochicchio and Daniel Gehrig and Stamatios Georgoulis and Yuanyou Li and
                  Davide Scaramuzza},
  title         = {{Time Lens++}: Event-based Frame Interpolation with Non-linear Parametric Flow and Multi-scale Fusion},
  journal       = "IEEE Conference on Computer Vision and Pattern Recognition",
  year          = 2022
}

% LEDVDI
@article{ledvdi, 
title={Learning Event-Driven Video Deblurring and Interpolation}, 
author={Lin, Songnan and Zhang, Jiawei and Pan, Jinshan and Jiang, Zhe and Zou, Dongqing and Wang, Yongtian and Chen, Jing and Ren, Jimmy}, 
journal={ECCV}, 
year={2020} 
}

@inproceedings{wevi,
  title={Training weakly supervised video frame interpolation with events},
  author={Yu, Zhiyang and Zhang, Yu and Liu, Deyuan and Zou, Dongqing and Chen, Xijun and Liu, Yebin and Ren, Jimmy S},
  booktitle={Proceedings of the IEEE/CVF International Conference on Computer Vision},
  pages={14589--14598},
  year={2021}
}

% time-replayer
@inproceedings{timereplayer,
  title={TimeReplayer: Unlocking the Potential of Event Cameras for Video Interpolation},
  author={He, Weihua and You, Kaichao and Qiao, Zhendong and Jia, Xu and Zhang, Ziyang and Wang, Wenhui and Lu, Huchuan and Wang, Yaoyuan and Liao, Jianxing},
  booktitle={Proceedings of the IEEE/CVF Conference on Computer Vision and Pattern Recognition},
  pages={17804--17813},
  year={2022}
}

% A2OF
@inproceedings{a2of,
  title={Video Interpolation by Event-driven Anisotropic Adjustment of Optical Flow},
  author={Wu, Song and You, Kaichao and He, Weihua and Yang, Chen and Tian, Yang and Wang, Yaoyuan and Zhang, Ziyang and Liao, Jianxing},
  booktitle={Proceedings of the European Conference on Computer Vision (ECCV)},
  year={2022}
}

% E2VID
@Article{e2vid,
  author        = {Henri Rebecq and Ren{\'{e}} Ranftl and Vladlen Koltun and Davide Scaramuzza},
  title         = {High Speed and High Dynamic Range Video with an Event Camera},
  journal       = {{IEEE} Trans. Pattern Anal. Mach. Intell. (T-PAMI)},
  url           = {http://rpg.ifi.uzh.ch/docs/TPAMI19_Rebecq.pdf},
  year          = 2019
}

% super-slowmo
@inproceedings{superslowmo,
  title={Super slomo: High quality estimation of multiple intermediate frames for video interpolation},
  author={Jiang, Huaizu and Sun, Deqing and Jampani, Varun and Yang, Ming-Hsuan and Learned-Miller, Erik and Kautz, Jan},
  booktitle={Proceedings of the IEEE conference on computer vision and pattern recognition},
  pages={9000--9008},
  year={2018}
}

% QVI
@inproceedings{qvi,
	title={Quadratic video interpolation},
	author={Xiangyu Xu and Li Siyao and Wenxiu Sun and Qian Yin and Ming-Hsuan Yang},
	booktitle = {NeurIPS},
	year={2019}
}

@inproceedings{liu2020enhanced,
  title={Enhanced quadratic video interpolation},
  author={Liu, Yihao and Xie, Liangbin and Siyao, Li and Sun, Wenxiu and Qiao, Yu and Dong, Chao},
  booktitle={European Conference on Computer Vision},
  pages={41--56},
  year={2020},
  organization={Springer}
}

% DAIN
@inproceedings{DAIN,
    author    = {Bao, Wenbo and Lai, Wei-Sheng and Ma, Chao and Zhang, Xiaoyun and Gao, Zhiyong and Yang, Ming-Hsuan}, 
    title     = {Depth-Aware Video Frame Interpolation}, 
    booktitle = {IEEE Conference on Computer Vision and Pattern Recognition},
    year      = {2019}
}

% MEMC-net
@article{bao2019memc,
  title={Memc-net: Motion estimation and motion compensation driven neural network for video interpolation and enhancement},
  author={Bao, Wenbo and Lai, Wei-Sheng and Zhang, Xiaoyun and Gao, Zhiyong and Yang, Ming-Hsuan},
  journal={IEEE transactions on pattern analysis and machine intelligence},
  volume={43},
  number={3},
  pages={933--948},
  year={2019},
  publisher={IEEE}
}

% adacof
@inproceedings{lee2020adacof,
  title={Adacof: Adaptive collaboration of flows for video frame interpolation},
  author={Lee, Hyeongmin and Kim, Taeoh and Chung, Tae-young and Pak, Daehyun and Ban, Yuseok and Lee, Sangyoun},
  booktitle={Proceedings of the IEEE/CVF Conference on Computer Vision and Pattern Recognition},
  pages={5316--5325},
  year={2020}
}

@inproceedings{cheng2020video,
  title={Video frame interpolation via deformable separable convolution},
  author={Cheng, Xianhang and Chen, Zhenzhong},
  booktitle={Proceedings of the AAAI Conference on Artificial Intelligence},
  volume={34},
  number={07},
  pages={10607--10614},
  year={2020}
}

@inproceedings{gui2020featureflow,
  title={Featureflow: Robust video interpolation via structure-to-texture generation},
  author={Gui, Shurui and Wang, Chaoyue and Chen, Qihua and Tao, Dacheng},
  booktitle={Proceedings of the IEEE/CVF Conference on Computer Vision and Pattern Recognition},
  pages={14004--14013},
  year={2020}
}

% phasenet
@inproceedings{meyer2018phasenet,
  title={Phasenet for video frame interpolation},
  author={Meyer, Simone and Djelouah, Abdelaziz and McWilliams, Brian and Sorkine-Hornung, Alexander and Gross, Markus and Schroers, Christopher},
  booktitle={Proceedings of the IEEE Conference on Computer Vision and Pattern Recognition},
  pages={498--507},
  year={2018}
}

@inproceedings{meyer2015phase,
  title={Phase-based frame interpolation for video},
  author={Meyer, Simone and Wang, Oliver and Zimmer, Henning and Grosse, Max and Sorkine-Hornung, Alexander},
  booktitle={Proceedings of the IEEE conference on computer vision and pattern recognition},
  pages={1410--1418},
  year={2015}
}

% BMBC
@inproceedings{BMBC,
    author    = {Park, Junheum and Ko, Keunsoo and Lee, Chul and Kim, Chang-Su}, 
    title     = {BMBC: Bilateral Motion Estimation with Bilateral Cost Volume for Video Interpolation}, 
    booktitle = {European Conference on Computer Vision},
    year      = {2020}
}

% AMBE
@inproceedings{ABME,
    author    = {Park, Junheum and Lee, Chul and Kim, Chang-Su}, 
    title     = {Asymmetric Bilateral Motion Estimation for Video Frame Interpolation}, 
    booktitle = {International Conference on Computer Vision},
    year      = {2021}
}

% RIFE
@inproceedings{RIFE,
  title={Real-Time Intermediate Flow Estimation for Video Frame Interpolation},
  author={Huang, Zhewei and Zhang, Tianyuan and Heng, Wen and Shi, Boxin and Zhou, Shuchang},
  booktitle={Proceedings of the European Conference on Computer Vision (ECCV)},
  year={2022}
}

% IFRNet
@InProceedings{IFRNet, 
  author = {Kong, Lingtong and Jiang, Boyuan and Luo, Donghao and Chu, Wenqing and Huang, Xiaoming and Tai, Ying and Wang, Chengjie and Yang, Jie}, 
  title = {IFRNet: Intermediate Feature Refine Network for Efficient Frame Interpolation}, 
  booktitle = {Proceedings of the IEEE/CVF Conference on Computer Vision and Pattern Recognition (CVPR)}, 
  year = {2022},
}

% VFIfromer
@inproceedings{vfiformer,
    author = {Lu, Liying and Wu, Ruizheng and Lin, Huaijia and Lu, Jiangbo and Jia, Jiaya},
    title={Video Frame Interpolation with Transformer},
    booktitle={IEEE Conference on Computer Vision and Pattern Recognition (CVPR)},
    year={2022},
}

% sepconv
@inproceedings{sepconv,
         author = {Simon Niklaus and Long Mai and Feng Liu},
         title = {Video Frame Interpolation via Adaptive Convolution},
         booktitle = {IEEE Conference on Computer Vision and Pattern Recognition},
         year = {2017}
     }

% video frame interpolation transformer
@inproceedings{shi2022video,
  title={Video frame interpolation transformer},
  author={Shi, Zhihao and Xu, Xiangyu and Liu, Xiaohong and Chen, Jun and Yang, Ming-Hsuan},
  booktitle={Proceedings of the IEEE/CVF Conference on Computer Vision and Pattern Recognition},
  pages={17482--17491},
  year={2022}
}

% GOPRO dataset
@inproceedings{nah2017deep,
  title={Deep multi-scale convolutional neural network for dynamic scene deblurring},
  author={Nah, Seungjun and Hyun Kim, Tae and Mu Lee, Kyoung},
  booktitle={Proceedings of the IEEE conference on computer vision and pattern recognition},
  pages={3883--3891},
  year={2017}
}

% ST-MFNet
@article{danierst,
  title={ST-MFNet: A Spatio-Temporal Multi-Flow Network for Frame Interpolation Supplementary Material},
  author={Danier, Duolikun and Zhang, Fan and Bull, David}
}

@InProceedings{Danier_2022_CVPR,
    author    = {Danier, Duolikun and Zhang, Fan and Bull, David},
    title     = {ST-MFNet: A Spatio-Temporal Multi-Flow Network for Frame Interpolation},
    booktitle = {Proceedings of the IEEE/CVF Conference on Computer Vision and Pattern Recognition (CVPR)},
    month     = {June},
    year      = {2022},
    pages     = {3521-3531}
}

% many to many splatting
@inproceedings{hu2022many,
  title={Many-to-many Splatting for Efficient Video Frame Interpolation},
  author={Hu, Ping and Niklaus, Simon and Sclaroff, Stan and Saenko, Kate},
  booktitle={Proceedings of the IEEE/CVF Conference on Computer Vision and Pattern Recognition},
  pages={3553--3562},
  year={2022}
}

% soft-max splatting
@inproceedings{niklaus2020softmax,
  title={Softmax splatting for video frame interpolation},
  author={Niklaus, Simon and Liu, Feng},
  booktitle={Proceedings of the IEEE/CVF Conference on Computer Vision and Pattern Recognition},
  pages={5437--5446},
  year={2020}
}


% EV-flownet
@INPROCEEDINGS{Zhu-RSS-18, 
    AUTHOR    = {Alex Zhu AND Liangzhe Yuan AND Kenneth Chaney AND Kostas Daniilidis}, 
    TITLE     = {EV-FlowNet: Self-Supervised Optical Flow Estimation for Event-based Cameras}, 
    BOOKTITLE = {Proceedings of Robotics: Science and Systems}, 
    YEAR      = {2018}, 
    ADDRESS   = {Pittsburgh, Pennsylvania}, 
    MONTH     = {June}, 
    DOI       = {10.15607/RSS.2018.XIV.062} 
} 

@InProceedings{Sun2018PWC-Net,
  author    = {Deqing Sun and Xiaodong Yang and Ming-Yu Liu and Jan Kautz},
  title     = {{PWC-Net}: {CNNs} for Optical Flow Using Pyramid, Warping, and Cost Volume},
  booktitle = CVPR,
  year      = {2018},
}

% video deblurring 
@inproceedings{kim2021event,
  title={Event-guided Deblurring of Unknown Exposure Time Videos},
  author={Kim, Taewoo and Lee, Jeongmin and Wang, Lin and Yoon, Kuk-Jin},
  booktitle={Proceedings of the European Conference on Computer Vision (ECCV)},
  year={2022}
}


@InProceedings{Shang_2021_ICCV,
      author    = {Shang, Wei and Ren, Dongwei and Zou, Dongqing and Ren, Jimmy S. and Luo, Ping and Zuo, Wangmeng},
      title     = {Bringing Events Into Video Deblurring With Non-Consecutively Blurry Frames},
      booktitle = {Proceedings of the IEEE/CVF International Conference on Computer Vision (ICCV)},
      month     = {October},
      year      = {2021},
      pages     = {4531-4540}
}

@inproceedings{sun2022event,
      author = {Sun, Lei and Sakaridis, Christos and Liang, Jingyun and Jiang, Qi and Yang, Kailun and Sun, Peng and Ye, Yaozu and Wang, Kaiwei and Van Gool, Luc},
      title = {Event-Based Fusion for Motion Deblurring with Cross-modal Attention},
      booktitle = {European Conference on Computer Vision (ECCV)},
      year = 2022
}

% low-light enhancement
@inproceedings{zhang2020learning,
  title={Learning to see in the dark with events},
  author={Zhang, Song and Zhang, Yu and Jiang, Zhe and Zou, Dongqing and Ren, Jimmy and Zhou, Bin},
  booktitle={European Conference on Computer Vision},
  pages={666--682},
  year={2020},
  organization={Springer}
}

@inproceedings{xu2021motion,
  title={Motion deblurring with real events},
  author={Xu, Fang and Yu, Lei and Wang, Bishan and Yang, Wen and Xia, Gui-Song and Jia, Xu and Qiao, Zhendong and Liu, Jianzhuang},
  booktitle={Proceedings of the IEEE/CVF International Conference on Computer Vision},
  pages={2583--2592},
  year={2021}
}

@InProceedings{Zhang_2022_CVPR,
    author    = {Zhang, Xiang and Yu, Lei},
    title     = {Unifying Motion Deblurring and Frame Interpolation With Events},
    booktitle = {Proceedings of the IEEE/CVF Conference on Computer Vision and Pattern Recognition (CVPR)},
    month     = {June},
    year      = {2022},
    pages     = {17765-17774}
}

@InProceedings{Song_2022_CVPR,
    author    = {Song, Chen and Huang, Qixing and Bajaj, Chandrajit},
    title     = {E-CIR: Event-Enhanced Continuous Intensity Recovery},
    booktitle = {Proceedings of the IEEE/CVF Conference on Computer Vision and Pattern Recognition (CVPR)},
    month     = {June},
    year      = {2022},
    pages     = {7803-7812}
}

% GEF
@inproceedings{wang2020joint,
  title={Joint filtering of intensity images and neuromorphic events for high-resolution noise-robust imaging},
  author={Wang, Zihao W and Duan, Peiqi and Cossairt, Oliver and Katsaggelos, Aggelos and Huang, Tiejun and Shi, Boxin},
  booktitle={Proceedings of the IEEE/CVF Conference on Computer Vision and Pattern Recognition},
  pages={1609--1619},
  year={2020}
}

% RAFT
@inproceedings{teed2020raft,
  title={Raft: Recurrent all-pairs field transforms for optical flow},
  author={Teed, Zachary and Deng, Jia},
  booktitle={European conference on computer vision},
  pages={402--419},
  year={2020},
  organization={Springer}
}

% upflow
@inproceedings{luo2021upflow,
  title={Upflow: Upsampling pyramid for unsupervised optical flow learning},
  author={Luo, Kunming and Wang, Chuan and Liu, Shuaicheng and Fan, Haoqiang and Wang, Jue and Sun, Jian},
  booktitle={Proceedings of the IEEE/CVF Conference on Computer Vision and Pattern Recognition},
  pages={1045--1054},
  year={2021}
}

@inproceedings{huang2017densely,
  title={Densely connected convolutional networks},
  author={Huang, Gao and Liu, Zhuang and Van Der Maaten, Laurens and Weinberger, Kilian Q},
  booktitle={Proceedings of the IEEE conference on computer vision and pattern recognition},
  pages={4700--4708},
  year={2017}
}

@article{jaderberg2015spatial,
  title={Spatial transformer networks},
  author={Jaderberg, Max and Simonyan, Karen and Zisserman, Andrew and others},
  journal={Advances in neural information processing systems},
  volume={28},
  year={2015}
}


@article{loopnet,
author = {Kim, Taewoo and Song, Kyeongseob and Ryu, Kwonyoung and Yoon, Kuk-Jin},
year = {2020},
month = {07},
pages = {1-1},
title = {Loop-Net: Joint Unsupervised Disparity and Optical Flow Estimation of Stereo Videos With Spatiotemporal Loop Consistency},
volume = {PP},
journal = {IEEE Robotics and Automation Letters},
doi = {10.1109/LRA.2020.3009065}
}

@inproceedings{jonschkowski2020matters,
  title={What matters in unsupervised optical flow},
  author={Jonschkowski, Rico and Stone, Austin and Barron, Jonathan T and Gordon, Ariel and Konolige, Kurt and Angelova, Anelia},
  booktitle={European Conference on Computer Vision},
  pages={557--572},
  year={2020},
  organization={Springer}
}

@inproceedings{jiang2021learning,
  title={Learning optical flow from a few matches},
  author={Jiang, Shihao and Lu, Yao and Li, Hongdong and Hartley, Richard},
  booktitle={Proceedings of the IEEE/CVF Conference on Computer Vision and Pattern Recognition},
  pages={16592--16600},
  year={2021}
}


@inproceedings{su2017deep,
  title={Deep video deblurring for hand-held cameras},
  author={Su, Shuochen and Delbracio, Mauricio and Wang, Jue and Sapiro, Guillermo and Heidrich, Wolfgang and Wang, Oliver},
  booktitle={Proceedings of the IEEE conference on computer vision and pattern recognition},
  pages={1279--1288},
  year={2017}
}

@article{soomro2012dataset,
  title={A dataset of 101 human action classes from videos in the wild},
  author={Soomro, Khurram and Zamir, Amir Roshan and Shah, Mubarak},
  journal={Center for Research in Computer Vision},
  volume={2},
  number={11},
  year={2012},
  publisher={Univ. of Central Florida}
}

@article{xue2019video,
  title={Video enhancement with task-oriented flow},
  author={Xue, Tianfan and Chen, Baian and Wu, Jiajun and Wei, Donglai and Freeman, William T},
  journal={International Journal of Computer Vision},
  volume={127},
  number={8},
  pages={1106--1125},
  year={2019},
  publisher={Springer}
}

@inproceedings{perazzi2016benchmark,
  title={A benchmark dataset and evaluation methodology for video object segmentation},
  author={Perazzi, Federico and Pont-Tuset, Jordi and McWilliams, Brian and Van Gool, Luc and Gross, Markus and Sorkine-Hornung, Alexander},
  booktitle={Proceedings of the IEEE conference on computer vision and pattern recognition},
  pages={724--732},
  year={2016}
}

@inproceedings{sim2021xvfi,
  title={XVFI: eXtreme Video Frame Interpolation},
  author={Sim, Hyeonjun and Oh, Jihyong and Kim, Munchurl},
  booktitle={Proceedings of the IEEE International Conference on Computer Vision (ICCV)},
  year={2021}
}

% video frame acqusition
@misc{internet_prohesee,
  title={Prophesee web site},
  howpublished={\url{https://www.prophesee.ai/}},
}

% VFI
@inproceedings{wang2018occlusion,
  title={Occlusion aware unsupervised learning of optical flow},
  author={Wang, Yang and Yang, Yi and Yang, Zhenheng and Zhao, Liang and Wang, Peng and Xu, Wei},
  booktitle={Proceedings of the IEEE Conference on Computer Vision and Pattern Recognition},
  pages={4884--4893},
  year={2018}
}

@inproceedings{charbonnier1994two,
  title={Two deterministic half-quadratic regularization algorithms for computed imaging},
  author={Charbonnier, Pierre and Blanc-Feraud, Laure and Aubert, Gilles and Barlaud, Michel},
  booktitle={Proceedings of 1st International Conference on Image Processing},
  volume={2},
  pages={168--172},
  year={1994},
  organization={IEEE}
}

% HQF dataset
@inproceedings{HQF_dataset,
  title={Reducing the sim-to-real gap for event cameras},
  author={Stoffregen, Timo and Scheerlinck, Cedric and Scaramuzza, Davide and Drummond, Tom and Barnes, Nick and Kleeman, Lindsay and Mahony, Robert},
  booktitle={European Conference on Computer Vision},
  pages={534--549},
  year={2020},
  organization={Springer}
}

% E-RAFT
@InProceedings{Gehrig3dv2021,
  author = {Mathias Gehrig and Mario Millh\"ausler and Daniel Gehrig and Davide Scaramuzza},
  title = {E-RAFT: Dense Optical Flow from Event Cameras},
  booktitle = {International Conference on 3D Vision (3DV)},
  year = {2021}
}

% ESIM
@Article{Rebecq18corl,
  author        = {Henri Rebecq and Daniel Gehrig and Davide Scaramuzza},
  title         = {{ESIM}: an Open Event Camera Simulator},
  journal       = {Conf. on Robotics Learning (CoRL)},
  year          = 2018,
  month         = oct
}

% Pytorch
@article{paszke2019pytorch,
  title={Pytorch: An imperative style, high-performance deep learning library},
  author={Paszke, Adam and Gross, Sam and Massa, Francisco and Lerer, Adam and Bradbury, James and Chanan, Gregory and Killeen, Trevor and Lin, Zeming and Gimelshein, Natalia and Antiga, Luca and others},
  journal={Advances in neural information processing systems},
  volume={32},
  year={2019}
}

% SSIM
@article{wang2004image,
  title={Image quality assessment: from error visibility to structural similarity},
  author={Wang, Zhou and Bovik, Alan C and Sheikh, Hamid R and Simoncelli, Eero P},
  journal={IEEE transactions on image processing},
  volume={13},
  number={4},
  pages={600--612},
  year={2004},
  publisher={IEEE}
}

% AdamW
@article{loshchilov2017decoupled,
  title={Decoupled weight decay regularization},
  author={Loshchilov, Ilya and Hutter, Frank},
  journal={arXiv preprint arXiv:1711.05101},
  year={2017}
}

% alex voxel grid
@inproceedings{zhu2019unsupervised,
  title={Unsupervised event-based learning of optical flow, depth, and egomotion},
  author={Zhu, Alex Zihao and Yuan, Liangzhe and Chaney, Kenneth and Daniilidis, Kostas},
  booktitle={Proceedings of the IEEE/CVF Conference on Computer Vision and Pattern Recognition},
  pages={989--997},
  year={2019}
}

% 
@article{vaswani2017attention,
  title={Attention is all you need},
  author={Vaswani, Ashish and Shazeer, Noam and Parmar, Niki and Uszkoreit, Jakob and Jones, Llion and Gomez, Aidan N and Kaiser, {\L}ukasz and Polosukhin, Illia},
  journal={Advances in neural information processing systems},
  volume={30},
  year={2017}
}

% layer normalization
@article{ba2016layer,
  title={Layer normalization},
  author={Ba, Jimmy Lei and Kiros, Jamie Ryan and Hinton, Geoffrey E},
  journal={arXiv preprint arXiv:1607.06450},
  year={2016}
}

% restomer
@inproceedings{zamir2022restormer,
  title={Restormer: Efficient transformer for high-resolution image restoration},
  author={Zamir, Syed Waqas and Arora, Aditya and Khan, Salman and Hayat, Munawar and Khan, Fahad Shahbaz and Yang, Ming-Hsuan},
  booktitle={Proceedings of the IEEE/CVF Conference on Computer Vision and Pattern Recognition},
  pages={5728--5739},
  year={2022}
}

% swin transformer
@inproceedings{liu2021swin,
  title={Swin transformer: Hierarchical vision transformer using shifted windows},
  author={Liu, Ze and Lin, Yutong and Cao, Yue and Hu, Han and Wei, Yixuan and Zhang, Zheng and Lin, Stephen and Guo, Baining},
  booktitle={Proceedings of the IEEE/CVF International Conference on Computer Vision},
  pages={10012--10022},
  year={2021}
}

