@inproceedings{ABME,
    author    = {Park, Junheum and Lee, Chul and Kim, Chang-Su}, 
    title     = {Asymmetric Bilateral Motion Estimation for Video Frame Interpolation}, 
    booktitle = {International Conference on Computer Vision},
    year      = {2021}
}

@inproceedings{BMBC,
    author    = {Park, Junheum and Ko, Keunsoo and Lee, Chul and Kim, Chang-Su}, 
    title     = {BMBC: Bilateral Motion Estimation with Bilateral Cost Volume for Video Interpolation}, 
    booktitle = {European Conference on Computer Vision},
    year      = {2020}
}

@inproceedings{DAIN,
    author    = {Bao, Wenbo and Lai, Wei-Sheng and Ma, Chao and Zhang, Xiaoyun and Gao, Zhiyong and Yang, Ming-Hsuan}, 
    title     = {Depth-Aware Video Frame Interpolation}, 
    booktitle = {IEEE Conference on Computer Vision and Pattern Recognition},
    year      = {2019}
}

@InProceedings{Danier_2022_CVPR,
    author    = {Danier, Duolikun and Zhang, Fan and Bull, David},
    title     = {ST-MFNet: A Spatio-Temporal Multi-Flow Network for Frame Interpolation},
    booktitle = {Proceedings of the IEEE/CVF Conference on Computer Vision and Pattern Recognition (CVPR)},
    month     = {June},
    year      = {2022},
    pages     = {3521-3531}
}

@InProceedings{IFRNet, 
  author = {Kong, Lingtong and Jiang, Boyuan and Luo, Donghao and Chu, Wenqing and Huang, Xiaoming and Tai, Ying and Wang, Chengjie and Yang, Jie}, 
  title = {IFRNet: Intermediate Feature Refine Network for Efficient Frame Interpolation}, 
  booktitle = {Proceedings of the IEEE/CVF Conference on Computer Vision and Pattern Recognition (CVPR)}, 
  year = {2022},
}

@inproceedings{RIFE,
  title={Real-Time Intermediate Flow Estimation for Video Frame Interpolation},
  author={Huang, Zhewei and Zhang, Tianyuan and Heng, Wen and Shi, Boxin and Zhou, Shuchang},
  booktitle={Proceedings of the European Conference on Computer Vision (ECCV)},
  year={2022}
}

@InProceedings{Shang_2021_ICCV,
      author    = {Shang, Wei and Ren, Dongwei and Zou, Dongqing and Ren, Jimmy S. and Luo, Ping and Zuo, Wangmeng},
      title     = {Bringing Events Into Video Deblurring With Non-Consecutively Blurry Frames},
      booktitle = {Proceedings of the IEEE/CVF International Conference on Computer Vision (ICCV)},
      month     = {October},
      year      = {2021},
      pages     = {4531-4540}
}

@InProceedings{Song_2022_CVPR,
    author    = {Song, Chen and Huang, Qixing and Bajaj, Chandrajit},
    title     = {E-CIR: Event-Enhanced Continuous Intensity Recovery},
    booktitle = {Proceedings of the IEEE/CVF Conference on Computer Vision and Pattern Recognition (CVPR)},
    month     = {June},
    year      = {2022},
    pages     = {7803-7812}
}

@InProceedings{Sun2018PWC-Net,
  author    = {Deqing Sun and Xiaodong Yang and Ming-Yu Liu and Jan Kautz},
  title     = {{PWC-Net}: {CNNs} for Optical Flow Using Pyramid, Warping, and Cost Volume},
  booktitle = CVPR,
  year      = {2018},
}

@InProceedings{Zhang_2022_CVPR,
    author    = {Zhang, Xiang and Yu, Lei},
    title     = {Unifying Motion Deblurring and Frame Interpolation With Events},
    booktitle = {Proceedings of the IEEE/CVF Conference on Computer Vision and Pattern Recognition (CVPR)},
    month     = {June},
    year      = {2022},
    pages     = {17765-17774}
}

@inproceedings{a2of,
  title={Video Interpolation by Event-driven Anisotropic Adjustment of Optical Flow},
  author={Wu, Song and You, Kaichao and He, Weihua and Yang, Chen and Tian, Yang and Wang, Yaoyuan and Zhang, Ziyang and Liao, Jianxing},
  booktitle={Proceedings of the European Conference on Computer Vision (ECCV)},
  year={2022}
}

@article{bao2019memc,
  title={Memc-net: Motion estimation and motion compensation driven neural network for video interpolation and enhancement},
  author={Bao, Wenbo and Lai, Wei-Sheng and Zhang, Xiaoyun and Gao, Zhiyong and Yang, Ming-Hsuan},
  journal={IEEE transactions on pattern analysis and machine intelligence},
  volume={43},
  number={3},
  pages={933--948},
  year={2019},
  publisher={IEEE}
}

@inproceedings{cheng2020video,
  title={Video frame interpolation via deformable separable convolution},
  author={Cheng, Xianhang and Chen, Zhenzhong},
  booktitle={Proceedings of the AAAI Conference on Artificial Intelligence},
  volume={34},
  number={07},
  pages={10607--10614},
  year={2020}
}

@inproceedings{gui2020featureflow,
  title={Featureflow: Robust video interpolation via structure-to-texture generation},
  author={Gui, Shurui and Wang, Chaoyue and Chen, Qihua and Tao, Dacheng},
  booktitle={Proceedings of the IEEE/CVF Conference on Computer Vision and Pattern Recognition},
  pages={14004--14013},
  year={2020}
}

@inproceedings{hu2022many,
  title={Many-to-many Splatting for Efficient Video Frame Interpolation},
  author={Hu, Ping and Niklaus, Simon and Sclaroff, Stan and Saenko, Kate},
  booktitle={Proceedings of the IEEE/CVF Conference on Computer Vision and Pattern Recognition},
  pages={3553--3562},
  year={2022}
}

@inproceedings{kim2021event,
  title={Event-guided Deblurring of Unknown Exposure Time Videos},
  author={Kim, Taewoo and Lee, Jeongmin and Wang, Lin and Yoon, Kuk-Jin},
  booktitle={Proceedings of the European Conference on Computer Vision (ECCV)},
  year={2022}
}

@article{ledvdi, 
title={Learning Event-Driven Video Deblurring and Interpolation}, 
author={Lin, Songnan and Zhang, Jiawei and Pan, Jinshan and Jiang, Zhe and Zou, Dongqing and Wang, Yongtian and Chen, Jing and Ren, Jimmy}, 
journal={ECCV}, 
year={2020} 
}

@inproceedings{lee2020adacof,
  title={Adacof: Adaptive collaboration of flows for video frame interpolation},
  author={Lee, Hyeongmin and Kim, Taeoh and Chung, Tae-young and Pak, Daehyun and Ban, Yuseok and Lee, Sangyoun},
  booktitle={Proceedings of the IEEE/CVF Conference on Computer Vision and Pattern Recognition},
  pages={5316--5325},
  year={2020}
}

@inproceedings{liu2020enhanced,
  title={Enhanced quadratic video interpolation},
  author={Liu, Yihao and Xie, Liangbin and Siyao, Li and Sun, Wenxiu and Qiao, Yu and Dong, Chao},
  booktitle={European Conference on Computer Vision},
  pages={41--56},
  year={2020},
  organization={Springer}
}

@inproceedings{meyer2015phase,
  title={Phase-based frame interpolation for video},
  author={Meyer, Simone and Wang, Oliver and Zimmer, Henning and Grosse, Max and Sorkine-Hornung, Alexander},
  booktitle={Proceedings of the IEEE conference on computer vision and pattern recognition},
  pages={1410--1418},
  year={2015}
}

@inproceedings{meyer2018phasenet,
  title={Phasenet for video frame interpolation},
  author={Meyer, Simone and Djelouah, Abdelaziz and McWilliams, Brian and Sorkine-Hornung, Alexander and Gross, Markus and Schroers, Christopher},
  booktitle={Proceedings of the IEEE Conference on Computer Vision and Pattern Recognition},
  pages={498--507},
  year={2018}
}

@inproceedings{niklaus2020softmax,
  title={Softmax splatting for video frame interpolation},
  author={Niklaus, Simon and Liu, Feng},
  booktitle={Proceedings of the IEEE/CVF Conference on Computer Vision and Pattern Recognition},
  pages={5437--5446},
  year={2020}
}

@inproceedings{qvi,
	title={Quadratic video interpolation},
	author={Xiangyu Xu and Li Siyao and Wenxiu Sun and Qian Yin and Ming-Hsuan Yang},
	booktitle = {NeurIPS},
	year={2019}
}

@inproceedings{sepconv,
         author = {Simon Niklaus and Long Mai and Feng Liu},
         title = {Video Frame Interpolation via Adaptive Convolution},
         booktitle = {IEEE Conference on Computer Vision and Pattern Recognition},
         year = {2017}
     }

@inproceedings{shi2022video,
  title={Video frame interpolation transformer},
  author={Shi, Zhihao and Xu, Xiangyu and Liu, Xiaohong and Chen, Jun and Yang, Ming-Hsuan},
  booktitle={Proceedings of the IEEE/CVF Conference on Computer Vision and Pattern Recognition},
  pages={17482--17491},
  year={2022}
}

@inproceedings{sun2022event,
      author = {Sun, Lei and Sakaridis, Christos and Liang, Jingyun and Jiang, Qi and Yang, Kailun and Sun, Peng and Ye, Yaozu and Wang, Kaiwei and Van Gool, Luc},
      title = {Event-Based Fusion for Motion Deblurring with Cross-modal Attention},
      booktitle = {European Conference on Computer Vision (ECCV)},
      year = 2022
}

@inproceedings{superslowmo,
  title={Super slomo: High quality estimation of multiple intermediate frames for video interpolation},
  author={Jiang, Huaizu and Sun, Deqing and Jampani, Varun and Yang, Ming-Hsuan and Learned-Miller, Erik and Kautz, Jan},
  booktitle={Proceedings of the IEEE conference on computer vision and pattern recognition},
  pages={9000--9008},
  year={2018}
}

@inproceedings{teed2020raft,
  title={Raft: Recurrent all-pairs field transforms for optical flow},
  author={Teed, Zachary and Deng, Jia},
  booktitle={European conference on computer vision},
  pages={402--419},
  year={2020},
  organization={Springer}
}

@inproceedings{timelens,
  title={Time lens: Event-based video frame interpolation},
  author={Tulyakov, Stepan and Gehrig, Daniel and Georgoulis, Stamatios and Erbach, Julius and Gehrig, Mathias and Li, Yuanyou and Scaramuzza, Davide},
  booktitle={Proceedings of the IEEE/CVF Conference on Computer Vision and Pattern Recognition},
  pages={16155--16164},
  year={2021}
}

@Article{timelens++,
  author        = {Stepan Tulyakov and Alfredo Bochicchio and Daniel Gehrig and Stamatios Georgoulis and Yuanyou Li and
                  Davide Scaramuzza},
  title         = {{Time Lens++}: Event-based Frame Interpolation with Non-linear Parametric Flow and Multi-scale Fusion},
  journal       = "IEEE Conference on Computer Vision and Pattern Recognition",
  year          = 2022
}

@inproceedings{timereplayer,
  title={TimeReplayer: Unlocking the Potential of Event Cameras for Video Interpolation},
  author={He, Weihua and You, Kaichao and Qiao, Zhendong and Jia, Xu and Zhang, Ziyang and Wang, Wenhui and Lu, Huchuan and Wang, Yaoyuan and Liao, Jianxing},
  booktitle={Proceedings of the IEEE/CVF Conference on Computer Vision and Pattern Recognition},
  pages={17804--17813},
  year={2022}
}

@inproceedings{vfiformer,
    author = {Lu, Liying and Wu, Ruizheng and Lin, Huaijia and Lu, Jiangbo and Jia, Jiaya},
    title={Video Frame Interpolation with Transformer},
    booktitle={IEEE Conference on Computer Vision and Pattern Recognition (CVPR)},
    year={2022},
}

@inproceedings{wevi,
  title={Training weakly supervised video frame interpolation with events},
  author={Yu, Zhiyang and Zhang, Yu and Liu, Deyuan and Zou, Dongqing and Chen, Xijun and Liu, Yebin and Ren, Jimmy S},
  booktitle={Proceedings of the IEEE/CVF International Conference on Computer Vision},
  pages={14589--14598},
  year={2021}
}

@inproceedings{xu2021motion,
  title={Motion deblurring with real events},
  author={Xu, Fang and Yu, Lei and Wang, Bishan and Yang, Wen and Xia, Gui-Song and Jia, Xu and Qiao, Zhendong and Liu, Jianzhuang},
  booktitle={Proceedings of the IEEE/CVF International Conference on Computer Vision},
  pages={2583--2592},
  year={2021}
}

