@article{hamzeh2020prediction,
  title={Prediction of tumor location in prostate cancer tissue using a machine learning system on gene expression data},
  author={Hamzeh, Osama and Alkhateeb, Abedalrhman and Zheng, Julia and Kandalam, Srinath and Rueda, Luis},
  journal={BMC bioinformatics},
  volume={21},
  pages={1--10},
  year={2020},
  publisher={Springer},
  doi={https://doi.org/10.1186/s12859-020-3345-9}
}

@article{koziarski2024diagset,
  title={DiagSet: a dataset for prostate cancer histopathological image classification},
  author={Koziarski, Micha{\l} and Cyganek, Bogus{\l}aw and Niedziela, Przemys{\l}aw and Olborski, Bogus{\l}aw and Antosz, Zbigniew and {\.Z}ydak, Marcin and Kwolek, Bogdan and Wasowicz, Pawe{\l} and Buka{\l}a, Andrzej and Swad{\'z}ba, Jakub and others},
  journal={Scientific Reports},
  volume={14},
  number={1},
  pages={6780},
  year={2024},
  publisher={Nature Publishing Group UK London},
  doi={https://doi.org/10.1038/s41598-024-52183-4}
}

@article{mehralivand2022deep,
  title={Deep learning-based artificial intelligence for prostate cancer detection at biparametric MRI},
  author={Mehralivand, Sherif and Yang, Dong and Harmon, Stephanie A and Xu, Daguang and Xu, Ziyue and Roth, Holger and Masoudi, Samira and Kesani, Deepak and Lay, Nathan and Merino, Maria J and others},
  journal={Abdominal Radiology},
  volume={47},
  number={4},
  pages={1425--1434},
  year={2022},
  publisher={Springer},
  doi={https://doi.org/10.1007/s00261-022-03419-2}
}

@inproceedings{singireddy2015identifying,
  title={Identifying differentially expressed transcripts associated with prostate cancer progression using RNA-Seq and machine learning techniques},
  author={Singireddy, Siva and Alkhateeb, Abed and Rezaeian, Iman and Rueda, Luis and Cavallo-Medved, Dora and Porter, Lisa},
  booktitle={2015 IEEE Conference on Computational Intelligence in Bioinformatics and Computational Biology (CIBCB)},
  pages={1--5},
  year={2015},
  organization={IEEE},
  DOI={10.1109/CIBCB.2015.7300302}
}

@article{tuataru2021artificial,
  title={Artificial intelligence and machine learning in prostate cancer patient management—current trends and future perspectives},
  author={T{\u{a}}taru, Octavian Sabin and Vartolomei, Mihai Dorin and Rassweiler, Jens J and Virgil, Oșan and Lucarelli, Giuseppe and Porpiglia, Francesco and Amparore, Daniele and Manfredi, Matteo and Carrieri, Giuseppe and Falagario, Ugo and others},
  journal={Diagnostics},
  volume={11},
  number={2},
  pages={354},
  year={2021},
  publisher={MDPI},
  doi={https://doi.org/10.3390/diagnostics11020354}
}

