@article{tercan2013multivariate,
  title={Multivariate geostatistical simulation of coal quality data by independent components},
  author={Tercan, AE and Sohrabian, B},
  journal={International Journal of Coal Geology},
  volume={112},
  pages={53--66},
  year={2013},
  publisher={Elsevier},
  doi={https://doi.org/10.1016/j.coal.2012.10.007}
}


@article{arham2024study,
  title={A Study on Comparative Analysis of Feature Selection Algorithms for Students Grades Prediction},
  author={Arham Tariq, Muhammad},
  journal={Journal of Information and Organizational Sciences},
  volume={48},
  number={1},
  pages={133--147},
  year={2024},
  publisher={Sveu{\v{c}}ili{\v{s}}te u Zagrebu Fakultet organizacije i informatike},
 doi={https://doi.org/10.31341/jios.48.1.7}
}

@article{mitchell2017accelerating,
  title={Accelerating the XGBoost algorithm using GPU computing},
  author={Mitchell, Rory and Frank, Eibe},
  journal={PeerJ Computer Science},
  volume={3},
  pages={e127},
  year={2017},
  publisher={PeerJ Inc.},
  doi={ https://doi.org/10.7717/peerj-cs.127}
}

@article{lee2020bootstrap,
  title={Bootstrap aggregating and random forest},
  author={Lee, Tae-Hwy and Ullah, Aman and Wang, Ran},
  journal={Macroeconomic forecasting in the era of big data: Theory and practice},
  pages={389--429},
  year={2020},
  publisher={Springer},
doi={https://doi.org/10.1007/978-3-030-31150-6_13}
}
@article{cover1967nearest,
  title={Nearest neighbor pattern classification},
  author={Cover, Thomas and Hart, Peter},
  journal={IEEE transactions on information theory},
  volume={13},
  number={1},
  pages={21--27},
  year={1967},
  publisher={IEEE},
  Doi={10.1109/TIT.1967.1053964}
}

@article{noble2006support,
  title={Machine learning and deep learning in project analytics: methods, applications and research trends},
  author={Uddin, Shahadat and Yan, Sirui and Lu, Haohui},
  journal={Production Planning \& Control},
  pages={1--20},
  year={2024},
  publisher={Taylor \& Francis},
  doi={https://doi.org/10.1080/09537287.2024.2320790 }
}

@article{zhang2004optimality,
  title={The optimality of naive Bayes},
  author={Zhang, Harry},
  journal={Aa},
  volume={1},
  number={2},
  pages={3},
  year={2004}
}

@book{edgar2017research,
  title={Research methods for cyber security},
  author={Edgar, Thomas W and Manz, David O},
  year={2017},
  publisher={Syngress}
}


@article{jegelevivcius2002application,
  title={Application of data mining technique for diagnosis of posterior uveal melanoma},
  author={Jegelevi{\v{c}}ius, Darius and Luko{\v{s}}evi{\v{c}}ius, Ar{\=u}nas and Paunksnis, Alvydas and Barzd{\v{z}}iukas, Valerijus},
  journal={Informatica},
  volume={13},
  number={4},
  pages={455--464},
  year={2002},
  publisher={IOS Press},
  doi={10.3233/INF-2002-13406}
}

@article{bray2024global,
  title={Global cancer statistics 2022: GLOBOCAN estimates of incidence and mortality worldwide for 36 cancers in 185 countries},
  author={Bray, Freddie and Laversanne, Mathieu and Sung, Hyuna and Ferlay, Jacques and Siegel, Rebecca L and Soerjomataram, Isabelle and Jemal, Ahmedin},
  journal={CA: a cancer journal for clinicians},
  volume={74},
  number={3},
  pages={229--263},
  year={2024},
  publisher={Wiley Online Library},
  doi={ https://doi.org/10.3322/caac.21834}
}

@article{gandaglia2021epidemiology,
  title={Epidemiology and prevention of prostate cancer},
  author={Gandaglia, Giorgio and Leni, Riccardo and Bray, Freddie and Fleshner, Neil and Freedland, Stephen J and Kibel, Adam and Stattin, P{\"a}r and Van Poppel, Hendrick and La Vecchia, Carlo},
  journal={European urology oncology},
  volume={4},
  number={6},
  pages={877--892},
  year={2021},
  publisher={Elsevier},
  doi={https://doi.org/10.1016/j.euo.2021.09.006}
}

@article{bannister2016cancer,
  title={Cancer survival by stage at diagnosis for England (experimental statistics): adults diagnosed 2012, 2013 and 2014 and followed up to 2015},
  author={Bannister, Neil and Broggio, John},
  journal={Produced in collaboration with Public Health England},
  year={2016}
}

@article{dai2022advances,
  title={Advances and trends in omics technology development},
  author={Dai, Xiaofeng and Shen, Li},
  journal={Frontiers in Medicine},
  volume={9},
  pages={911861},
  year={2022},
  publisher={Frontiers},
  doi={https://doi.org/10.3389/fmed.2022.911861}
}

@article{bostanci2023machine,
  title={Machine learning analysis of RNA-seq data for diagnostic and prognostic prediction of colon cancer},
  author={Bostanci, Erkan and Kocak, Engin and Unal, Metehan and Guzel, Mehmet Serdar and Acici, Koray and Asuroglu, Tunc},
  journal={Sensors},
  volume={23},
  number={6},
  pages={3080},
  year={2023},
  publisher={MDPI},
  doi={https://doi.org/10.3390/s23063080}
}

@inproceedings{danaee2017deep,
  title={A deep learning approach for cancer detection and relevant gene identification},
  author={Danaee, Padideh and Ghaeini, Reza and Hendrix, David A},
  booktitle={Pacific symposium on biocomputing. pacific symposium on biocomputing},
  volume={22},
  pages={219},
  year={2016},
  organization={NIH Public Access},
  doi={10.1142/9789813207813_0022}
}

@article{khattak2021enhanced,
  title={Enhanced concept-level sentiment analysis system with expanded ontological relations for efficient classification of user reviews},
  author={Khattak, Asad and Asghar, Muhammad Zubair and Ishaq, Zain and Bangyal, Waqas Haider and Hameed, Ibrahim A},
  journal={Egyptian Informatics Journal},
  volume={22},
  number={4},
  pages={455--471},
  year={2021},
  publisher={Elsevier},
  doi={https://doi.org/10.1016/j.eij.2021.03.001}
}

@inproceedings{angra2017machine,
  title={Machine learning and its applications: A review},
  author={Angra, Sheena and Ahuja, Sachin},
  booktitle={2017 international conference on big data analytics and computational intelligence (ICBDAC)},
  pages={57--60},
  year={2017},
  organization={IEEE},
  doi={10.1109/ICBDACI.2017.8070809}
  
}



@article{lecun2015deep,
  title={Deep learning},
  author={LeCun, Yann and Bengio, Yoshua and Hinton, Geoffrey},
  journal={nature},
  volume={521},
  number={7553},
  pages={436--444},
  year={2015},
  publisher={Nature Publishing Group UK London},
  doi={https://doi.org/10.1038/nature14539}

}


@article{jiang2017artificial,
  title={Artificial intelligence in healthcare: past, present and future},
  author={Jiang, Fei and Jiang, Yong and Zhi, Hui and Dong, Yi and Li, Hao and Ma, Sufeng and Wang, Yilong and Dong, Qiang and Shen, Haipeng and Wang, Yongjun},
  journal={Stroke and vascular neurology},
  volume={2},
  number={4},
  year={2017},
  publisher={BMJ Specialist Journals},
  doi={https://doi.org/10.1136/svn-2017-000101}
}

@article{jewett1956significance,
  title={Significance of the palpable prostatic nodule},
  author={Jewett, Hugh J},
  journal={Journal of the American Medical Association},
  volume={160},
  number={10},
  pages={838--839},
  year={1956},
  publisher={American Medical Association},
  doi={10.1001/jama.1956.02960450020005}
}

@article{partin1993use,
  title={The use of prostate specific antigen, clinical stage and Gleason score to predict pathological stage in men with localized prostate cancer},
  author={Partin, Alan W and Yoo, John and Carter, H Ballentine and Pearson, Jay D and Chan, Daniel W and Epstein, Jonathan I and Walsh, Patrick C},
  journal={The Journal of urology},
  volume={150},
  number={1},
  pages={110--114},
  year={1993},
  publisher={Elsevier},
  doi={10.1016/S0022-5347(17)35410-1}
}

@article{ruijter1996histological,
  title={Histological grade heterogeneity in multifocal prostate cancer. Biological and clinical implications},
  author={RUIJTER, EMIEL TH and VAN DE KAA, CHRISTINA A and SCHALKEN, JACK A and DEBRUYNE, FRANS M and RUITER, DIRK J},
  journal={The Journal of pathology},
  volume={180},
  number={3},
  pages={295--299},
  year={1996},
  publisher={Wiley Online Library},
  doi={10.1002/(SICI)1096-9896(199611)180:3<295::AID-PATH663>3.0.CO;2-W}
}

@article{harvey2012applications,
  title={Applications of transrectal ultrasound in prostate cancer},
  author={Harvey, CJ and Pilcher, J and Richenberg, Jonathan and Patel, Uday and Frauscher, Ferdinand},
  journal={The British journal of radiology},
  volume={85},
  number={special\_issue\_1},
  pages={S3--S17},
  year={2012},
  publisher={The British Institute of Radiology. 131--151 Great Titchfield Street, London~â€¦},
  doi={10.1259/bjr/56357549}
}

@article{hamzeh2020prediction,
  title={Prediction of tumor location in prostate cancer tissue using a machine learning system on gene expression data},
  author={Hamzeh, Osama and Alkhateeb, Abedalrhman and Zheng, Julia and Kandalam, Srinath and Rueda, Luis},
  journal={BMC bioinformatics},
  volume={21},
  pages={1--10},
  year={2020},
  publisher={Springer},
  doi={https://doi.org/10.1186/s12859-020-3345-9}
}

@inproceedings{singireddy2015identifying,
  title={Identifying differentially expressed transcripts associated with prostate cancer progression using RNA-Seq and machine learning techniques},
  author={Singireddy, Siva and Alkhateeb, Abed and Rezaeian, Iman and Rueda, Luis and Cavallo-Medved, Dora and Porter, Lisa},
  booktitle={2015 IEEE Conference on Computational Intelligence in Bioinformatics and Computational Biology (CIBCB)},
  pages={1--5},
  year={2015},
  organization={IEEE},
  DOI={10.1109/CIBCB.2015.7300302}
}

@article{koziarski2024diagset,
  title={DiagSet: a dataset for prostate cancer histopathological image classification},
  author={Koziarski, Micha{\l} and Cyganek, Bogus{\l}aw and Niedziela, Przemys{\l}aw and Olborski, Bogus{\l}aw and Antosz, Zbigniew and {\.Z}ydak, Marcin and Kwolek, Bogdan and Wasowicz, Pawe{\l} and Buka{\l}a, Andrzej and Swad{\'z}ba, Jakub and others},
  journal={Scientific Reports},
  volume={14},
  number={1},
  pages={6780},
  year={2024},
  publisher={Nature Publishing Group UK London},
  doi={https://doi.org/10.1038/s41598-024-52183-4}
}

@article{tuataru2021artificial,
  title={Artificial intelligence and machine learning in prostate cancer patient managementâ€”current trends and future perspectives},
  author={T{\u{a}}taru, Octavian Sabin and Vartolomei, Mihai Dorin and Rassweiler, Jens J and Virgil, OÈ™an and Lucarelli, Giuseppe and Porpiglia, Francesco and Amparore, Daniele and Manfredi, Matteo and Carrieri, Giuseppe and Falagario, Ugo and others},
  journal={Diagnostics},
  volume={11},
  number={2},
  pages={354},
  year={2021},
  publisher={MDPI},
  doi={https://doi.org/10.3390/diagnostics11020354}
}

@article{mackiewicz1993principal,
  title={Principal components analysis (PCA)},
  author={Ma{\'c}kiewicz, Andrzej and Ratajczak, Waldemar},
  journal={Computers \& Geosciences},
  volume={19},
  number={3},
  pages={303--342},
  year={1993},
  publisher={Elsevier},
  doi={https://doi.org/10.1016/0098-3004(93)90090-R}
}

@article{ge2020shinygo,
  title={ShinyGO: a graphical gene-set enrichment tool for animals and plants},
  author={Ge, Steven Xijin and Jung, Dongmin and Yao, Runan},
  journal={Bioinformatics},
  volume={36},
  number={8},
  pages={2628--2629},
  year={2020},
  publisher={Oxford University Press},
 doi={https://doi.org/10.1093/bioinformatics/btz931}
}

@article{mehralivand2022deep,
  title={Deep learning-based artificial intelligence for prostate cancer detection at biparametric MRI},
  author={Mehralivand, Sherif and Yang, Dong and Harmon, Stephanie A and Xu, Daguang and Xu, Ziyue and Roth, Holger and Masoudi, Samira and Kesani, Deepak and Lay, Nathan and Merino, Maria J and others},
  journal={Abdominal Radiology},
  volume={47},
  number={4},
  pages={1425--1434},
  year={2022},
  publisher={Springer},
  doi={https://doi.org/10.1007/s00261-022-03419-2}
}

@article{regnier2012machine,
  title={Machine learning for improved pathological staging of prostate cancer: a performance comparison on a range of classifiers},
  author={Regnier-Coudert, Olivier and McCall, John and Lothian, Robert and Lam, Thomas and McClinton, Sam and Nâ€™Dow, James},
  journal={Artificial intelligence in medicine},
  volume={55},
  number={1},
  pages={25--35},
  year={2012},
  publisher={Elsevier},
  doi={https://doi.org/10.1016/j.artmed.2011.11.003}
}

@book{chollet2021deep,
  title={Deep learning with Python},
  author={Chollet, Francois},
  year={2021},
  publisher={Simon and Schuster}
}