@article{ainsworth2022git,
  title={Git re-basin: Merging models modulo permutation symmetries},
  author={Ainsworth, Samuel K and Hayase, Jonathan and Srinivasa, Siddhartha},
  journal={arXiv preprint arXiv:2209.04836},
  year={2022}
}

@article{chen2023accelerating,
  title={Accelerating large language model decoding with speculative sampling},
  author={Chen, Charlie and Borgeaud, Sebastian and Irving, Geoffrey and Lespiau, Jean-Baptiste and Sifre, Laurent and Jumper, John},
  journal={arXiv preprint arXiv:2302.01318},
  year={2023}
}

@article{elhoushi2024layer,
  title={Layer skip: Enabling early exit inference and self-speculative decoding},
  author={Elhoushi, Mostafa and Shrivastava, Akshat and Liskovich, Diana and Hosmer, Basil and Wasti, Bram and Lai, Liangzhen and Mahmoud, Anas and Acun, Bilge and Agarwal, Saurabh and Roman, Ahmed and others},
  journal={arXiv preprint arXiv:2404.16710},
  year={2024}
}

@article{goddard2024arcee,
  title={Arcee's MergeKit: A Toolkit for Merging Large Language Models},
  author={Goddard, Charles and Siriwardhana, Shamane and Ehghaghi, Malikeh and Meyers, Luke and Karpukhin, Vlad and Benedict, Brian and McQuade, Mark and Solawetz, Jacob},
  journal={arXiv preprint arXiv:2403.13257},
  year={2024}
}

@article{gu2024chared,
  title={CharED: Character-wise Ensemble Decoding for Large Language Models},
  author={Gu, Kevin and Tuecke, Eva and Katz, Dmitriy and Horesh, Raya and Alvarez-Melis, David and Yurochkin, Mikhail},
  journal={arXiv preprint arXiv:2407.11009},
  year={2024}
}

@article{he2023rest,
  title={Rest: Retrieval-based speculative decoding},
  author={He, Zhenyu and Zhong, Zexuan and Cai, Tianle and Lee, Jason D and He, Di},
  journal={arXiv preprint arXiv:2311.08252},
  year={2023}
}

@article{ito2024analysis,
  title={Analysis of Linear Mode Connectivity via Permutation-Based Weight Matching},
  author={Ito, Akira and Yamada, Masanori and Kumagai, Atsutoshi},
  journal={arXiv preprint arXiv:2402.04051},
  year={2024}
}

@article{kim2023solar,
  title={Solar 10.7 b: Scaling large language models with simple yet effective depth up-scaling},
  author={Kim, Dahyun and Park, Chanjun and Kim, Sanghoon and Lee, Wonsung and Song, Wonho and Kim, Yunsu and Kim, Hyeonwoo and Kim, Yungi and Lee, Hyeonju and Kim, Jihoo and others},
  journal={arXiv preprint arXiv:2312.15166},
  year={2023}
}

@inproceedings{leviathan2023fast,
  title={Fast inference from transformers via speculative decoding},
  author={Leviathan, Yaniv and Kalman, Matan and Matias, Yossi},
  booktitle={International Conference on Machine Learning},
  pages={19274--19286},
  year={2023},
  organization={PMLR}
}

@article{li2024nearest,
  title={Nearest Neighbor Speculative Decoding for LLM Generation and Attribution},
  author={Li, Minghan and Chen, Xilun and Holtzman, Ari and Chen, Beidi and Lin, Jimmy and Yih, Wen-tau and Lin, Xi Victoria},
  journal={arXiv preprint arXiv:2405.19325},
  year={2024}
}

@article{miao2023specinfer,
  title={SpecInfer: Accelerating Generative Large Language Model Serving with Tree-based Speculative Inference and Verification},
  author={Miao, Xupeng and Oliaro, Gabriele and Zhang, Zhihao and Cheng, Xinhao and Wang, Zeyu and Zhang, Zhengxin and Wong, Rae Ying Yee and Zhu, Alan and Yang, Lijie and Shi, Xiaoxiang and others},
  journal={arXiv preprint arXiv:2305.09781},
  year={2023}
}

@article{shen2024learning,
  title={Learning to decode collaboratively with multiple language models},
  author={Shen, Shannon Zejiang and Lang, Hunter and Wang, Bailin and Kim, Yoon and Sontag, David},
  journal={arXiv preprint arXiv:2403.03870},
  year={2024}
}

@article{stern2018blockwise,
  title={Blockwise parallel decoding for deep autoregressive models},
  author={Stern, Mitchell and Shazeer, Noam and Uszkoreit, Jakob},
  journal={Advances in Neural Information Processing Systems},
  volume={31},
  year={2018}
}

@article{wan2024knowledge,
  title={Knowledge fusion of large language models},
  author={Wan, Fanqi and Huang, Xinting and Cai, Deng and Quan, Xiaojun and Bi, Wei and Shi, Shuming},
  journal={arXiv preprint arXiv:2401.10491},
  year={2024}
}

@article{wang2020federated,
  title={Federated learning with matched averaging},
  author={Wang, Hongyi and Yurochkin, Mikhail and Sun, Yuekai and Papailiopoulos, Dimitris and Khazaeni, Yasaman},
  journal={arXiv preprint arXiv:2002.06440},
  year={2020}
}

@article{wang2023fusing,
  title={Fusing models with complementary expertise},
  author={Wang, Hongyi and Polo, Felipe Maia and Sun, Yuekai and Kundu, Souvik and Xing, Eric and Yurochkin, Mikhail},
  journal={arXiv preprint arXiv:2310.01542},
  year={2023}
}

@inproceedings{wortsman2022model,
  title={Model soups: averaging weights of multiple fine-tuned models improves accuracy without increasing inference time},
  author={Wortsman, Mitchell and Ilharco, Gabriel and Gadre, Samir Ya and Roelofs, Rebecca and Gontijo-Lopes, Raphael and Morcos, Ari S and Namkoong, Hongseok and Farhadi, Ali and Carmon, Yair and Kornblith, Simon and others},
  booktitle={International conference on machine learning},
  pages={23965--23998},
  year={2022},
  organization={PMLR}
}

@article{wu2024llama,
  title={Llama pro: Progressive llama with block expansion},
  author={Wu, Chengyue and Gan, Yukang and Ge, Yixiao and Lu, Zeyu and Wang, Jiahao and Feng, Ye and Luo, Ping and Shan, Ying},
  journal={arXiv preprint arXiv:2401.02415},
  year={2024}
}

@inproceedings{xia2023speculative,
  title={Speculative decoding: Exploiting speculative execution for accelerating seq2seq generation},
  author={Xia, Heming and Ge, Tao and Wang, Peiyi and Chen, Si-Qing and Wei, Furu and Sui, Zhifang},
  booktitle={Findings of the Association for Computational Linguistics: EMNLP 2023},
  pages={3909--3925},
  year={2023}
}

@article{xia2024unlocking,
  title={Unlocking efficiency in large language model inference: A comprehensive survey of speculative decoding},
  author={Xia, Heming and Yang, Zhe and Dong, Qingxiu and Wang, Peiyi and Li, Yongqi and Ge, Tao and Liu, Tianyu and Li, Wenjie and Sui, Zhifang},
  journal={arXiv preprint arXiv:2401.07851},
  year={2024}
}

@article{xue2024openmoe,
  title={Openmoe: An early effort on open mixture-of-experts language models},
  author={Xue, Fuzhao and Zheng, Zian and Fu, Yao and Ni, Jinjie and Zheng, Zangwei and Zhou, Wangchunshu and You, Yang},
  journal={arXiv preprint arXiv:2402.01739},
  year={2024}
}

@article{yang2023predictive,
  title={Predictive pipelined decoding: A compute-latency trade-off for exact LLM decoding},
  author={Yang, Seongjun and Lee, Gibbeum and Cho, Jaewoong and Papailiopoulos, Dimitris and Lee, Kangwook},
  journal={arXiv preprint arXiv:2307.05908},
  year={2023}
}

@article{zhang2023draft,
  title={Draft \& verify: Lossless large language model acceleration via self-speculative decoding},
  author={Zhang, Jun and Wang, Jue and Li, Huan and Shou, Lidan and Chen, Ke and Chen, Gang and Mehrotra, Sharad},
  journal={arXiv preprint arXiv:2309.08168},
  year={2023}
}

@article{zhou2023distillspec,
  title={Distillspec: Improving speculative decoding via knowledge distillation},
  author={Zhou, Yongchao and Lyu, Kaifeng and Rawat, Ankit Singh and Menon, Aditya Krishna and Rostamizadeh, Afshin and Kumar, Sanjiv and Kagy, Jean-Fran{\c{c}}ois and Agarwal, Rishabh},
  journal={arXiv preprint arXiv:2310.08461},
  year={2023}
}

@article{zhu2024llama,
  title={Llama-moe: Building mixture-of-experts from llama with continual pre-training},
  author={Zhu, Tong and Qu, Xiaoye and Dong, Daize and Ruan, Jiacheng and Tong, Jingqi and He, Conghui and Cheng, Yu},
  journal={arXiv preprint arXiv:2406.16554},
  year={2024}
}

