@inproceedings{chan2022basicvsrpp,
  author = {Chan, Kelvin C.K. and Zhou, Shangchen and Xu, Xiangyu and Loy, Chen Change},
  title = {{BasicVSR++}: Improving video super-resolution with enhanced propagation and alignment},
  booktitle = {IEEE Conference on Computer Vision and Pattern Recognition},
  year = {2022},
url ={https://openaccess.thecvf.com/content/CVPR2022/papers/Chan_BasicVSR_Improving_Video_Super-Resolution_With_Enhanced_Propagation_and_Alignment_CVPR_2022_paper.pdf}
}

@article{chan2022investigating,
    author    = {Chan, Kelvin C.K. and Zhou, Shangchen and Xu, Xiangyu and Loy, Chen Change},
    title     = {Investigating Tradeoffs in Real-World Video Super-Resolution},
    booktitle = {Proceedings of the IEEE/CVF Conference on Computer Vision and Pattern Recognition (CVPR)},
    month     = {June},
    year      = {2022},
    pages     = {5962-5971}
}

@article{efficient2024lightweight,
  title={Efficient lightweight network for video super-resolution},
  author={Zhang, Yong and Bai, Haomou and Bing, Yaxing and Liang, Xiao},
  journal={Neural Processing Letters},
  year={2024}
}

@inproceedings{huang2024dynamic,

author = {Huang, Cong and Li, Jiahao and Chu, Lei and Liu, Dong and Lu, Yan},
title = {Arbitrary-scale video super-resolution guided by dynamic context},
year = {2024},
isbn = {978-1-57735-887-9},
publisher = {AAAI Press},
url = {https://doi.org/10.1609/aaai.v38i3.28003},
doi = {10.1609/aaai.v38i3.28003},
booktitle = {Proceedings of the Thirty-Eighth AAAI Conference on Artificial Intelligence and Thirty-Sixth Conference on Innovative Applications of Artificial Intelligence and Fourteenth Symposium on Educational Advances in Artificial Intelligence},
articleno = {255},
numpages = {9},
series = {AAAI'24/IAAI'24/EAAI'24}
}
}

@inproceedings{liang2022rvrt,
 author = {Liang, Jingyun and Fan, Yuchen and Xiang, Xiaoyu and Ranjan, Rakesh and Ilg, Eddy and Green, Simon and Cao, Jiezhang and Zhang, Kai and Timofte, Radu and Gool, Luc V},
 booktitle = {Advances in Neural Information Processing Systems},
 editor = {S. Koyejo and S. Mohamed and A. Agarwal and D. Belgrave and K. Cho and A. Oh},
 pages = {378--393},
 publisher = {Curran Associates, Inc.},
 title = {Recurrent Video Restoration Transformer with Guided Deformable Attention},
 url = {https://proceedings.neurips.cc/paper_files/paper/2022/file/02687e7b22abc64e651be8da74ec610e-Paper-Conference.pdf},
 volume = {35},
 year = {2022}
}

@article{liu2025vsrdiff,
  author={Liu, Linlin and Niu, Lele and Tang, Jun and Ding, Yong},
  journal={IEEE Access}, 
  title={VSRDiff: Learning Inter-Frame Temporal Coherence in Diffusion Model for Video Super-Resolution}, 
  year={2025},
  volume={13},
  number={},
  pages={11447-11462},
  keywords={Diffusion models;Image reconstruction;Visualization;Superresolution;Noise reduction;Coherence;Noise;Distortion;Feature extraction;Convolution;Video super-resolution;diffusion models;denoising diffusion probabilistic models;deep learning;convolutional neural network},
  doi={10.1109/ACCESS.2025.3529758}}

@inproceedings{psrt2023,
 author = {Shi, Shuwei and Gu, Jinjin and Xie, Liangbin and Wang, Xintao and Yang, Yujiu and Dong, Chao},
 booktitle = {Advances in Neural Information Processing Systems},
 editor = {S. Koyejo and S. Mohamed and A. Agarwal and D. Belgrave and K. Cho and A. Oh},
 pages = {36081--36093},
 publisher = {Curran Associates, Inc.},
 title = {Rethinking Alignment in Video Super-Resolution Transformers},
 url = {https://proceedings.neurips.cc/paper_files/paper/2022/file/ea4d65c59073e8faf79222654d25fbe2-Paper-Conference.pdf},
 volume = {35},
 year = {2022}
}

@inproceedings{wang2019edvr,
author = {Wang, Xintao and Chan, Kelvin and Yu, Ke and Dong, Chao and Loy, Chen Change},
year = {2019},
month = {06},
pages = {1954-1963},
title = {EDVR: Video Restoration With Enhanced Deformable Convolutional Networks},
doi = {10.1109/CVPRW.2019.00247}
}

@InProceedings{wavemixsr2024,
    author    = {Jeevan, Pranav and Srinidhi, Akella and Prathiba, Pasunuri and Sethi, Amit},
    title     = {WaveMixSR: Resource-Efficient Neural Network for Image Super-Resolution},
    booktitle = {Proceedings of the IEEE/CVF Winter Conference on Applications of Computer Vision (WACV)},
    month     = {January},
    year      = {2024},
    pages     = {5884-5892}
}

@article{zhang2023lightweight,
author = {Luo, Laigan and Yi, Benshun and Wang, Zhongyuan and Yi, Peng and He, Zheng},
year = {2023},
month = {10},
pages = {1-14},
title = {Efficient lightweight network for video super-resolution},
volume = {36},
journal = {Neural Computing and Applications},
doi = {10.1007/s00521-023-09065-z}
}

