@String(PAMI = {IEEE Trans. Pattern Anal. Mach. Intell.})
@String(IJCV = {Int. J. Comput. Vis.})
@String(CVPR= {IEEE Conf. Comput. Vis. Pattern Recog.})
@String(ICCV= {Int. Conf. Comput. Vis.})
@String(ECCV= {Eur. Conf. Comput. Vis.})
@String(NIPS= {Adv. Neural Inform. Process. Syst.})
@String(ICPR = {Int. Conf. Pattern Recog.})
@String(BMVC= {Brit. Mach. Vis. Conf.})
@String(TOG= {ACM Trans. Graph.})
@String(TIP  = {IEEE Trans. Image Process.})
@String(TVCG  = {IEEE Trans. Vis. Comput. Graph.})
@String(TMM  = {IEEE Trans. Multimedia})
@String(ACMMM= {ACM Int. Conf. Multimedia})
@String(ICME = {Int. Conf. Multimedia and Expo})
@String(ICASSP=	{ICASSP})
@String(ICIP = {IEEE Int. Conf. Image Process.})
@String(ACCV  = {ACCV})
@String(ICLR = {Int. Conf. Learn. Represent.})
@String(IJCAI = {IJCAI})
@String(PR   = {Pattern Recognition})
@String(AAAI = {AAAI})
@String(CVPRW= {IEEE Conf. Comput. Vis. Pattern Recog. Worksh.})
@String(CSVT = {IEEE Trans. Circuit Syst. Video Technol.})

@String(SPL	= {IEEE Sign. Process. Letters})
@String(VR   = {Vis. Res.})
@String(JOV	 = {J. Vis.})
@String(TVC  = {The Vis. Comput.})
@String(JCST  = {J. Comput. Sci. Tech.})
@String(CGF  = {Comput. Graph. Forum})
@String(CVM = {Computational Visual Media})


@String(PAMI  = {IEEE TPAMI})
@String(IJCV  = {IJCV})
@String(CVPR  = {CVPR})
@String(ICCV  = {ICCV})
@String(ECCV  = {ECCV})
@String(NIPS  = {NeurIPS})
@String(ICPR  = {ICPR})
@String(BMVC  =	{BMVC})
@String(TOG   = {ACM TOG})
@String(TIP   = {IEEE TIP})
@String(TVCG  = {IEEE TVCG})
@String(TCSVT = {IEEE TCSVT})
@String(TMM   =	{IEEE TMM})
@String(ACMMM = {ACM MM})
@String(ICME  =	{ICME})
@String(ICASSP=	{ICASSP})
@String(ICIP  = {ICIP})
@String(ACCV  = {ACCV})
@String(ICLR  = {ICLR})
@String(IJCAI = {IJCAI})
@String(PR = {PR})
@String(AAAI = {AAAI})
@String(CVPRW= {CVPRW})
@String(CSVT = {IEEE TCSVT})


\bibliographystyle{unsrt}
\bibliography{references}

@inproceedings{chan2022basicvsrpp,
  author = {Chan, Kelvin C.K. and Zhou, Shangchen and Xu, Xiangyu and Loy, Chen Change},
  title = {{BasicVSR++}: Improving video super-resolution with enhanced propagation and alignment},
  booktitle = {IEEE Conference on Computer Vision and Pattern Recognition},
  year = {2022},
url ={https://openaccess.thecvf.com/content/CVPR2022/papers/Chan_BasicVSR_Improving_Video_Super-Resolution_With_Enhanced_Propagation_and_Alignment_CVPR_2022_paper.pdf}
}



@article{liang2022vrt,
    title={VRT: A Video Restoration Transformer},
    author={Liang, Jingyun and Cao, Jiezhang and Fan, Yuchen and Zhang, Kai and Ranjan, Rakesh and Li, Yawei and Timofte, Radu and Van Gool, Luc},
    journal={arXiv preprint arXiv:2201.12288},
    year={2022}
}
@inproceedings{liang2022rvrt,
 author = {Liang, Jingyun and Fan, Yuchen and Xiang, Xiaoyu and Ranjan, Rakesh and Ilg, Eddy and Green, Simon and Cao, Jiezhang and Zhang, Kai and Timofte, Radu and Gool, Luc V},
 booktitle = {Advances in Neural Information Processing Systems},
 editor = {S. Koyejo and S. Mohamed and A. Agarwal and D. Belgrave and K. Cho and A. Oh},
 pages = {378--393},
 publisher = {Curran Associates, Inc.},
 title = {Recurrent Video Restoration Transformer with Guided Deformable Attention},
 url = {https://proceedings.neurips.cc/paper_files/paper/2022/file/02687e7b22abc64e651be8da74ec610e-Paper-Conference.pdf},
 volume = {35},
 year = {2022}
}

@article{liu2025vsrdiff,
  author={Liu, Linlin and Niu, Lele and Tang, Jun and Ding, Yong},
  journal={IEEE Access}, 
  title={VSRDiff: Learning Inter-Frame Temporal Coherence in Diffusion Model for Video Super-Resolution}, 
  year={2025},
  volume={13},
  number={},
  pages={11447-11462},
  keywords={Diffusion models;Image reconstruction;Visualization;Superresolution;Noise reduction;Coherence;Noise;Distortion;Feature extraction;Convolution;Video super-resolution;diffusion models;denoising diffusion probabilistic models;deep learning;convolutional neural network},
  doi={10.1109/ACCESS.2025.3529758}}

@article{efficient2024lightweight,
  title={Efficient lightweight network for video super-resolution},
  author={Zhang, Yong and Bai, Haomou and Bing, Yaxing and Liang, Xiao},
  journal={Neural Processing Letters},
  year={2024}
}

@article{zhang2023lightweight,
author = {Luo, Laigan and Yi, Benshun and Wang, Zhongyuan and Yi, Peng and He, Zheng},
year = {2023},
month = {10},
pages = {1-14},
title = {Efficient lightweight network for video super-resolution},
volume = {36},
journal = {Neural Computing and Applications},
doi = {10.1007/s00521-023-09065-z}
}
@article{chan2022investigating,
    author    = {Chan, Kelvin C.K. and Zhou, Shangchen and Xu, Xiangyu and Loy, Chen Change},
    title     = {Investigating Tradeoffs in Real-World Video Super-Resolution},
    booktitle = {Proceedings of the IEEE/CVF Conference on Computer Vision and Pattern Recognition (CVPR)},
    month     = {June},
    year      = {2022},
    pages     = {5962-5971}
}

@inproceedings{huang2024dynamic,

author = {Huang, Cong and Li, Jiahao and Chu, Lei and Liu, Dong and Lu, Yan},
title = {Arbitrary-scale video super-resolution guided by dynamic context},
year = {2024},
isbn = {978-1-57735-887-9},
publisher = {AAAI Press},
url = {https://doi.org/10.1609/aaai.v38i3.28003},
doi = {10.1609/aaai.v38i3.28003},
booktitle = {Proceedings of the Thirty-Eighth AAAI Conference on Artificial Intelligence and Thirty-Sixth Conference on Innovative Applications of Artificial Intelligence and Fourteenth Symposium on Educational Advances in Artificial Intelligence},
articleno = {255},
numpages = {9},
series = {AAAI'24/IAAI'24/EAAI'24}
}
}

@inproceedings{liu2021swin,
    author    = {Liu, Ze and Lin, Yutong and Cao, Yue and Hu, Han and Wei, Yixuan and Zhang, Zheng and Lin, Stephen and Guo, Baining},
    title     = {Swin Transformer: Hierarchical Vision Transformer Using Shifted Windows},
    booktitle = {Proceedings of the IEEE/CVF International Conference on Computer Vision (ICCV)},
    month     = {October},
    year      = {2021},
    pages     = {10012-10022}}

@article{realvsr2021dataset,
  title={Real-world Video Super-resolution: A Benchmark Dataset and A Decomposition based Learning Scheme},
  author={YANG, Xi and Xiang, Wangmeng and Zeng, Hui and Zhang, Lei},
  journal=ICCV,
  year={2021}
}


@inproceedings{liu2022convnext,
  author       = {Zhuang Liu and
                  Hanzi Mao and
                  Chao{-}Yuan Wu and
                  Christoph Feichtenhofer and
                  Trevor Darrell and
                  Saining Xie},
  title        = {A ConvNet for the 2020s},
  booktitle    = {{IEEE/CVF} Conference on Computer Vision and Pattern Recognition,
                  {CVPR} 2022, New Orleans, LA, USA, June 18-24, 2022},
  pages        = {11966--11976},
  publisher    = {{IEEE}},
  year         = {2022},
  url          = {https://doi.org/10.1109/CVPR52688.2022.01167},
  doi          = {10.1109/CVPR52688.2022.01167}
}
@InProceedings{ MANA,
  author       = "Jiyang Yu and Jingen Liu and Liefeng Bo and Tao Mei",
  title        = "Memory-Augmented Non-Local Attention for Video Super-Resolution",
  booktitle    = "IEEE Conference on Computer Vision and Pattern Recognition (CVPR)",
  month        = "Jun",
  year         = "2022"
}

@inproceedings{nah2019ntire,
  author={Nah, Seungjun and Baik, Sungyong and Hong, Seokil and Moon, Gyeongsik and Son, Sanghyun and Timofte, Radu and Lee, Kyoung Mu},
  booktitle={2019 IEEE/CVF Conference on Computer Vision and Pattern Recognition Workshops (CVPRW)}, 
  title={NTIRE 2019 Challenge on Video Deblurring and Super-Resolution: Dataset and Study}, 
  year={2019},
  volume={},
  number={},
  pages={1996-2005},
  keywords={Image resolution;Tracking;Cameras;Image restoration;Degradation;Interpolation;Benchmark testing},
  doi={10.1109/CVPRW.2019.00251}}


@article{xue2019video,
author={Xue, Tianfan
and Chen, Baian
and Wu, Jiajun
and Wei, Donglai
and Freeman, William T.},
title={Video Enhancement with Task-Oriented Flow},
journal={International Journal of Computer Vision},
year={2019},
month={Aug},
day={01},
volume={127},
number={8},
pages={1106-1125},
issn={1573-1405},
doi={10.1007/s11263-018-01144-2},
url={https://doi.org/10.1007/s11263-018-01144-2}
}

@inproceedings{wang2003multiscale,
  author={Wang, Z. and Simoncelli, E.P. and Bovik, A.C.},
  booktitle={The Thrity-Seventh Asilomar Conference on Signals, Systems & Computers, 2003}, 
  title={Multiscale structural similarity for image quality assessment}, 
  year={2003},
  volume={2},
  number={},
  pages={1398-1402 Vol.2},
  keywords={Image quality;Signal processing;Humans;Visual system;Data mining;Layout;Distortion measurement;Displays;Optical filters;Electric variables measurement},
  doi={10.1109/ACSSC.2003.1292216}}


@inproceedings{zhang2018lpips,
  title={The Unreasonable Effectiveness of Deep Features as a Perceptual Metric},
  author={Zhang, Richard and Isola, Phillip and Efros, Alexei A and Shechtman, Eli and Wang, Oliver},
  booktitle={CVPR},
  year={2018}
}

@inproceedings{liu2013bayesian,
  author={Liu, Ce and Sun, Deqing},
  booktitle={CVPR 2011}, 
  title={A Bayesian approach to adaptive video super resolution}, 
  year={2011},
  volume={},
  number={},
  pages={209-216},
  keywords={Kernel;Noise;Noise level;Image resolution;Image reconstruction;Optical imaging;Estimation},
  doi={10.1109/CVPR.2011.5995614}}

}

@INPROCEEDINGS{yi2019udm10,
  author={Yi, Peng and Wang, Zhongyuan and Jiang, Kui and Jiang, Junjun and Ma, Jiayi},
  booktitle={2019 IEEE/CVF International Conference on Computer Vision (ICCV)}, 
  title={Progressive Fusion Video Super-Resolution Network via Exploiting Non-Local Spatio-Temporal Correlations}, 
  year={2019},
  volume={},
  number={},
  pages={3106-3115},
  keywords={Correlation;Convolution;Three-dimensional displays;Feature extraction;Spatial resolution;Fuses},
  doi={10.1109/ICCV.2019.00320}}

@InProceedings{tao2017spmc,
  author    = {Xin Tao and
               Hongyun Gao and
               Renjie Liao and
               Jue Wang and
               Jiaya Jia},
  title = {Detail-Revealing Deep Video Super-Resolution},
  booktitle = {The IEEE International Conference on Computer Vision (ICCV)},
  month = {Oct},
  year = {2017}
}

@article{chan2022basicvsr++,
  title={On the generalization of BasicVSR++ to video deblurring and denoising},
  author={Chan, KCK and Zhou, S and Xu, X and Loy, CC},
  journal={arXiv preprint arXiv:2204.05308},
  year={2022},
  url={https://arxiv.org/abs/2204.05308}
}
@article{pixelshufflesr,
  title={Real-Time Single Image and Video Super-Resolution Using an Efficient Sub-Pixel Convolutional Neural Network},
  author={Wenzhe Shi and Jose Caballero and Ferenc Husz{\'a}r and Johannes Totz and Andrew P. Aitken and Rob Bishop and Daniel Rueckert and Zehan Wang},
  journal={2016 IEEE Conference on Computer Vision and Pattern Recognition (CVPR)},
  year={2016},
  pages={1874-1883},
  url={https://api.semanticscholar.org/CorpusID:7037846}
}
@misc{chu2020learningtemporalcoherenceselfsupervision,
      title={Learning Temporal Coherence via Self-Supervision for GAN-based Video Generation}, 
      author={Mengyu Chu and You Xie and Jonas Mayer and Laura Leal-Taixé and Nils Thuerey},
      year={2020},
      eprint={1811.09393},
      archivePrefix={arXiv},
      primaryClass={cs.CV},
      doi={https://doi.org/10.1145/3386569.3392457},
      url={https://arxiv.org/abs/1811.09393}, 
}

@InProceedings{Chiche_2022_CVPR,
    author    = {Chiche, Benjamin Naoto and Woiselle, Arnaud and Frontera-Pons, Joana and Starck, Jean-Luc},
    title     = {Stable Long-Term Recurrent Video Super-Resolution},
    booktitle = {Proceedings of the IEEE/CVF Conference on Computer Vision and Pattern Recognition (CVPR)},
    month     = {June},
    year      = {2022},
    pages     = {837-846}
}
@article{Guan2019MFQE2A,
  title={MFQE 2.0: A New Approach for Multi-Frame Quality Enhancement on Compressed Video},
  author={Zhenyu Guan and Qunliang Xing and Mai Xu and Ren Yang and Tie Liu and Zulin Wang},
  journal={IEEE Transactions on Pattern Analysis and Machine Intelligence},
  year={2019},
  volume={43},
  pages={949-963},
  url={https://api.semanticscholar.org/CorpusID:67855303}
}
@inproceedings{wang2019edvr,
author = {Wang, Xintao and Chan, Kelvin and Yu, Ke and Dong, Chao and Loy, Chen Change},
year = {2019},
month = {06},
pages = {1954-1963},
title = {EDVR: Video Restoration With Enhanced Deformable Convolutional Networks},
doi = {10.1109/CVPRW.2019.00247}
}
@INPROCEEDINGS{vespcn,
  author={Caballero, Jose and Ledig, Christian and Aitken, Andrew and Acosta, Alejandro and Totz, Johannes and Wang, Zehan and Shi, Wenzhe},
  booktitle={2017 IEEE Conference on Computer Vision and Pattern Recognition (CVPR)}, 
  title={Real-Time Video Super-Resolution with Spatio-Temporal Networks and Motion Compensation}, 
  year={2017},
  volume={},
  number={},
  pages={2848-2857},
  keywords={Convolution;Streaming media;Motion compensation;Real-time systems;Three-dimensional displays;Spatial resolution},
  doi={10.1109/CVPR.2017.304}}

@article{evtexture2023,
      title={EvTexture: Event-driven Texture Enhancement for Video Super-Resolution}, 
      author={Dachun Kai and Jiayao Lu and Yueyi Zhang and Xiaoyan Sun},
      year={2024},
      eprint={2406.13457},
      archivePrefix={arXiv},
      primaryClass={cs.CV},
      url={https://arxiv.org/abs/2406.13457}, 
}


@inproceedings{caballero2017duf,
  author={Caballero, Jose and Ledig, Christian and Aitken, Andrew and Acosta, Alejandro and Totz, Johannes and Wang, Zehan and Shi, Wenzhe},
  booktitle={2017 IEEE Conference on Computer Vision and Pattern Recognition (CVPR)}, 
  title={Real-Time Video Super-Resolution with Spatio-Temporal Networks and Motion Compensation}, 
  year={2017},
  volume={},
  number={},
  pages={2848-2857},
  keywords={Convolution;Streaming media;Motion compensation;Real-time systems;Three-dimensional displays;Spatial resolution},
  doi={10.1109/CVPR.2017.304}}

@Article{xue2019tof,

author={Xue, Tianfan
and Chen, Baian
and Wu, Jiajun
and Wei, Donglai
and Freeman, William T.},
title={Video Enhancement with Task-Oriented Flow},
journal={International Journal of Computer Vision},
year={2019},
month={Aug},
day={01},
volume={127},
number={8},
pages={1106-1125},
issn={1573-1405},
doi={10.1007/s11263-018-01144-2},
url={https://doi.org/10.1007/s11263-018-01144-2}
}


@inproceedings{jo2018vsrt,
  author={Jo, Younghyun and Oh, Seoung Wug and Kang, Jaeyeon and Kim, Seon Joo},
  booktitle={2018 IEEE/CVF Conference on Computer Vision and Pattern Recognition}, 
  title={Deep Video Super-Resolution Network Using Dynamic Upsampling Filters Without Explicit Motion Compensation}, 
  year={2018},
  volume={},
  number={},
  pages={3224-3232},
  keywords={Image resolution;Dynamics;Motion compensation;Motion estimation;Convolution;Neural networks},
  doi={10.1109/CVPR.2018.00340}}

@inproceedings{psrt2023,
 author = {Shi, Shuwei and Gu, Jinjin and Xie, Liangbin and Wang, Xintao and Yang, Yujiu and Dong, Chao},
 booktitle = {Advances in Neural Information Processing Systems},
 editor = {S. Koyejo and S. Mohamed and A. Agarwal and D. Belgrave and K. Cho and A. Oh},
 pages = {36081--36093},
 publisher = {Curran Associates, Inc.},
 title = {Rethinking Alignment in Video Super-Resolution Transformers},
 url = {https://proceedings.neurips.cc/paper_files/paper/2022/file/ea4d65c59073e8faf79222654d25fbe2-Paper-Conference.pdf},
 volume = {35},
 year = {2022}
}

@InProceedings{wavemixsr2024,
    author    = {Jeevan, Pranav and Srinidhi, Akella and Prathiba, Pasunuri and Sethi, Amit},
    title     = {WaveMixSR: Resource-Efficient Neural Network for Image Super-Resolution},
    booktitle = {Proceedings of the IEEE/CVF Winter Conference on Applications of Computer Vision (WACV)},
    month     = {January},
    year      = {2024},
    pages     = {5884-5892}
}

@inproceedings{dai2017deformable,
  author={Dai, Jifeng and Qi, Haozhi and Xiong, Yuwen and Li, Yi and Zhang, Guodong and Hu, Han and Wei, Yichen},
  booktitle={2017 IEEE International Conference on Computer Vision (ICCV)}, 
  title={Deformable Convolutional Networks}, 
  year={2017},
  volume={},
  number={},
  pages={764-773},
  keywords={Convolution;Kernel;Object detection;Standards;Feature extraction;Two dimensional displays},
  doi={10.1109/ICCV.2017.89}}



@InProceedings{Nah_2019_CVPR_Workshops_SR,
  author={Nah, Seungjun and Timofte, Radu and Gu, Shuhang and Baik, Sungyong and Hong, Seokil and Moon, Gyeongsik and Son, Sanghyun and Lee, Kyoung Mu and Wang, Xintao and Chan, Kelvin C.K. and Yu, Ke and Dong, Chao and Loy, Chen Change and Fan, Yuchen and Yu, Jiahui and Liu, Ding and Huang, Thomas S. and Liu, Xiao and Li, Chao and He, Dongliang and Ding, Yukang and Wen, Shilei and Porikli, Fatih and Kalarot, Ratheesh and Haris, Muhammad and Shakhnarovich, Greg and Ukita, Norimichi and Yi, Peng and Wang, Zhongyuan and Jiang, Kui and Jiang, Junjun and Ma, Jiayi and Dong, Hang and Zhang, Xinyi and Hu, Zhe and Kim, Kwanyoung and Kang, Dong Un and Chun, Se Young and Purohit, Kuldeep and Rajagopalan, A.N. and Tian, Yapeng and Zhang, Yulun and Fu, Yun and Xu, Chenliang and Tekalp, A. Murat and Yilmaz, M. Akin and Korkmaz, Cansu and Sharma, Manoj and Makwana, Megh and Badhwar, Anuj and Singh, Ajay Pratap and Upadhyay, Avinash and Mukhopadhyay, Rudrabha and Shukla, Ankit and Khanna, Dheeraj and Mandal, A. S. and Chaudhury, Santanu and Miao, Si and Zhu, Yongxin and Huo, Xiao},
  booktitle={2019 IEEE/CVF Conference on Computer Vision and Pattern Recognition Workshops (CVPRW)}, 
  title={NTIRE 2019 Challenge on Video Super-Resolution: Methods and Results}, 
  year={2019},
  volume={},
  number={},
  pages={1985-1995},
  keywords={Image resolution;Signal resolution;Training;Runtime;Image restoration;Birds;Tracking},
  doi={10.1109/CVPRW.2019.00250}}

@INPROCEEDINGS{huang2024dwtvsr,
  author={Huang, Huaibo and He, Ran and Sun, Zhenan and Tan, Tieniu},
  booktitle={2017 IEEE International Conference on Computer Vision (ICCV)}, 
  title={Wavelet-SRNet: A Wavelet-Based CNN for Multi-scale Face Super Resolution}, 
  year={2017},
  volume={},
  number={},
  pages={1698-1706},
  keywords={Face;Image resolution;Wavelet domain;Image reconstruction;Wavelet packets},
  doi={10.1109/ICCV.2017.187}}


