@inproceedings{assran2023self,
  title={Self-supervised learning from images with a joint-embedding predictive architecture},
  author={Assran, Mahmoud and Duval, Quentin and Misra, Ishan and Bojanowski, Piotr and Vincent, Pascal and Rabbat, Michael and LeCun, Yann and Ballas, Nicolas},
  booktitle={Proceedings of the IEEE/CVF Conference on Computer Vision and Pattern Recognition},
  pages={15619--15629},
  year={2023}
}

@inproceedings{ding2023eliciting,
  title={Eliciting structural and semantic global knowledge in unsupervised graph contrastive learning},
  author={Ding, Kaize and Wang, Yancheng and Yang, Yingzhen and Liu, Huan},
  booktitle={Proceedings of the AAAI Conference on Artificial Intelligence},
  volume={37},
  number={6},
  pages={7378--7386},
  year={2023}
}

@article{fei2023jepa,
  title={A-jepa: Joint-embedding predictive architecture can listen},
  author={Fei, Zhengcong and Fan, Mingyuan and Huang, Junshi},
  journal={arXiv preprint arXiv:2311.15830},
  year={2023}
}

@inproceedings{hassani2020contrastive,
  title={Contrastive multi-view representation learning on graphs},
  author={Hassani, Kaveh and Khasahmadi, Amir Hosein},
  booktitle={International conference on machine learning},
  pages={4116--4126},
  year={2020},
  organization={PMLR}
}

@inproceedings{hou2022graphmae,
  title={Graphmae: Self-supervised masked graph autoencoders},
  author={Hou, Zhenyu and Liu, Xiao and Cen, Yukuo and Dong, Yuxiao and Yang, Hongxia and Wang, Chunjie and Tang, Jie},
  booktitle={Proceedings of the 28th ACM SIGKDD Conference on Knowledge Discovery and Data Mining},
  pages={594--604},
  year={2022}
}

@article{jin2021automated,
  title={Automated self-supervised learning for graphs},
  author={Jin, Wei and Liu, Xiaorui and Zhao, Xiangyu and Ma, Yao and Shah, Neil and Tang, Jiliang},
  journal={arXiv preprint arXiv:2106.05470},
  year={2021}
}

@article{jin2021multi,
  title={Multi-scale contrastive siamese networks for self-supervised graph representation learning},
  author={Jin, Ming and Zheng, Yizhen and Li, Yuan-Fang and Gong, Chen and Zhou, Chuan and Pan, Shirui},
  journal={arXiv preprint arXiv:2105.05682},
  year={2021}
}

@article{ju2022multi,
  title={Multi-task self-supervised graph neural networks enable stronger task generalization},
  author={Ju, Mingxuan and Zhao, Tong and Wen, Qianlong and Yu, Wenhao and Shah, Neil and Ye, Yanfang and Zhang, Chuxu},
  journal={arXiv preprint arXiv:2210.02016},
  year={2022}
}

@article{thakoor2021large,
  title={Large-scale representation learning on graphs via bootstrapping},
  author={Thakoor, Shantanu and Tallec, Corentin and Azar, Mohammad Gheshlaghi and Azabou, Mehdi and Dyer, Eva L and Munos, Remi and Veli{\v{c}}kovi{\'c}, Petar and Valko, Michal},
  journal={arXiv preprint arXiv:2102.06514},
  year={2021}
}

@article{zhang2021canonical,
  title={From canonical correlation analysis to self-supervised graph neural networks},
  author={Zhang, Hengrui and Wu, Qitian and Yan, Junchi and Wipf, David and Yu, Philip S},
  journal={Advances in Neural Information Processing Systems},
  volume={34},
  pages={76--89},
  year={2021}
}

