@article{vadera2022methods,
  title={Methods for Pruning Deep Neural Networks},
  author={Vadera, Sunil and Ameen, Salem},
  journal={IEEE Access},
  volume={10},
  pages={63280--63300},
  year={2022}
}

@inproceedings{su2017lattice,
  title={Lattice-based Recurrent Neural Network Encoders for Neural Machine Translation},
  author={Su, Jinsong and Tan, Zhixing and Xiong, Deyi and Ji, Rongrong and Shi, Xiaodong and Liu, Yang},
  booktitle={Proceedings of the AAAI Conference on Artificial Intelligence},
  volume={31},
  number={1},
  year={2017}
}

@book{tsotsos2021computational,
  title={A Computational Perspective on Visual Attention},
  author={Tsotsos, John K.},
  publisher={MIT Press},
  year={2021}
}

@article{tsotsos2014cognitive,
  title={Cognitive Programs: Software for Attention's Executive},
  author={Tsotsos, John K. and Kruijne, Wouter},
  journal={Frontiers in Psychology},
  volume={5},
  pages={1260},
  year={2014}
}

@article{bardella2024lattice,
  title={Lattice Physics Approaches for Neural Networks},
  author={Bardella, Giampiero and Franchini, Simone and Pani, Pierpaolo and Ferraina, Stefano},
  journal={iScience},
  volume={27},
  number={12},
  year={2024}
}

@article{ritter2003lattice,
  title={Lattice Algebra Approach to Single-Neuron Computation},
  author={Ritter, Gerhard X. and Urcid, Gonzalo},
  journal={IEEE Transactions on Neural Networks},
  volume={14},
  number={2},
  pages={282--295},
  year={2003}
}

@article{han2015learning,
  title={Learning both weights and connections for efficient neural network},
  author={Han, Song and Pool, Jeff and Tran, John and Dally, William},
  journal={Advances in neural information processing systems},
  volume={28},
  year={2015}
}

@article{narang2017exploring,
  title={Exploring sparsity in recurrent neural networks},
  author={Narang, Sharan and Elsen, Erich and Diamos, Gregory and Sengupta, Shubho},
  journal={arXiv preprint arXiv:1704.05119},
  year={2017}
}

@inproceedings{zhang2018systematic,
  title={A systematic dnn weight pruning framework using alternating direction method of multipliers},
  author={Zhang, Tianyun and Ye, Shaokai and Zhang, Kaiqi and Tang, Jian and Wen, Wujie and Fardad, Makan and Wang, Yanzhi},
  booktitle={Proceedings of the European conference on computer vision (ECCV)},
  pages={184--199},
  year={2018}
}


@article{wen2016learning,
  title={Learning structured sparsity in deep neural networks},
  author={Wen, Wei and Wu, Chunpeng and Wang, Yandan and Chen, Yiran and Li, Hai},
  journal={Advances in neural information processing systems},
  volume={29},
  year={2016}
}

@article{mocanu2018scalable,
  title={Scalable training of artificial neural networks with adaptive sparse connectivity inspired by network science},
  author={Mocanu, Decebal Constantin and Mocanu, Elena and Stone, Peter and Nguyen, Phuong H and Gibescu, Madeleine and Liotta, Antonio},
  journal={Nature communications},
  volume={9},
  number={1},
  pages={2383},
  year={2018},
  publisher={Nature Publishing Group UK London}
}

@article{wang2019neural,
  title={Neural graph evolution: Towards efficient automatic robot design},
  author={Wang, Tingwu and Zhou, Yuhao and Fidler, Sanja and Ba, Jimmy},
  journal={arXiv preprint arXiv:1906.05370},
  year={2019}
}

@article{vinogradov2022lattice,
  title={Lattice Theory for Machine Learning},
  author={Vinogradov, DV},
  journal={Scientific and Technical Information Processing},
  volume={49},
  number={5},
  pages={379--384},
  year={2022},
  publisher={Springer}
}

