@inproceedings{adampi,
author = {Han, Yuxuan and Wang, Ruicheng and Yang, Jiaolong},
title = {Single-View View Synthesis in the Wild with Learned Adaptive Multiplane Images},
year = {2022},
isbn = {9781450393379},
publisher = {Association for Computing Machinery},
address = {New York, NY, USA},
url = {https://doi.org/10.1145/3528233.3530755},
doi = {10.1145/3528233.3530755},
booktitle = {ACM SIGGRAPH 2022 Conference Proceedings},
articleno = {14},
numpages = {8},
keywords = {View synthesis, 3D photography},
location = {Vancouver, BC, Canada},
series = {SIGGRAPH '22}
}

@inproceedings{cao2022fwd,
  title={Fwd: Real-time novel view synthesis with forward warping and depth},
  author={Cao, Ang and Rockwell, Chris and Johnson, Justin},
  booktitle={CVPR},
  pages={15713--15724},
  year={2022}
}

@inproceedings{chan2023gennvs,
  title={Generative novel view synthesis with 3d-aware diffusion models},
  author={Chan, Eric R and Nagano, Koki and Chan, Matthew A and Bergman, Alexander W and Park, Jeong Joon and Levy, Axel and Aittala, Miika and De Mello, Shalini and Karras, Tero and Wetzstein, Gordon},
  booktitle={ICCV},
  pages={4217--4229},
  year={2023}
}

@inproceedings{charatan2024pixelsplat,
  title={pixelsplat: 3d gaussian splats from image pairs for scalable generalizable 3d reconstruction},
  author={Charatan, David and Li, Sizhe Lester and Tagliasacchi, Andrea and Sitzmann, Vincent},
  booktitle={CVPR},
  pages={19457--19467},
  year={2024}
}

@inproceedings{chen2025mvsplat,
  title={Mvsplat: Efficient 3d gaussian splatting from sparse multi-view images},
  author={Chen, Yuedong and Xu, Haofei and Zheng, Chuanxia and Zhuang, Bohan and Pollefeys, Marc and Geiger, Andreas and Cham, Tat-Jen and Cai, Jianfei},
  booktitle={ECCV},
  pages={370--386},
  year={2025},
  organization={Springer}
}

@inproceedings{gao2024cat3d,
  title={Cat3d: Create anything in 3d with multi-view diffusion models},
  author={Gao, Ruiqi and Holynski, Aleksander and Henzler, Philipp and Brussee, Arthur and Martin-Brualla, Ricardo and Srinivasan, Pratul and Barron, Jonathan T and Poole, Ben},
  booktitle={NeurIPS},
  year={2024}
}

@inproceedings{jiang2023diffuse3d,
  title={Diffuse3D: Wide-Angle 3D Photography via Bilateral Diffusion},
  author={Jiang, Yutao and Zhou, Yang and Liang, Yuan and Liu, Wenxi and Jiao, Jianbo and Quan, Yuhui and He, Shengfeng},
  booktitle={ICCV},
  pages={8998--9008},
  year={2023}
}

@Article{kerbl3Dgs,
      author       = {Kerbl, Bernhard and Kopanas, Georgios and Leimk{\"u}hler, Thomas and Drettakis, George},
      title        = {3D Gaussian Splatting for Real-Time Radiance Field Rendering},
      journal      = {ACM Trans. Graph.},
      number       = {4},
      volume       = {42},
      month        = {July},
      year         = {2023},
      url          = {https://repo-sam.inria.fr/fungraph/3d-gaussian-splatting/}
}

@inproceedings{khan2023tiled,
  title={Tiled multiplane images for practical 3d photography},
  author={Khan, Numair and Xiao, Lei and Lanman, Douglas},
  booktitle={ICCV},
  pages={10454--10464},
  year={2023}
}

@inproceedings{li2021mine,
  title={Mine: Towards continuous depth mpi with nerf for novel view synthesis},
  author={Li, Jiaxin and Feng, Zijian and She, Qi and Ding, Henghui and Wang, Changhu and Lee, Gim Hee},
  booktitle={ICCV},
  pages={12578--12588},
  year={2021}
}

@inproceedings{liu2023zero123,
  title={Zero-1-to-3: Zero-shot one image to 3d object},
  author={Liu, Ruoshi and Wu, Rundi and Van Hoorick, Basile and Tokmakov, Pavel and Zakharov, Sergey and Vondrick, Carl},
  booktitle={ICCV},
  pages={9298--9309},
  year={2023}
}

@article{liu2024reconx,
  title={Reconx: Reconstruct any scene from sparse views with video diffusion model},
  author={Liu, Fangfu and Sun, Wenqiang and Wang, Hanyang and Wang, Yikai and Sun, Haowen and Ye, Junliang and Zhang, Jun and Duan, Yueqi},
  journal={arXiv preprint arXiv:2408.16767},
  year={2024}
}

@inproceedings{rockwell2021pixelsynth,
  title={Pixelsynth: Generating a 3d-consistent experience from a single image},
  author={Rockwell, Chris and Fouhey, David F and Johnson, Justin},
  booktitle={ICCV},
  pages={14104--14113},
  year={2021}
}

@inproceedings{rombach2021geometry,
  title={Geometry-free view synthesis: Transformers and no 3d priors},
  author={Rombach, Robin and Esser, Patrick and Ommer, Bj{\"o}rn},
  booktitle={ICCV},
  pages={14356--14366},
  year={2021}
}

@inproceedings{rombach2022stablediffusion,
  title={High-resolution image synthesis with latent diffusion models},
  author={Rombach, Robin and Blattmann, Andreas and Lorenz, Dominik and Esser, Patrick and Ommer, Bj{\"o}rn},
  booktitle={CVPR},
  pages={10684--10695},
  year={2022}
}

@inproceedings{sargent2024zeronvs,
  title={ZeroNVS: Zero-Shot 360-Degree View Synthesis from a Single Image},
  author={Sargent, Kyle and Li, Zizhang and Shah, Tanmay and Herrmann, Charles and Yu, Hong-Xing and Zhang, Yunzhi and Chan, Eric Ryan and Lagun, Dmitry and Fei-Fei, Li and Sun, Deqing and others},
  booktitle={CVPR},
  pages={9420--9429},
  year={2024}
}

@inproceedings{seo2024genwarp,
  title={GenWarp: Single Image to Novel Views with Semantic-Preserving Generative Warping},
  author={Seo, Junyoung and Fukuda, Kazumi and Shibuya, Takashi and Narihira, Takuya and Murata, Naoki and Hu, Shoukang and Lai, Chieh-Hsin and Kim, Seungryong and Mitsufuji, Yuki},
  booktitle = {NeurIPS},
  year={2024}
}

@inproceedings{shih20203dphoto,
  title={3d photography using context-aware layered depth inpainting},
  author={Shih, Meng-Li and Su, Shih-Yang and Kopf, Johannes and Huang, Jia-Bin},
  booktitle={CVPR},
  pages={8028--8038},
  year={2020}
}

@article{szymanowicz2024flash3d,
  title={Flash3D: Feed-Forward Generalisable 3D Scene Reconstruction from a Single Image},
  author={Szymanowicz, Stanislaw and Insafutdinov, Eldar and Zheng, Chuanxia and Campbell, Dylan and Henriques, Jo{\~a}o F and Rupprecht, Christian and Vedaldi, Andrea},
  journal={arXiv preprint arXiv:2406.04343},
  year={2024}
}

@inproceedings{szymanowicz2024splatterimage,
  title={Splatter image: Ultra-fast single-view 3d reconstruction},
  author={Szymanowicz, Stanislaw and Rupprecht, Chrisitian and Vedaldi, Andrea},
  booktitle={CVPR},
  pages={10208--10217},
  year={2024}
}

@inproceedings{tucker2020svmpi,
  title={Single-view view synthesis with multiplane images},
  author={Tucker, Richard and Snavely, Noah},
  booktitle={CVPR},
  pages={551--560},
  year={2020}
}

@inproceedings{wiles2020synsin,
  title={Synsin: End-to-end view synthesis from a single image},
  author={Wiles, Olivia and Gkioxari, Georgia and Szeliski, Richard and Johnson, Justin},
  booktitle={CVPR},
  pages={7467--7477},
  year={2020}
}

@inproceedings{wu2024reconfusion,
  title={Reconfusion: 3d reconstruction with diffusion priors},
  author={Wu, Rundi and Mildenhall, Ben and Henzler, Philipp and Park, Keunhong and Gao, Ruiqi and Watson, Daniel and Srinivasan, Pratul P and Verbin, Dor and Barron, Jonathan T and Poole, Ben and others},
  booktitle={CVPR},
  pages={21551--21561},
  year={2024}
}

@inproceedings{xing2025dynamicrafter,
  title={Dynamicrafter: Animating open-domain images with video diffusion priors},
  author={Xing, Jinbo and Xia, Menghan and Zhang, Yong and Chen, Haoxin and Yu, Wangbo and Liu, Hanyuan and Liu, Gongye and Wang, Xintao and Shan, Ying and Wong, Tien-Tsin},
  booktitle={ECCV},
  pages={399--417},
  year={2025},
  organization={Springer}
}

@article{xu2024depthsplat,
  title={Depthsplat: Connecting gaussian splatting and depth},
  author={Xu, Haofei and Peng, Songyou and Wang, Fangjinhua and Blum, Hermann and Barath, Daniel and Geiger, Andreas and Pollefeys, Marc},
  journal={arXiv preprint arXiv:2410.13862},
  year={2024}
}

@inproceedings{yu2021pixelnerf,
  title={pixelnerf: Neural radiance fields from one or few images},
  author={Yu, Alex and Ye, Vickie and Tancik, Matthew and Kanazawa, Angjoo},
  booktitle={CVPR},
  pages={4578--4587},
  year={2021}
}

@article{yu2024viewcrafter,
  title={Viewcrafter: Taming video diffusion models for high-fidelity novel view synthesis},
  author={Yu, Wangbo and Xing, Jinbo and Yuan, Li and Hu, Wenbo and Li, Xiaoyu and Huang, Zhipeng and Gao, Xiangjun and Wong, Tien-Tsin and Shan, Ying and Tian, Yonghong},
  journal={arXiv preprint arXiv:2409.02048},
  year={2024}
}

@inproceedings{zhang2018lpips,
  title={The unreasonable effectiveness of deep features as a perceptual metric},
  author={Zhang, Richard and Isola, Phillip and Efros, Alexei A and Shechtman, Eli and Wang, Oliver},
  booktitle={CVPR},
  pages={586--595},
  year={2018}
}

@inproceedings{zhang2024transplat,
  title={Transplat: Generalizable 3d gaussian splatting from sparse multi-view images with transformers},
  author={Zhang, Chuanrui and Zou, Yingshuang and Li, Zhuoling and Yi, Minmin and Wang, Haoqian},
  booktitle={AAAI},
  year={2025}
}

@article{zhao2024stereocrafter,
  title={Stereocrafter: Diffusion-based generation of long and high-fidelity stereoscopic 3d from monocular videos},
  author={Zhao, Sijie and Hu, Wenbo and Cun, Xiaodong and Zhang, Yong and Li, Xiaoyu and Kong, Zhe and Gao, Xiangjun and Niu, Muyao and Shan, Ying},
  journal={arXiv preprint arXiv:2409.07447},
  year={2024}
}

@inproceedings{zheng2024free3d,
  title={Free3d: Consistent novel view synthesis without 3d representation},
  author={Zheng, Chuanxia and Vedaldi, Andrea},
  booktitle={CVPR},
  pages={9720--9731},
  year={2024}
}

