@inproceedings{AlmgrenPortfolio,
    author = {R. Almgren and N. Chriss},
    title = {Optimal execution of portfolio transactions},
    booktitle = {Journal of Risk},
    year = {2001}
}

@inproceedings{GanchevDark,
    author = {K. Ganchev and M. Kearns and J. Wortman},
    title = {Censored Exploration and the Dark Pool Problem},
    booktitle = {Communications of the ACM},
    year = {2010}
}

@inproceedings{Gatheral3Models,
    author = {J.Gatheral},
    title = {Three models of market impact and data},
    booktitle = {Market Microstructure and High Frequency Data},
    year = {2010}
}

@inproceedings{GatheralMI,
    author = {J. Gatheral},
    title = {No-dynamic-arbitrage and market impact},
    booktitle = {Quantitative Finance},
    year = {2010}
}

@inproceedings{Hautsch,
    author = {Nikolaus Hautsch and Ruihong Huang},
    title = {The market impact of a limit order},
    booktitle = {Journal of Economic Dynamics and Control},
    year = {2012}
}

@book{Webster,
    author = {K. Webster},
    title = {Handbook of price impact modeling},
    publisher = {Chapman and Hall/CRC},
    year = {2023}
}

@inproceedings{Zarinelli,
    author = {Elia Zarinelli and Michele Treccani and J. Doyne Farmer and Fabrizio Lillo},
    title = {Beyond the square root: Evidence for logarithmic dependence of market impact on size and participation rate},
    booktitle = {Market Microstructure and Liquidity},
    year = {2015}
}

@inproceedings{bouchaud,
    author = {JP Bouchaud and M. MÃ©zard and M. Potters},
    title = {Statistical properties of stock order books: empirical results and models},
    booktitle = {Quantitative Finance},
    year = {2002}
}

@misc{chriss2024competitiveequilibriatrading,
      title={Competitive equilibria in trading}, 
      author={Neil A. Chriss},
      year={2024},
      eprint={2410.13583},
      archivePrefix={arXiv},
      primaryClass={q-fin.TR},
      url={https://arxiv.org/abs/2410.13583}, 
}

@misc{chriss2024optimal,
      title={Optimal position-building strategies in competition}, 
      author={Neil A. Chriss},
      year={2024},
      eprint={2409.03586},
      archivePrefix={arXiv},
      primaryClass={q-fin.TR},
      url={https://arxiv.org/abs/2409.03586}, 
}

@misc{chriss2024positionbuildingcompetitionrealworldconstraints,
      title={Position-building in competition with real-world constraints}, 
      author={Neil A. Chriss},
      year={2024},
      eprint={2409.15459},
      archivePrefix={arXiv},
      primaryClass={q-fin.TR},
      url={https://arxiv.org/abs/2409.15459}, 
}

@misc{chriss2025positionbuildingcompetitiongame,
      title={Position building in competition is a game with incomplete information}, 
      author={Neil A. Chriss},
      year={2025},
      eprint={2501.01241},
      archivePrefix={arXiv},
      primaryClass={q-fin.TR},
      url={https://arxiv.org/abs/2501.01241}, 
}

@inproceedings{evendarLimit,
    author = {E. Even-Dar and S. Kakade and M. Kearns and Y. Mansour},
    title = {(In){S}tability Properties of Limit Order Dynamics},
    booktitle = {Proceedings of the ACM Conference on Electronic Commerce},
    year = {2006}
}

@inproceedings{kakadeVWAP,
  author = {S. Kakade and M. Kearns and Y. Mansour and L. Ortiz},
  title = {Competitive Algorithms for {VWAP} and Limit Order Trading},
  booktitle = {Proceedings of the ACM Conference on Electronic Commerce},
  year = {2004}
}

@inproceedings{nevmyvakaRL,
    author = {Y. Nevmyvaka and M. Kearns and Y. Feng},
    title = {Reinforcement Learning for Optimized Trade Execution},
    booktitle = {Proceedings of the International Conference on Machine Learning},
    year = {2006}
}

