@article{achiam2023gpt4,
  title={Gpt-4 technical report},
  author={Achiam, Josh and Adler, Steven and Agarwal, Sandhini and Ahmad, Lama and Akkaya, Ilge and Aleman, Florencia Leoni and Almeida, Diogo and Altenschmidt, Janko and Altman, Sam and Anadkat, Shyamal and others},
  journal={arXiv preprint arXiv:2303.08774},
  year={2023}
}

@article{bai2023qwen,
  title={Qwen technical report},
  author={Bai, Jinze and Bai, Shuai and Chu, Yunfei and Cui, Zeyu and Dang, Kai and Deng, Xiaodong and Fan, Yang and Ge, Wenbin and Han, Yu and Huang, Fei and others},
  journal={arXiv preprint arXiv:2309.16609},
  year={2023}
}

@article{bonotto2024cnn_mlp_reconstruction,
  title={Reconstruction of plasma equilibrium and separatrix using convolutional physics-informed neural operator},
  author={Bonotto, Matteo and Abate, Domenico and Pigatto, Leonardo},
  journal={Fusion Engineering and Design},
  volume={200},
  pages={114193},
  year={2024},
  publisher={Elsevier}
}

@article{bonotto2024planet,
  title={Reconstruction of plasma equilibrium and separatrix using convolutional physics-informed neural operator},
  author={Bonotto, Matteo and Abate, Domenico and Pigatto, Leonardo},
  journal={Fusion Engineering and Design},
  volume={200},
  pages={114193},
  year={2024},
  publisher={Elsevier}
}

@article{boyer2024cnn_neural,
  title={Neural networks for estimation of divertor conditions in DIII-D using C III imaging},
  author={Boyer, Mark D and Scotti, Filippo and Gajaraj, Vaish},
  journal={Nuclear Fusion},
  volume={64},
  number={10},
  pages={106056},
  year={2024},
  publisher={IOP Publishing}
}

@article{chen2023cotexplainyou,
  title={When do you need chain-of-thought prompting for chatgpt?},
  author={Chen, Jiuhai and Chen, Lichang and Huang, Heng and Zhou, Tianyi},
  journal={arXiv preprint arXiv:2304.03262},
  year={2023}
}

@inproceedings{cohn2024enhancechain,
  title={A chain-of-thought prompting approach with llms for evaluating students’ formative assessment responses in science},
  author={Cohn, Clayton and Hutchins, Nicole and Le, Tuan and Biswas, Gautam},
  booktitle={Proceedings of the AAAI Conference on Artificial Intelligence},
  volume={38},
  number={21},
  pages={23182--23190},
  year={2024}
}

@inproceedings{cvpr2016yolo,
  title={You only look once: Unified, real-time object detection},
  author={Redmon, J},
  booktitle={Proceedings of the IEEE conference on computer vision and pattern recognition},
  year={2016}
}

@inproceedings{cvpr2017yolo9000,
  title={YOLO9000: better, faster, stronger},
  author={Redmon, Joseph and Farhadi, Ali},
  booktitle={Proceedings of the IEEE conference on computer vision and pattern recognition},
  pages={7263--7271},
  year={2017}
}

@misc{deepseekai2024deepseekv3,
      title={DeepSeek-V3 Technical Report}, 
      author={DeepSeek-AI and Aixin Liu and Bei Feng et al.},
      year={2024},
      eprint={2412.19437},
      archivePrefix={arXiv},
      primaryClass={cs.CL},
      url={https://arxiv.org/abs/2412.19437}, 
}

@inproceedings{farhadi2018yolov3,
  title={Yolov3: An incremental improvement},
  author={Farhadi, Ali and Redmon, Joseph},
  booktitle={Computer vision and pattern recognition},
  volume={1804},
  pages={1--6},
  year={2018},
  organization={Springer Berlin/Heidelberg, Germany}
}

@article{feng2024towards,
  title={Towards revealing the mystery behind chain of thought: a theoretical perspective},
  author={Feng, Guhao and Zhang, Bohang and Gu, Yuntian and Ye, Haotian and He, Di and Wang, Liwei},
  journal={Advances in Neural Information Processing Systems},
  volume={36},
  year={2024}
}

@article{ge2023enhancechain,
  title={Chain of thought prompt tuning in vision language models},
  author={Ge, Jiaxin and Luo, Hongyin and Qian, Siyuan and Gan, Yulu and Fu, Jie and Zhang, Shanghang},
  journal={arXiv preprint arXiv:2304.07919},
  year={2023}
}

@article{grattafiori2024llama3,
  title={The llama 3 herd of models},
  author={Grattafiori, Aaron and Dubey, Abhimanyu and Jauhri, Abhinav and Pandey, Abhinav and Kadian, Abhishek and Al-Dahle, Ahmad and Letman, Aiesha and Mathur, Akhil and Schelten, Alan and Vaughan, Alex and others},
  journal={arXiv e-prints},
  pages={arXiv--2407},
  year={2024}
}

@article{guo2023lstm_disruption,
  title={Disruption prediction on EAST with different wall conditions based on a multi-scale deep hybrid neural network},
  author={Guo, BH and Chen, DL and Rea, C and Wu, MQ and Shen, B and Granetz, RS and Zhang, ZC and Huang, Y and Duan, YM and Zeng, L and others},
  journal={Nuclear Fusion},
  volume={63},
  number={9},
  pages={094001},
  year={2023},
  publisher={IOP Publishing}
}

@article{hao2024coconut,
  title={Training large language models to reason in a continuous latent space},
  author={Hao, Shibo and Sukhbaatar, Sainbayar and Su, DiJia and Li, Xian and Hu, Zhiting and Weston, Jason and Tian, Yuandong},
  journal={arXiv preprint arXiv:2412.06769},
  year={2024}
}

@article{hu2021randomforest,
  title={Real-time prediction of high-density EAST disruptions using random forest},
  author={Hu, WH and Rea, Cristina and Yuan, QP and Erickson, KG and Chen, DL and Shen, Biao and Huang, Yao and Xiao, JY and Chen, JJ and Duan, YM and others},
  journal={Nuclear Fusion},
  volume={61},
  number={6},
  pages={066034},
  year={2021},
  publisher={IOP Publishing}
}

@article{hu2024enhancechain,
  title={Chain-of-Thought Prompting for Speech Translation},
  author={Hu, Ke and Chen, Zhehuai and Yang, Chao-Han Huck and {\.Z}elasko, Piotr and Hrinchuk, Oleksii and Lavrukhin, Vitaly and Balam, Jagadeesh and Ginsburg, Boris},
  journal={arXiv preprint arXiv:2409.11538},
  year={2024}
}

@article{inoue2024svm,
  title={Vertical instability prediction and its direction control using a support vector machine in integrated commissioning of JT-60SA solely based on magnetics},
  author={Inoue, S and Kojima, S and Miyata, Y and Wakatsuki, T and Yokoyama, T and Takechi, M and Urano, H and Yoshida, M and Suzuki, T and JT-60SA Integrated Project Team and others},
  journal={Nuclear Fusion},
  volume={65},
  number={1},
  pages={016013},
  year={2024},
  publisher={IOP Publishing}
}

@article{jin2024MSP60K,
  title={Pedestrian Attribute Recognition: A New Benchmark Dataset and A Large Language Model Augmented Framework},
  author={Jin, Jiandong and Wang, Xiao and Zhu, Qian and Wang, Haiyang and Li, Chenglong},
  journal={arXiv preprint arXiv:2408.09720},
  year={2024}
}

@article{joung2024cnn_mlp_tokamak,
  title={Tokamak edge localized mode onset prediction with deep neural network and pedestal turbulence},
  author={Joung, Semin and Smith, David R and McKee, G and Yan, Z and Gill, K and Zimmerman, J and Geiger, B and Coffee, R and O’Shea, FH and Jalalvand, A and others},
  journal={Nuclear Fusion},
  volume={64},
  number={6},
  pages={066038},
  year={2024},
  publisher={IOP Publishing}
}

@article{kojima2022letsthinkstepbystep,
  title={Large language models are zero-shot reasoners},
  author={Kojima, Takeshi and Gu, Shixiang Shane and Reid, Machel and Matsuo, Yutaka and Iwasawa, Yusuke},
  journal={Advances in neural information processing systems},
  volume={35},
  pages={22199--22213},
  year={2022}
}

@article{li2023enhancestructured,
  title={Structured chain-of-thought prompting for code generation},
  author={Li, Jia and Li, Ge and Li, Yongmin and Jin, Zhi},
  journal={ACM Transactions on Software Engineering and Methodology},
  year={2023},
  publisher={ACM New York, NY}
}

@article{li2024RNNGRU,
  title={Surrogate model of turbulent transport in fusion plasmas using machine learning},
  author={Li, H and Wang, L and Fu, YL and Wang, ZX and Wang, TB and Li, JQ},
  journal={Nuclear Fusion},
  volume={65},
  number={1},
  pages={016015},
  year={2024},
  publisher={IOP Publishing}
}

@article{lin2024cnn_prediction,
  title={Prediction of plasma rotation velocity and ion temperature profiles in EAST Tokamak using artificial neural network models},
  author={Lin, Zichao and Zhang, Hongming and Wang, Fudi and Bae, Cheonho and Fu, Jia and Shen, Yongcai and Dai, Shuyu and Jin, Yifei and Lu, Dian and Fu, Shengyu and others},
  journal={Nuclear Fusion},
  volume={64},
  number={10},
  pages={106061},
  year={2024},
  publisher={IOP Publishing}
}

@article{ma2024MHNQdist,
  title={Exploiting Memory-aware Q-distribution Prediction for Nuclear Fusion via Modern Hopfield Network},
  author={Ma, Qingchuan and Wang, Shiao and Zheng, Tong and Dai, Xiaodong and Wang, Yifeng and Yang, Qingquan and Wang, Xiao},
  journal={arXiv preprint arXiv:2410.08889},
  year={2024}
}

@inproceedings{madaan2023cotexplainmakes,
  title={What makes chain-of-thought prompting effective? a counterfactual study},
  author={Madaan, Aman and Hermann, Katherine and Yazdanbakhsh, Amir},
  booktitle={Findings of the Association for Computational Linguistics: EMNLP 2023},
  pages={1448--1535},
  year={2023}
}

@article{mehta2024mlp_automated,
  title={Automated experimental design of safe rampdowns via probabilistic machine learning},
  author={Mehta, Viraj and Barr, Jayson and Abbate, Joseph and Boyer, Mark D and Char, Ian and Neiswanger, Willie and Kolemen, Egemen and Schneider, Jeff},
  journal={Nuclear Fusion},
  volume={64},
  number={4},
  pages={046014},
  year={2024},
  publisher={IOP Publishing}
}

@article{nong2024enhancechain,
  title={Chain-of-thought prompting of large language models for discovering and fixing software vulnerabilities},
  author={Nong, Yu and Aldeen, Mohammed and Cheng, Long and Hu, Hongxin and Chen, Feng and Cai, Haipeng},
  journal={arXiv preprint arXiv:2402.17230},
  year={2024}
}

@article{rein2023gpqa,
  title={Gpqa: A graduate-level google-proof q\&a benchmark},
  author={Rein, David and Hou, Betty Li and Stickland, Asa Cooper and Petty, Jackson and Pang, Richard Yuanzhe and Dirani, Julien and Michael, Julian and Bowman, Samuel R},
  journal={arXiv preprint arXiv:2311.12022},
  year={2023}
}

@article{sanchez2024mlp_real,
  title={Real-time capable modeling of ICRF heating on NSTX and WEST via machine learning approaches},
  author={S{\'a}nchez-Villar, {\'A} and Bai, Z and Bertelli, N and Bethel, EW and Hillairet, J and Perciano, T and Shiraiwa, S and Wallace, GM and Wright, JC},
  journal={Nuclear Fusion},
  volume={64},
  number={9},
  pages={096039},
  year={2024},
  publisher={IOP Publishing}
}

@article{schmidt2024neural,
  title={Neural networks for reconstruction and uncertainty quantification of fast-ion phase-space distributions using FILD and INPA measurements},
  author={Schmidt, BS and Rueda-Rueda, J and Galdon-Qu{\'\i}roga, J and Garc{\'\i}a-Mu{\~n}oz, M and Schneider, PA and Salewski, M and ASDEX Upgrade Team and others},
  journal={Nuclear Fusion},
  volume={65},
  number={1},
  pages={016025},
  year={2024},
  publisher={IOP Publishing}
}

@article{seo2024cnn_avoiding,
  title={Avoiding fusion plasma tearing instability with deep reinforcement learning},
  author={Seo, Jaemin and Kim, SangKyeun and Jalalvand, Azarakhsh and Conlin, Rory and Rothstein, Andrew and Abbate, Joseph and Erickson, Keith and Wai, Josiah and Shousha, Ricardo and Kolemen, Egemen},
  journal={Nature},
  volume={626},
  number={8000},
  pages={746--751},
  year={2024},
  publisher={Nature Publishing Group UK London}
}

@article{shin2022lstm_preemptive,
  title={Preemptive RMP-driven ELM crash suppression automated by a real-time machine-learning classifier in KSTAR},
  author={Shin, Giwook and Han, H and Kim, M and Hahn, S-H and Ko, WH and Park, GY and Lee, YH and Lee, MW and Kim, MH and Juhn, J-W and others},
  journal={Nuclear Fusion},
  volume={62},
  number={2},
  pages={026035},
  year={2022},
  publisher={IOP Publishing}
}

@article{sun2019erniebot,
  title={Ernie: Enhanced representation through knowledge integration},
  author={Sun, Yu and Wang, Shuohuan and Li, Yukun and Feng, Shikun and Chen, Xuyi and Zhang, Han and Tian, Xin and Zhu, Danxiang and Tian, Hao and Wu, Hua},
  journal={arXiv preprint arXiv:1904.09223},
  year={2019}
}

@article{sun2024impactmlp,
  title={Impact of various DIII-D diagnostics on the accuracy of neural network surrogates for kinetic EFIT reconstructions},
  author={Sun, Xuan and Akcay, Cihan and Amara, Torrin Bechtel and Kruger, Scott E and Lao, Lang L and Liu, Yueqiang and Madireddy, Sandeep and McClenaghan, Joseph and others},
  journal={Nuclear Fusion},
  volume={64},
  number={8},
  pages={086065},
  year={2024},
  publisher={IOP Publishing}
}

@article{sun2024mlp_impact,
  title={Impact of various DIII-D diagnostics on the accuracy of neural network surrogates for kinetic EFIT reconstructions},
  author={Sun, Xuan and Akcay, Cihan and Amara, Torrin Bechtel and Kruger, Scott E and Lao, Lang L and Liu, Yueqiang and Madireddy, Sandeep and McClenaghan, Joseph and others},
  journal={Nuclear Fusion},
  volume={64},
  number={8},
  pages={086065},
  year={2024},
  publisher={IOP Publishing}
}

@article{team2023gemini,
  title={Gemini: a family of highly capable multimodal models},
  author={Team, Gemini and Anil, Rohan and Borgeaud, Sebastian and Alayrac, Jean-Baptiste and Yu, Jiahui and Soricut, Radu and Schalkwyk, Johan and Dai, Andrew M and Hauth, Anja and Millican, Katie and others},
  journal={arXiv preprint arXiv:2312.11805},
  year={2023}
}

@article{touvron2023llama1,
  title={Llama: Open and efficient foundation language models},
  author={Touvron, Hugo and Lavril, Thibaut and Izacard, Gautier and Martinet, Xavier and Lachaux, Marie-Anne and Lacroix, Timoth{\'e}e and Rozi{\`e}re, Baptiste and Goyal, Naman and Hambro, Eric and Azhar, Faisal and others},
  journal={arXiv preprint arXiv:2302.13971},
  year={2023}
}

@article{touvron2023llama2,
  title={Llama 2: Open foundation and fine-tuned chat models},
  author={Touvron, Hugo and Martin, Louis and Stone, Kevin and Albert, Peter and Almahairi, Amjad and Babaei, Yasmine and Bashlykov, Nikolay and Batra, Soumya and Bhargava, Prajjwal and Bhosale, Shruti and others},
  journal={arXiv preprint arXiv:2307.09288},
  year={2023}
}

@article{tracey2024mlp_lstm_towards,
  title={Towards practical reinforcement learning for tokamak magnetic control},
  author={Tracey, Brendan D and Michi, Andrea and Chervonyi, Yuri and Davies, Ian and Paduraru, Cosmin and Lazic, Nevena and Felici, Federico and Ewalds, Timo and Donner, Craig and Galperti, Cristian and others},
  journal={Fusion Engineering and Design},
  volume={200},
  pages={114161},
  year={2024},
  publisher={Elsevier}
}

@article{wan2023transformer,
  title={A machine-learning-based tool for last closed-flux surface reconstruction on tokamaks},
  author={Wan, Chenguang and Yu, Zhi and Pau, Alessandro and Sauter, Olivier and Liu, Xiaojuan and Yuan, Qiping and Li, Jiangang},
  journal={Nuclear Fusion},
  volume={63},
  number={5},
  pages={056019},
  year={2023},
  publisher={IOP Publishing}
}

@article{wang2022cotexplaintowards,
  title={Towards understanding chain-of-thought prompting: An empirical study of what matters},
  author={Wang, Boshi and Min, Sewon and Deng, Xiang and Shen, Jiaming and Wu, You and Zettlemoyer, Luke and Sun, Huan},
  journal={arXiv preprint arXiv:2212.10001},
  year={2022}
}

@article{wang2023MMPTMs,
  title={Large-scale multi-modal pre-trained models: A comprehensive survey},
  author={Wang, Xiao and Chen, Guangyao and Qian, Guangwu and Gao, Pengcheng and Wei, Xiao-Yong and Wang, Yaowei and Tian, Yonghong and Gao, Wen},
  journal={Machine Intelligence Research},
  volume={20},
  number={4},
  pages={447--482},
  year={2023},
  publisher={Springer}
}

@article{wang2024MMQdist,
  title={Multi-modal Fusion based Q-distribution Prediction for Controlled Nuclear Fusion},
  author={Wang, Shiao and Wang, Yifeng and Ma, Qingchuan and Wang, Xiao and Yan, Ning and Yang, Qingquan and Xu, Guosheng and Tang, Jin},
  journal={arXiv preprint arXiv:2410.08879},
  year={2024}
}

@article{wang2024r2gencsr,
  title={R2gencsr: Retrieving context samples for large language model based x-ray medical report generation},
  author={Wang, Xiao and Li, Yuehang and Wang, Fuling and Wang, Shiao and Li, Chuanfu and Jiang, Bo},
  journal={arXiv preprint arXiv:2408.09743},
  year={2024}
}

@article{wang2025AMMRG,
  title={Activating Associative Disease-Aware Vision Token Memory for LLM-Based X-ray Report Generation},
  author={Wang, Xiao and Wang, Fuling and Wang, Haowen and Jiang, Bo and Li, Chuanfu and Wang, Yaowei and Tian, Yonghong and Tang, Jin},
  journal={arXiv preprint arXiv:2501.03458},
  year={2025}
}

@article{wei2022CoT,
  title={Chain-of-thought prompting elicits reasoning in large language models},
  author={Wei, Jason and Wang, Xuezhi and Schuurmans, Dale and Bosma, Maarten and Xia, Fei and Chi, Ed and Le, Quoc V and Zhou, Denny and others},
  journal={Advances in neural information processing systems},
  volume={35},
  pages={24824--24837},
  year={2022}
}

@article{wu2023cotexplainanalyzing,
  title={Analyzing chain-of-thought prompting in large language models via gradient-based feature attributions},
  author={Wu, Skyler and Shen, Eric Meng and Badrinath, Charumathi and Ma, Jiaqi and Lakkaraju, Himabindu},
  journal={arXiv preprint arXiv:2307.13339},
  year={2023}
}

@article{yamaguchi2021geneticoptimization,
  title={Optimization of modular and helical coils applying genetic algorithm and fully-three-dimensional B-spline curves},
  author={Yamaguchi, Hiroyuki and Satake, Shinsuke and Nakata, Motoki and Shimizu, Akihiro and Suzuki, Yasuhiro and others},
  journal={Nuclear Fusion},
  volume={61},
  number={10},
  pages={106004},
  year={2021},
  publisher={IOP Publishing}
}

@article{yang2023baichuan2,
  title={Baichuan 2: Open large-scale language models},
  author={Yang, Aiyuan and Xiao, Bin and Wang, Bingning and Zhang, Borong and Bian, Ce and Yin, Chao and Lv, Chenxu and Pan, Da and Wang, Dian and Yan, Dong and others},
  journal={arXiv preprint arXiv:2309.10305},
  year={2023}
}

@article{yang2024qwen2.5,
  title={Qwen2.5 Technical Report},
  author={Yang, An and Yang, Baosong and Zhang, Beichen and Hui, Binyuan and Zheng, Bo and Yu, Bowen and Li, Chengyuan and Liu, Dayiheng and Huang, Fei and Wei, Haoran and others},
  journal={arXiv preprint arXiv:2412.15115},
  year={2024}
}

@article{zanisi2024cnn_efficient,
  title={Efficient training sets for surrogate models of tokamak turbulence with active deep ensembles},
  author={Zanisi, L and Ho, A and Barr, J and Madula, T and Citrin, J and Pamela, S and Buchanan, J and Casson, FJ and Gopakumar, V and Contributors, JET},
  journal={Nuclear Fusion},
  volume={64},
  number={3},
  pages={036022},
  year={2024},
  publisher={IOP Publishing}
}

@article{zhang2024yolo,
  title={Experimental identification of ion cyclotron emission on HL-2A using YOLO neural network algorithm},
  author={Zhang, Jiahao and Zhao, Jun and Liu, Linzi and Tong, Ruihai and Zhong, Wulyu and Luo, Yi},
  journal={Nuclear Fusion},
  volume={64},
  number={12},
  pages={126070},
  year={2024},
  publisher={IOP Publishing}
}

