@article{chu2018survey,
  title={A survey of domain adaptation for neural machine translation},
  author={Chu, Chenhui and Wang, Rui},
  journal={arXiv preprint arXiv:1806.00258},
  year={2018}
}


@inproceedings{Lin2004,
    title = "{ROUGE}: A Package for Automatic Evaluation of Summaries",
    author = "Lin, Chin-Yew",
    booktitle = "Text Summarization Branches Out",
    month = jul,
    year = "2004",
    address = "Barcelona, Spain",
    publisher = "Association for Computational Linguistics",
    pages = "74--81"
}


@article{bahdanau2014neural,
  title={Neural machine translation by jointly learning to align and translate},
  author={Bahdanau, Dzmitry},
  journal={arXiv preprint arXiv:1409.0473},
  year={2014}
}


@inproceedings{Vaswani2017,
  author    = {Vaswani, Ashish and Shazeer, Noam and Parmar, Niki and Uszkoreit, Jakob and Jones, Llion and Gomez, Aidan N. and Kaiser, {\L}ukasz and Polosukhin, Illia},
  title     = {Attention Is All You Need},
  booktitle = {Advances in Neural Information Processing Systems (NIPS)},
  pages     = {5998--6008},
  year      = {2017}
}


@article{arnaoudova2016linguistic,
  title={Linguistic antipatterns: What they are and how developers perceive them},
  author={Arnaoudova, Venera and Di Penta, Massimiliano and Antoniol, Giuliano},
  journal={Empirical Software Engineering},
  volume={21},
  pages={104--158},
  year={2016},
  publisher={Springer}
}


@inproceedings{papineni2002bleu,
  title={Bleu: a method for automatic evaluation of machine translation},
  author={Papineni, Kishore and Roukos, Salim and Ward, Todd and Zhu, Wei-Jing},
  booktitle={Proceedings of the 40th annual meeting of the Association for Computational Linguistics},
  pages={311--318},
  year={2002}
}


@article{zhang2019bertscore,
  title={Bertscore: Evaluating text generation with bert},
  author={Zhang, Tianyi and Kishore, Varsha and Wu, Felix and Weinberger, Kilian Q and Artzi, Yoav},
  journal={arXiv preprint arXiv:1904.09675},
  year={2019}
}


@article{rei2020comet,
  title={COMET: A neural framework for MT evaluation},
  author={Rei, Ricardo and Stewart, Craig and Farinha, Ana C and Lavie, Alon},
  journal={arXiv preprint arXiv:2009.09025},
  year={2020}
}


@inproceedings{banerjee2005meteor,
  title={METEOR: An automatic metric for MT evaluation with improved correlation with human judgments},
  author={Banerjee, Satanjeev and Lavie, Alon},
  booktitle={Proceedings of the acl workshop on intrinsic and extrinsic evaluation measures for machine translation and/or summarization},
  pages={65--72},
  year={2005}
}


@inproceedings{Chu2018,
  author    = {Chu, Chenhui and Wang, Rui},
  title     = {A Survey of Domain Adaptation for Neural Machine Translation},
  booktitle = {Proceedings of the 27th International Conference on Computational Linguistics (COLING)},
  pages     = {1304--1319},
  year      = {2018}
}


@article{Arnaoudova2015,
  author    = {Arnaoudova, Venera and Di Penta, Massimiliano and Antoniol, Giuliano},
  title     = {Linguistic antipatterns: What they are and how developers perceive them},
  journal   = {Empirical Software Engineering},
  volume    = {20},
  number    = {4},
  pages     = {1284--1321},
  year      = {2015}
}


@book{Koehn2010,
  author    = {Koehn, Philipp},
  title     = {Statistical Machine Translation},
  publisher = {Cambridge University Press},
  year      = {2010}
}


@misc{VSCodeRepo,
  author       = {Microsoft},
  title        = {Visual Studio Code GitHub Repository},
  howpublished = {\url{https://github.com/microsoft/vscode}},
  year         = {2023}
}


@misc{Zhang2019,
  author    = {Zhang, Tianyi and Kishore, Varsha and Wu, Felix and Weinberger, Kilian Q. and Artzi, Yoav},
  title     = {{BERTScore}: Evaluating Text Generation with {BERT}},
  howpublished = {International Conference on Learning Representations (ICLR)},
  year      = {2020},
  note      = {arXiv preprint arXiv:1904.09675}
}


@inproceedings{Rei2020,
  author    = {Rei, Ricard and Fan, G. A. and Cochrane, Tom},
  title     = {{COMET}: A Neural Framework for {MT} Evaluation},
  booktitle = {Proceedings of the 2020 Conference on Empirical Methods in Natural Language Processing (EMNLP)},
  pages     = {2685--2702},
  year      = {2020},
  organization = {Association for Computational Linguistics}
}


@book{manning2008introduction,
  author    = {C. D. Manning and P. Raghavan and H. Sch{\"u}tze},
  title     = {Introduction to Information Retrieval},
  year      = {2008},
  publisher = {Cambridge University Press},
  address   = {New York, NY, USA},
  isbn      = {978-0-521-86571-5},
  url       = {https://nlp.stanford.edu/IR-book/},
}