@article{broniatowski2018weaponized,
    author = {Broniatowski, David A. and Jamison, Amelia M. and Qi, SiHua and AlKulaib, Lulwah and Chen, Tao and Benton, Adrian and Quinn, Sandra C. and Dredze, Mark},
    title = {Weaponized Health Communication: Twitter Bots and Russian Trolls Amplify the Vaccine Debate},
    journal = {American Journal of Public Health},
    volume = {108},
    number = {10},
    pages = {1378-1384},
    year = {2018},
    note = {PMID: 30138075},
}

@article{devlin2018bert,
  title={Bert: Pre-training of deep bidirectional transformers for language understanding},
  author={Devlin, Jacob},
  journal={arXiv preprint arXiv:1810.04805},
  year={2018}
}

@article{gao2016assessment,
    author = {Gao, Fei and Kihal, Wahida and Le Meur, Nolwenn and Souris, Marc and Deguen, Séverine},
    title = {Assessment of the spatial accessibility to health professionals at French census block level},
    journal = {International Journal for Equity in Health},
    volume = {15},
    number = {1},
    pages = {125},
    year = {2016},
    publisher = {BioMed Central},
}

@inproceedings{gui2017managing,
  title={Managing Uncertainty: Using Social Media for Risk Assessment during a Public Health Crisis},
  author={Gui, Xinning and Kou, Yubo and Pine, Kathleen H. and Chen, Yunan},
  booktitle={Proceedings of the 2017 CHI Conference on Human Factors in Computing Systems},
  pages={4520--4533},
  year={2017},
  publisher={Association for Computing Machinery},
  doi={10.1145/3025453.3025891},
  url={https://dl.acm.org/doi/10.1145/3025453.3025891}
}

@article{khan2023exploring,
  title={Exploring the frontiers of deep learning and natural language processing: A comprehensive overview of key challenges and emerging trends},
  author={Khan, Wahab and Daud, Ali and Khan, Khairullah and Muhammad, Shakoor and Haq, Rafiul},
  journal={Natural Language Processing Journal},
  pages={100026},
  year={2023},
  publisher={Elsevier}
}

@article{salathe2011vaccine,
    author = {Salathé, Marcel and Khandelwal, Shashank},
    title = {Assessing Vaccination Sentiments with Online Social Media: Implications for Infectious Disease Dynamics and Control},
    journal = {PLOS Computational Biology},
    year = {2011},
    month = {10},
    volume = {7},
    number = {10},
    pages = {1-7},
    publisher = {Public Library of Science},
}

@article{wazny2017crowdsourcing,
  title={“Crowdsourcing” ten years in: A review},
  author={Wazny, Kerri},
  journal={Journal of global health},
  volume={7},
  number={2},
  year={2017},
  publisher={International Society for Global Health}
}

