@book{ abelson-et-al:scheme,
  author = "Harold Abelson and Gerald~Jay Sussman and Julie Sussman",
  title = "Structure and Interpretation of Computer Programs",
  publisher = "MIT Press",
  address = "Cambridge, Massachusetts",
  year = "1985"
}

@inproceedings{ bgf:Lixto,
  author = "Robert Baumgartner and Georg Gottlob and Sergio Flesca",
  title = "Visual Information Extraction with {Lixto}",
  booktitle = "Proceedings of the 27th International Conference on Very Large Databases",
  pages = "119--128",
  publisher = "Morgan Kaufmann",
  address = "Rome, Italy",
  month = "September",
  year = "2001"
}

@article{ brachman-schmolze:kl-one,
  author = "Ronald~J. Brachman and James~G. Schmolze",
  title = "An overview of the {KL-ONE} knowledge representation system",
  journal = "Cognitive Science",
  volume = "9",
  number = "2",
  pages = "171--216",
  month = "April--June",
  year = "1985"
}

@article{ gottlob:nonmon,
  author = "Georg Gottlob",
  title = "Complexity results for nonmonotonic logics",
  journal = "Journal of Logic and Computation",
  volume = "2",
  number = "3",
  pages = "397--425",
  month = "June",
  year = "1992"
}

@article{ gls:hypertrees,
  author = "Georg Gottlob and Nicola Leone and Francesco Scarcello",
  title = "Hypertree Decompositions and Tractable Queries",
  journal = "Journal of Computer and System Sciences",
  volume = "64",
  number = "3",
  pages = "579--627",
  month = "May",
  year = "2002"
}

@article{ levesque:functional-foundations,
  author = "Hector~J. Levesque",
  title = "Foundations of a functional approach to knowledge representation",
  journal = "Artificial Intelligence",
  volume = "23",
  number = "2",
  pages = "155--212",
  month = "July",
  year = "1984"
}

@inproceedings{ levesque:belief,
  author = "Hector~J. Levesque",
  title = "A logic of implicit and explicit belief",
  booktitle = "Proceedings of the Fourth National Conference on Artificial Intelligence",
  publisher = "American Association for Artificial Intelligence",
  pages = "198--202",
  address = "Austin, Texas",
  month = "August",
  year = "1984"
}

@article{ nebel:jair-2000,
  author = "Bernhard Nebel",
  title = "On the compilability and expressive power of propositional planning formalisms",
  journal = "Journal of Artificial Intelligence Research",
  volume = "12",
  pages = "271--315",
  year = "2000"
}

 @misc{proceedings,
  author = {{IJCAI Proceedings}},
  title = {{IJCAI} Camera Ready Submission},
  howpublished = {\url{https://proceedings.ijcai.org/info}},
}

% Health resources
% who

@techreport{who2020,
  author       = "{World Health Organization}",
  title        = "{WHO Technical Report 2020}",
  institution  = "{World Health Organization}",
  year         = 2020,
  address      = "{Geneva, Switzerland}",
  url          = "{https://www.who.int}"
}

% 1
@article{sodhi2023research,
  title={Research opportunities in preparing supply chains of essential goods for future pandemics},
  author={Sodhi, ManMohan S and Tang, Christopher S and Willenson, Evan T},
  journal={International Journal of Production Research},
  volume={61},
  number={8},
  pages={2416--2431},
  year={2023},
  publisher={Taylor \& Francis}
}
% 2
@article{roozenbeek2020susceptibility,
  title={Susceptibility to misinformation about COVID-19 around the world},
  author={Roozenbeek, Jon and Schneider, Claudia R and Dryhurst, Sarah and Kerr, John and Freeman, Alexandra LJ and Recchia, Gabriel and Van Der Bles, Anne Marthe and Van Der Linden, Sander},
  journal={Royal Society open science},
  volume={7},
  number={10},
  pages={201199},
  year={2020},
  publisher={The Royal Society}
}
% 3

% 4
@article{chowdhury2021covid,
  title={COVID-19 pandemic related supply chain studies: A systematic review},
  author={Chowdhury, Priyabrata and Paul, Sanjoy Kumar and Kaisar, Shahriar and Moktadir, Md Abdul},
  journal={Transportation Research Part E: Logistics and Transportation Review},
  volume={148},
  pages={102271},
  year={2021},
  publisher={Elsevier}
}
% 7

% 8
@article{mccallum2013highly,
  title={Highly informative ancient DNA ‘snippets’ for New Zealand moa},
  author={McCallum, Jonathan and Hall, Samantha and Lissone, Iman and Anderson, Jennifer and Huynen, Leon and Lambert, David M},
  journal={Plos one},
  volume={8},
  number={1},
  pages={e50732},
  year={2013},
  publisher={Public Library of Science San Francisco, USA}
}

% 10

@article{shipkowski2015allergic,
  title={An allergic lung microenvironment suppresses carbon nanotube-induced inflammasome activation via STAT6-dependent inhibition of caspase-1},
  author={Shipkowski, Kelly A and Taylor, Alexia J and Thompson, Elizabeth A and Glista-Baker, Ellen E and Sayers, Brian C and Messenger, Zachary J and Bauer, Rebecca N and Jaspers, Ilona and Bonner, James C},
  journal={PloS one},
  volume={10},
  number={6},
  pages={e0128888},
  year={2015},
  publisher={Public Library of Science San Francisco, CA USA}
}
% 11
@article{fayomi2019new,
  title={New trend in thin film composite coating deposition: a mini review},
  author={Fayomi, OSI and Akande, IG and Abioye, OP and Fakehinde, OB},
  journal={Procedia Manufacturing},
  volume={35},
  pages={1007--1012},
  year={2019},
  publisher={Elsevier}
}

@article{sylvestre2019tools,
  title={The tools at their fingertips: How settler colonial geographies shape medical educators’ strategies for grappling with Anti-Indigenous racism},
  author={Sylvestre, Paul and Castleden, Heather and Denis, Jeff and Martin, Debbie and Bombay, Amy},
  journal={Social Science \& Medicine},
  volume={237},
  pages={112363},
  year={2019},
  publisher={Elsevier}
}

@article{devlin2018bert,
  title={Bert: Pre-training of deep bidirectional transformers for language understanding},
  author={Devlin, Jacob},
  journal={arXiv preprint arXiv:1810.04805},
  year={2018}
}

@article{guo2020prediction,
  title={Prediction of hepatitis E using machine learning models},
  author={Guo, Yanhui and Feng, Yi and Qu, Fuli and Zhang, Li and Yan, Bingyu and Lv, Jingjing},
  journal={Plos one},
  volume={15},
  number={9},
  pages={e0237750},
  year={2020},
  publisher={Public Library of Science San Francisco, CA USA}
}


@misc{baum2016health,
  title={Health systems: how much difference can they make to health inequities?},
  author={Baum, Frances E},
  journal={J Epidemiol Community Health},
  volume={70},
  number={7},
  pages={635--636},
  year={2016},
  publisher={BMJ Publishing Group Ltd}
}

@article{neubaum2017monitoring,
  title={Monitoring the opinion of the crowd: Psychological mechanisms underlying public opinion perceptions on social media},
  author={Neubaum, German and Kr{\"a}mer, Nicole C},
  journal={Media psychology},
  volume={20},
  number={3},
  pages={502--531},
  year={2017},
  publisher={Taylor \& Francis}
}

@article{wazny2017crowdsourcing,
  title={“Crowdsourcing” ten years in: A review},
  author={Wazny, Kerri},
  journal={Journal of global health},
  volume={7},
  number={2},
  year={2017},
  publisher={International Society for Global Health}
}

@inproceedings{iyer2013crowdsourcing,
  title={Crowdsourcing Objective Answers to Subjective Questions Online},
  author={Iyer, Ravi},
  booktitle={Proceedings of the AAAI Conference on Human Computation and Crowdsourcing},
  volume={1},
  pages={93--94},
  year={2013}
}

@article{kim2017problems,
  author = {Kim, Minjeong O. and Coiera, Enrico and Magrabi, Farah},
  title = {Problems with health information technology and their effects on care delivery and patient outcomes: a systematic review},
  journal = {Journal of the American Medical Informatics Association},
  year = {2017},
  volume = {24},
  number = {2},
  pages = {246--250},
  month = {March},
  pmid = {28011595},
  pmcid = {PMC7651955}
}

@article{Cucinotta2020,
  author    = {D. Cucinotta and M. Vanelli},
  title     = {WHO Declares COVID-19 a Pandemic},
  journal   = {Acta Biomed},
  year      = {2020},
  volume    = {91},
  number    = {1},
  pages     = {157--160},
  month     = {Mar},
  doi       = {10.23750/abm.v91i1.9397},
  pmid      = {32191675},
  pmcid     = {PMC7569573}
}

@article{keppel2005methodological,
  title={Methodological issues in measuring health disparities},
  author={Keppel, Kenneth and Pamuk, Elsie and Lynch, John and Carter-Pokras, Olivia and Kim, Insun and Mays, Vickie and Pearcy, Jeffrey and Schoenbach, Victor and Weissman, Joel S},
  journal={Vital and Health Statistics Series 2: Data Evaluation and Methods Research},
  number={141},
  pages={1--16},
  year={2005},
  month={jul},
  pmid={16032956},
  pmcid={PMC3681823}
}

@article{evans2022geographic,
  title={Geographic barriers to care persist at the community healthcare level: Evidence from rural Madagascar},
  author={Evans, Michelle V and Andr{\'e}ambeloson, Tanjona and Randriamihaja, Mauricianot and Ihantamalala, Felana and Cordier, Laura and Cowley, Giovanna and Finnegan, Karen and Hanitriniaina, Feno and Miller, Ann C and Ralantomalala, Lanto Marovavy and others},
  journal={PLOS Global Public Health},
  volume={2},
  number={12},
  pages={e0001028},
  year={2022},
  publisher={Public Library of Science San Francisco, CA USA}
}

@article{liang2020development,
    title={Development and validation of a clinical risk score to predict the occurrence of critical illness in hospitalized patients with {COVID-19}},
    author={Liang, Wenhua and others},
    journal={JAMA Internal Medicine},
    volume={180},
    number={8},
    pages={1081--1089},
    year={2020},
    doi={10.1001/jamainternmed.2020.2033}
}

@article{kass2020obesity,
  title={Obesity could shift severe COVID-19 disease to younger ages},
  author={Kass, David A and Duggal, Priya and Cingolani, Oscar},
  journal={The Lancet},
  volume={395},
  number={10236},
  pages={1544--1545},
  year={2020},
  publisher={Elsevier}
}

@article{keller2020consumer,
  title={Consumer research insights on brands and branding: a JCR curation},
  author={Keller, Kevin Lane},
  journal={Journal of Consumer research},
  volume={46},
  number={5},
  pages={995--1001},
  year={2020},
  publisher={Oxford University Press}
}

@article{andrejko2022effectiveness,
  title={Effectiveness of face mask or respirator use in indoor public settings for prevention of SARS-CoV-2 infection—California, February--December 2021},
  author={Andrejko, Kristin L},
  journal={MMWR. Morbidity and mortality weekly report},
  volume={71},
  year={2022}
}

@article{self2020effect,
    title={Effect of hydroxychloroquine on clinical status at 14 days in hospitalized patients with {COVID-19}: a randomized clinical trial},
    author={Self, Wesley H. and others},
    journal={JAMA},
    volume={324},
    number={21},
    pages={2165--2176},
    year={2020},
    doi={10.1001/jama.2020.22240}
}

@article{awan2023neoteric,
  title={A Neoteric Approach toward Social Media in Public Health Informatics: A Narrative Review of Current Trends and Future Directions},
  author={Awan, Asma Tahir and Gonzalez, Ana Daniela and Sharma, Manoj},
  journal={Information},
  volume={15},
  number={5},
  pages={276},
  year={2024},
  doi={10.3390/info15050276}
}

@article{amur2023unlocking,
  title={Unlocking the Potential of Keyword Extraction: The Need for Access to High-Quality Datasets},
  author={Amur, Zaira Hassan and Hooi, Yew Kwang and Soomro, Gul Muhammad and Bhanbhro, Hina and Karyem, Said and Sohu, Najamudin},
  journal={Applied Sciences},
  volume={13},
  number={12},
  pages={7228},
  year={2023},
  publisher={MDPI}
}

@article{mehta2019google,
  title={Google maps},
  author={Mehta, Heeket and Kanani, Pratik and Lande, Priya},
  journal={International Journal of Computer Applications},
  volume={178},
  number={8},
  pages={41--46},
  year={2019}
}

@article{salathe2011vaccine,
    author = {Salathé, Marcel and Khandelwal, Shashank},
    title = {Assessing Vaccination Sentiments with Online Social Media: Implications for Infectious Disease Dynamics and Control},
    journal = {PLOS Computational Biology},
    year = {2011},
    month = {10},
    volume = {7},
    number = {10},
    pages = {1-7},
    publisher = {Public Library of Science},
}

@article{broniatowski2018weaponized,
    author = {Broniatowski, David A. and Jamison, Amelia M. and Qi, SiHua and AlKulaib, Lulwah and Chen, Tao and Benton, Adrian and Quinn, Sandra C. and Dredze, Mark},
    title = {Weaponized Health Communication: Twitter Bots and Russian Trolls Amplify the Vaccine Debate},
    journal = {American Journal of Public Health},
    volume = {108},
    number = {10},
    pages = {1378-1384},
    year = {2018},
    note = {PMID: 30138075},
}

@article{arrivillaga2020assessing,
    author = {Arrivillaga, M},
    title = {Assessing health services accessibility in Colombia: Beyond universal health coverage},
    journal = {European Journal of Public Health},
    volume = {30},
    number = {Supplement\_5},
    pages = {ckaa166.1391},
    year = {2020},
    month = {09},
}

@article{gao2016assessment,
    author = {Gao, Fei and Kihal, Wahida and Le Meur, Nolwenn and Souris, Marc and Deguen, Séverine},
    title = {Assessment of the spatial accessibility to health professionals at French census block level},
    journal = {International Journal for Equity in Health},
    volume = {15},
    number = {1},
    pages = {125},
    year = {2016},
    publisher = {BioMed Central},
}

@article{yonto2019spatial,
    author = {Yonto, Daniel and Issel, L. Michele and Thill, Jean-Claude},
    title = {Spatial Analytics Based on Confidential Data for Strategic Planning in Urban Health Departments},
    journal = {Urban Science},
    volume = {3},
    number = {3},
    pages = {75},
    year = {2019},
}

@article{murray2021measuring,
    author = {Murray, Emily T and Shelton, Nicola and Norman, Paul and Head, Jenny},
    title = {Measuring the health of people in places: a scoping review of OECD member countries},
    journal = {medRxiv},
    year = {2021},
}

@article{beckfield2013health,
  author = {Beckfield, Jason and Olafsdottir, Sigrun and Bakhtiari, Elyas},
  title = {Health Inequalities in Global Context},
  journal = {American Behavioral Scientist},
  volume = {57},
  number = {8},
  pages = {1014-1039},
  year = {2013}
}

@incollection{detels2021socioeconomic,
  author = {Detels, Roger and Karim, Quarraisha Abdool and Baum, Fran and Li, Liming and Leyland, Alastair H. and Lenthe, Frank J. van and Mackenbach, Johan P.},
  title = {Socioeconomic inequalities in health in high-income countries: The facts and the options},
  booktitle = {Oxford Textbook of Global Public Health},
  publisher = {Oxford University Press},
  year = {2021},
  month = {11},
}

@article{jia2021online,
 author = {Jia, Xiaoyun and Pang, Yan and Liu, Liangni Sally},
 title = {Online Health Information Seeking Behavior: A Systematic Review},
 journal = {Healthcare}, 
 volume = {9},
 number = {12},
 article-number = {1740},
 year = {2021},
}

@inproceedings{zhang2009self,
 author = {Zhang, Jingyuan and Shi, Hao and Zhang, Yanchun},
 title = {Self-Organizing Map Methodology and Google Maps Services for Geographical Epidemiology Mapping},
 booktitle = {2009 Digital Image Computing: Techniques and Applications},
 year = {2009},
 pages = {229-235},
}

@article{danek2023users,
 author = {Danek, Stella and Büttner, Martha and Krois, Joachim and Schwendicke, Falk},
 title = {How Do Users Respond to Mass Vaccination Centers? A Cross-Sectional Study Using Natural Language Processing on Online Reviews to Explore User Experience and Satisfaction with COVID-19 Vaccination Centers},
 journal = {Vaccines},
 volume = {11},
 number = {1},
 article-number = {144},
 year = {2023},
}

@article{marmot2005social,
  author = {Marmot, M.},
  title = {Social determinants of health inequalities},
  journal = {Lancet},
  volume = {365},
  number = {9464},
  pages = {1099-1104},
  year = {2005},
}

@inproceedings{patil2023analysis,
 author = {Patil, Sharvari and Shekokar, Narendra M.},
 title = {Analysis of Dataset balancing Techniques for Phishing Dataset},
 booktitle = {2023 14th International Conference on Computing Communication and Networking Technologies (ICCCNT)},
 year = {2023},
 pages = {1-7},
}

@article{buda2017systematic,
 author = {Buda, Mateusz and Maki, Atsuto and Mazurowski, Maciej},
 title = {A systematic study of the class imbalance problem in convolutional neural networks},
 journal = {Neural Networks},
 volume = {106},
 year = {2017},
}

@article{faber2014sample,
  author = {Faber, J. and Fonseca, L. M.},
  title = {How sample size influences research outcomes},
  journal = {Dental Press Journal of Orthodontics},
  volume = {19},
  number = {4},
  pages = {27-29},
  year = {2014},
}

@article{mason2010sample,
 author = {Mason, Mark},
 title = {Sample Size and Saturation in PhD Studies Using Qualitative Interviews},
 journal = {Forum Qualitative Sozialforschung},
 volume = {11},
 number = {3},
 year = {2010},
}

}

@inproceedings{li2022uctopic,
  title={UCTopic: Unsupervised Contrastive Learning for Phrase Representations and Topic Mining},
  author={Li, Jiacheng and Shang, Jingbo and McAuley, Julian},
  booktitle={ACL},
  pages={6159--6169},
  year={2022}
}

@inproceedings{yan2023personalized,
  title={Personalized showcases: Generating multi-modal explanations for recommendations},
  author={Yan, An and He, Zhankui and Li, Jiacheng and Zhang, Tianyang and McAuley, Julian},
  booktitle={Proceedings of the 46th International ACM SIGIR Conference on Research and Development in Information Retrieval},
  pages={2251--2255},
  year={2023}
}

@inproceedings{kenton2019bert,
  title={Bert: Pre-training of deep bidirectional transformers for language understanding},
  author={Kenton, Jacob Devlin Ming-Wei Chang and Toutanova, Lee Kristina},
  booktitle={Proceedings of naacL-HLT},
  volume={1},
  pages={2},
  year={2019},
  organization={Minneapolis, Minnesota}
}

@article{psyllidis2022points,
  title={Points of Interest (POI): A commentary on the state of the art, challenges, and prospects for the future},
  author={Psyllidis, Achilleas and Gao, Song and Hu, Yingjie and Kim, Eun-Kyeong and McKenzie, Grant and Purves, Ross and Yuan, May and Andris, Clio},
  journal={Computational Urban Science},
  volume={2},
  number={1},
  pages={20},
  year={2022},
  publisher={Springer}
}

@book{chowdhury2010introduction,
  title={Introduction to modern information retrieval},
  author={Chowdhury, Gobinda G},
  year={2010},
  publisher={Facet publishing}
}

@article{breiman2001random,
  title={Random forests},
  author={Breiman, Leo},
  journal={Machine learning},
  volume={45},
  pages={5--32},
  year={2001},
  publisher={Springer}
}

@book{vapnik2013nature,
  title={The nature of statistical learning theory},
  author={Vapnik, Vladimir},
  year={2013},
  publisher={Springer science \& business media}
}

@article{cortes1995support,
  title={Support-Vector Networks},
  author={Cortes, Corinna},
  journal={Machine Learning},
  year={1995}
}

@article{king2001logistic,
  title={Logistic regression in rare events data},
  author={King, Gary and Zeng, Langche},
  journal={Political analysis},
  volume={9},
  number={2},
  pages={137--163},
  year={2001},
  publisher={Cambridge University Press}
}
@inproceedings{pahikkala2006fast,
  title={Fast n-fold cross-validation for regularized least-squares},
  author={Pahikkala, Tapio and Boberg, Jorma and Salakoski, Tapio},
  booktitle={Proceedings of the ninth Scandinavian conference on artificial intelligence (SCAI 2006)},
  volume={83},
  pages={90},
  year={2006},
  organization={Citeseer}
}
@article{krasnodkebska2024advancing,
  title={Advancing Precision, Recall, F-Score, and Jaccard Index: An Approach for Continuous Gridded Data},
  author={Krasnod{\k{e}}bska, Katarzyna and Goch, Wojciech and Verstegen, Judith Anne and Uhl, Johannes H and Pesaresi, Martino},
  journal={Recall, F-Score, and Jaccard Index: An Approach for Continuous Gridded Data},
  year={2024}
}
@article{khan2023exploring,
  title={Exploring the frontiers of deep learning and natural language processing: A comprehensive overview of key challenges and emerging trends},
  author={Khan, Wahab and Daud, Ali and Khan, Khairullah and Muhammad, Shakoor and Haq, Rafiul},
  journal={Natural Language Processing Journal},
  pages={100026},
  year={2023},
  publisher={Elsevier}
}

@article{borriello1890liver,
  title={Liver damage following off-label use: case report},
  author={Borriello, G and others},
  journal={Reactions},
  volume={128},
  number={22},
  pages={2022},
  year={1890}
}

@article{rea2021open,
  title={An open-label randomized controlled trial evaluating the efficacy of chloroquine/hydroxychloroquine in severe COVID-19 patients},
  author={R{\'e}a-Neto, {\'A}lvaro and Bernardelli, Rafaella Stradiotto and C{\^a}mara, Bruna Martins Dzivielevski and Reese, Fernanda Baeumle and Queiroga, Marcos Vinicius Oliveira and Oliveira, Mirella Cristine},
  journal={Scientific reports},
  volume={11},
  number={1},
  pages={9023},
  year={2021},
  publisher={Nature Publishing Group UK London}
}

@article{ben2012hydroxychloroquine,
  title={Hydroxychloroquine: from malaria to autoimmunity},
  author={Ben-Zvi, Ilan and Kivity, Shaye and Langevitz, Pnina and Shoenfeld, Yehuda},
  journal={Clinical reviews in allergy \& immunology},
  volume={42},
  pages={145--153},
  year={2012},
  publisher={Springer}
}
@article{xiang2022application,
  title={Application of an Improved TF-IDF Method in Literary Text Classification},
  author={Xiang, Lin},
  journal={Advances in Multimedia},
  volume={2022},
  number={1},
  pages={9285324},
  year={2022},
  publisher={Wiley Online Library}
}

@misc{peters2020dpa,
  author       = {Heidi M. Peters and Erica A. Lee},
  title        = {The Defense Production Act (DPA) and COVID-19: Key Authorities and Policy Considerations},
  year         = {2020},
  howpublished = {\url{https://crsreports.congress.gov/product/pdf/IN/IN11231}},
  note         = {Congressional Research Service Insight Report, Version 4, Updated March 18, 2020},
}

@misc{trump2020dpa,
  author       = {{The White House}},
  title        = {Executive Order Delegating Authority Under the {DPA} with Respect to Food Supply Chain Resources During the National Emergency Caused by the Outbreak of {COVID-19}},
  year         = {2020},
  url          = {https://trumpwhitehouse.archives.gov/presidential-actions/executive-order-delegating-authority-dpa-respect-food-supply-chain-resources-national-emergency-caused-outbreak-covid-19/},
  note         = {Accessed: 2024-12-03}
}

@misc{census2023tiger,
 author       = {{United States Census Bureau}},
 title        = {{TIGER}/Line Shapefiles and Geographic Resources: 2023},
 year         = {2023},
 url          = {https://www.census.gov/geographies/mapping-files/time-series/geo/tiger-line-file.2023.html#list-tab-790442341},
 note         = {Accessed: 2024-12-03}
}

@misc{census2021pulse,
 author       = {{United States Census Bureau}},
 title        = {Household Pulse Survey: 2021 Data Tables},
 year         = {2021},
 url          = {https://www.census.gov/programs-surveys/household-pulse-survey/data/tables.2021.html#list-tab-404305343},
 note         = {Accessed: 2024-12-03}
}

@article{deJong1993simpls,
  title = {SIMPLS: An alternative approach to partial least squares regression},
  author = {Sijmen de Jong},
  journal = {Chemometrics and Intelligent Laboratory Systems},
  volume = {18},
  number = {3},
  pages = {251--263},
  year = {1993},
  publisher = {Elsevier},
}


@inproceedings{gui2017managing,
  title={Managing Uncertainty: Using Social Media for Risk Assessment during a Public Health Crisis},
  author={Gui, Xinning and Kou, Yubo and Pine, Kathleen H. and Chen, Yunan},
  booktitle={Proceedings of the 2017 CHI Conference on Human Factors in Computing Systems},
  pages={4520--4533},
  year={2017},
  publisher={Association for Computing Machinery},
  doi={10.1145/3025453.3025891},
  url={https://dl.acm.org/doi/10.1145/3025453.3025891}
}

@techreport{gao2021report,
  title={COVID-19: Critical Vaccine Distribution, Supply Chain, Program Integrity, and Other Challenges Require Focused Federal Attention},
  author={{United States Government Accountability Office}},
  year={2021},
  institution={U.S. Government Accountability Office},
  number={GAO-21-108},
  url={https://www.gao.gov/products/gao-21-108}
}

@misc{trump2020proclamation,
  title={Proclamation 9994: Declaring a National Emergency Concerning the Novel Coronavirus Disease (COVID-19) Outbreak},
  author={Donald J. Trump},
  year={2020},
  month={March 13},
  institution={The American Presidency Project},
  url={https://www.presidency.ucsb.edu/documents/proclamation-9994-declaring-national-emergency-concerning-the-novel-coronavirus-disease}
}
@article{de1993simpls,
  title={SIMPLS: an alternative approach to partial least squares regression},
  author={De Jong, Sijmen},
  journal={Chemometrics and intelligent laboratory systems},
  volume={18},
  number={3},
  pages={251--263},
  year={1993},
  publisher={Elsevier}
}

@article{Afthanorhan2015,
  author    = {Afthanorhan, Asyraf and Ahmad, Aimran and Ahmad, Sabri},
  title     = {Permutation Test, Non-parametric, and Confidence Set Approaches to Multi Group Analysis for Comparing 2 Groups Using Partial Least Square Structural Equation Modeling (Pls-Sem)},
  journal   = {Advances in Research},
  volume    = {4},
  number    = {5},
  pages     = {315--328},
  year      = {2015},
  doi       = {10.9734/AIR/2015/15218},
  url       = {https://doi.org/10.9734/AIR/2015/15218},
  issn      = {2348-0394}
}



%%--------- Discussion

@article{hahn2015education,
  title={Education improves public health and promotes health equity},
  author={Hahn, Robert A and Truman, Benedict I},
  journal={International journal of health services},
  volume={45},
  number={4},
  pages={657--678},
  year={2015},
  publisher={SAGE Publications Sage CA: Los Angeles, CA}
}

@article{khairat2019advancing,
  title={Advancing health equity and access using telemedicine: a geospatial assessment},
  author={Khairat, Saif and Haithcoat, Timothy and Liu, Songzi and Zaman, Tanzila and Edson, Barbara and Gianforcaro, Robert and Shyu, Chi-Ren},
  journal={Journal of the American Medical Informatics Association},
  volume={26},
  number={8-9},
  pages={796--805},
  year={2019},
  publisher={Oxford University Press}
}

@article{connor2020health,
  title={Health risks and outcomes that disproportionately affect women during the Covid-19 pandemic: A review},
  author={Connor, Jade and Madhavan, Sarina and Mokashi, Mugdha and Amanuel, Hanna and Johnson, Natasha R and Pace, Lydia E and Bartz, Deborah},
  journal={Social science \& medicine},
  volume={266},
  pages={113364},
  year={2020},
  publisher={Elsevier}
}

@inproceedings{wang2019demographic,
  title={Demographic inference and representative population estimates from multilingual social media data},
  author={Wang, Zijian and Hale, Scott and Adelani, David Ifeoluwa and Grabowicz, Przemyslaw and Hartman, Timo and Fl{\"o}ck, Fabian and Jurgens, David},
  booktitle={The world wide web conference},
  pages={2056--2067},
  year={2019}
}

@article{mellon2017twitter,
  title={Twitter and Facebook are not representative of the general population: Political attitudes and demographics of British social media users},
  author={Mellon, Jonathan and Prosser, Christopher},
  journal={Research \& Politics},
  volume={4},
  number={3},
  pages={2053168017720008},
  year={2017},
  publisher={SAGE Publications Sage UK: London, England}
}


%%-------------Added

@article{li2024toward,
  title={Toward satisfactory public accessibility: A crowdsourcing approach through online reviews to inclusive urban design},
  author = {Li, Lingyao, Hu, Songhua, Dai, Yinpei, Deng, Min, Momeni, Parisa, Laverghetta, Gabriel, Fan, Lizhou, Ma, Zihui, Wang, Xi, Ma, Siyuan, et al.},
  journal={arXiv preprint arXiv:2409.08459},
  year={2024}
}

@article{crequit2018mapping,
  title={Mapping of crowdsourcing in health: systematic review},
  author={Cr{\'e}quit, Perrine and Mansouri, Ghizl{\`e}ne and Benchoufi, Mehdi and Vivot, Alexandre and Ravaud, Philippe},
  journal={Journal of medical Internet research},
  volume={20},
  number={5},
  pages={e187},
  year={2018},
  publisher={JMIR Publications Toronto, Canada}
}

@article{li2022dynamic,
  title={Dynamic assessment of the COVID-19 vaccine acceptance leveraging social media data},
  author={Li, Lingyao and Zhou, Jiayan and Ma, Zihui and Bensi, Michelle T and Hall, Molly A and Baecher, Gregory B},
  journal={Journal of Biomedical Informatics},
  volume={129},
  pages={104054},
  year={2022},
  publisher={Elsevier}
}

@misc{psu462,
  author       = {{Pennsylvania State University}},
  title        = {Lesson 10: More on Checking the Model Assumptions},
  year         = {2024},
  url          = {https://online.stat.psu.edu/stat462/node/170/},
  note         = {Accessed: 2024-12-05}
}


@article{salathe2013dynamics,
  author = {Salathé, Marcel and Vu, Duy Q. and Khandelwal, Shashank and Hunter, David R.},
  title = {The dynamics of health behavior sentiments on a large online social network},
  journal = {EPJ Data Science},
  volume = {2},
  number = {1},
  pages = {4},
  year = {2013},
}

@article{boylan2020online,
 author = {Boylan, Anne-Marie and Williams, Veronika and Powell, John},
 title = {Online patient feedback: a scoping review and stakeholder consultation to guide health policy},
 journal = {Journal of Health Services Research \& Policy},
 volume = {25},
 number = {2},
 pages = {122-129},
 year = {2020},
}

@inproceedings{devlin2019bert,
 author = {Devlin, Jacob and Chang, Ming-Wei and Lee, Kenton and Toutanova, Kristina},
 title = {{BERT}: Pre-training of Deep Bidirectional Transformers for Language Understanding},
 booktitle = {Proceedings of the 2019 Conference of the North American Chapter of the Association for Computational Linguistics: Human Language Technologies},
 volume = {1},
 pages = {4171-4186},
 year = {2019},
}

@article{Nurunnabi2015,
author = {Nurunnabi, Abdul and Hadi, Ali and Imon, A.},
year = {2014},
month = {01},
pages = {1315-1331},
title = {Procedures for the Identification of Multiple Influential Observations in Linear Regression},
volume = {41},
journal = {Journal of Applied Statistics},
}

@article{warner2024smarter,
  title={Smarter, better, faster, longer: A modern bidirectional encoder for fast, memory efficient, and long context finetuning and inference},
  author={Warner, Benjamin and Chaffin, Antoine and Clavi{\'e}, Benjamin and Weller, Orion and Hallstr{\"o}m, Oskar and Taghadouini, Said and Gallagher, Alexis and Biswas, Raja and Ladhak, Faisal and Aarsen, Tom and others},
  journal={arXiv preprint arXiv:2412.13663},
  year={2024}
}

@article{cohen1960coefficient,
author = {Jacob Cohen},
title ={A Coefficient of Agreement for Nominal Scales},
journal = {Educational and Psychological Measurement},
volume = {20},
number = {1},
pages = {37-46},
year = {1960},
}