@article{acquisti2016economics,
  title={The economics of privacy},
  author={Acquisti, Alessandro and Taylor, Curtis and Wagman, Liad},
  journal={Journal of economic Literature},
  volume={54},
  number={2},
  pages={442--492},
  year={2016},
  publisher={American Economic Association 2014 Broadway, Suite 305, Nashville, TN 37203-2425}
}

@article{agrawal2018prediction,
  title={Prediction machines: the simple economics of artificial intelligence},
  author={Agrawal, Ajay and Gans, Joshua and Goldfarb, Avi},
  journal={Harvard Business Press},
  year={2018}
}

@article{akerlof1970market,
  title={The market for "lemons": Quality uncertainty and the market mechanism},
  author={Akerlof, George A.},
  journal={The Quarterly Journal of Economics},
  volume={84},
  number={3},
  pages={488--500},
  year={1970},
  publisher={Oxford University Press}
}

@inproceedings{assefa2020generating,
  title={Generating synthetic data in finance: opportunities, challenges and pitfalls},
  author={Assefa, Samuel A and Dervovic, Danial and Mahfouz, Mahmoud and Tillman, Robert E and Reddy, Prashant and Veloso, Manuela},
  booktitle={Proceedings of the First ACM International Conference on AI in Finance},
  pages={1--8},
  year={2020}
}

@article{athey2019machine,
  title={Machine learning methods that economists should know about},
  author={Athey, Susan and Imbens, Guido W},
  journal={Annual Review of Economics},
  volume={11},
  number={1},
  pages={685--725},
  year={2019},
  publisher={Annual Reviews}
}

@inproceedings{brown2020language,
  title={Language models are few-shot learners},
  author={Brown, Tom and Mann, Benjamin and Ryder, Nick and others},
  booktitle={Advances in Neural Information Processing Systems},
  volume={33},
  pages={1877--1901},
  year={2020}
}

@article{einav2014data,
  title={The data revolution and economic analysis},
  author={Einav, Liran and Levin, Jonathan},
  journal={Innovation Policy and the Economy},
  volume={14},
  number={1},
  pages={1--24},
  year={2014},
  publisher={University of Chicago Press Chicago, IL}
}

@article{einav2014economics,
  title={Economics in the age of big data},
  author={Einav, Liran and Levin, Jonathan},
  journal={Science},
  volume={346},
  number={6210},
  pages={1243089},
  year={2014},
  publisher={American Association for the Advancement of Science}
}

@article{fuster2022predictably,
  title={Predictably unequal? The effects of machine learning on credit markets},
  author={Fuster, Andreas and Goldsmith-Pinkham, Paul and Ramadorai, Tarun and Walther, Ansgar},
  journal={The Journal of Finance},
  volume={77},
  number={1},
  pages={5--47},
  year={2022},
  publisher={Wiley Online Library}
}

@article{gatteschi2018blockchain,
  title={Blockchain and smart contracts for insurance: Is the technology mature enough?},
  author={Gatteschi, Valentina and Lamberti, Fabrizio and Demartini, Claudio and Pranteda, Chiara and Santamar{\'\i}a, V{\'\i}ctor},
  journal={Future internet},
  volume={10},
  number={2},
  pages={20},
  year={2018},
  publisher={MDPI}
}

@inproceedings{goodfellow2014generative,
  title={Generative adversarial nets},
  author={Goodfellow, Ian and Pouget-Abadie, Jean and Mirza, Mehdi and others},
  booktitle={Advances in Neural Information Processing Systems},
  pages={2672--2680},
  year={2014}
}

@article{grossman1983analysis,
  title={An analysis of the principal-agent problem},
  author={Grossman, Sanford J. and Hart, Oliver D.},
  journal={Econometrica},
  volume={51},
  number={1},
  pages={7--45},
  year={1983},
  publisher={Wiley-Blackwell}
}

@article{hart1988incomplete,
  title={Incomplete contracts and renegotiation},
  author={Hart, Oliver and Moore, John},
  journal={Econometrica: Journal of the Econometric Society},
  pages={755--785},
  year={1988},
  publisher={JSTOR}
}

@article{holmstrom1979moral,
  title={Moral hazard and observability},
  author={Holmstr{\"o}m, Bengt},
  journal={The Bell Journal of Economics},
  volume={10},
  number={1},
  pages={74--91},
  year={1979},
  publisher={Rand Corporation}
}

@article{rudin2019stop,
  title={Stop explaining black box machine learning models for high stakes decisions and use interpretable models instead},
  author={Rudin, Cynthia},
  journal={Nature machine intelligence},
  volume={1},
  number={5},
  pages={206--215},
  year={2019},
  publisher={Nature Publishing Group UK London}
}

@article{varian2010computer,
  title={Computer mediated transactions},
  author={Varian, Hal R},
  journal={American Economic Review},
  volume={100},
  number={2},
  pages={1--10},
  year={2010},
  publisher={American Economic Association}
}

@article{varian2014big,
  title={Big data: New tricks for econometrics},
  author={Varian, Hal R},
  journal={Journal of economic perspectives},
  volume={28},
  number={2},
  pages={3--28},
  year={2014},
  publisher={American Economic Association 2014 Broadway, Suite 305, Nashville, TN 37203-2418}
}

@article{xu2019modeling,
  title={Modeling tabular data using conditional gan},
  author={Xu, Lei and Skoularidou, Maria and Cuesta-Infante, Alfredo and Veeramachaneni, Kalyan},
  journal={Advances in neural information processing systems},
  volume={32},
  year={2019}
}

