% Use this file for citations not found in the ACL Anthology (contained in "anthology.bib").


@article{akerlof1970market,
  title={The market for "lemons": Quality uncertainty and the market mechanism},
  author={Akerlof, George A.},
  journal={The Quarterly Journal of Economics},
  volume={84},
  number={3},
  pages={488--500},
  year={1970},
  publisher={Oxford University Press}
}

@incollection{athey2018impact,
  title={The impact of machine learning on economics},
  author={Athey, Susan},
  booktitle={The Economics of Artificial Intelligence: An Agenda},
  editor={Agrawal, Ajay and Gans, Joshua and Goldfarb, Avi},
  pages={507--547},
  publisher={University of Chicago Press},
  address={Chicago},
  year={2018}
}

@inproceedings{brown2020language,
  title={Language models are few-shot learners},
  author={Brown, Tom and Mann, Benjamin and Ryder, Nick and others},
  booktitle={Advances in Neural Information Processing Systems},
  volume={33},
  pages={1877--1901},
  year={2020}
}

@inproceedings{devlin2019bert,
  title={{BERT}: Pre-training of deep bidirectional transformers for language understanding},
  author={Devlin, Jacob and Chang, Ming-Wei and Lee, Kenton and Toutanova, Kristina},
  booktitle={Proceedings of the 2019 Conference of the North American Chapter of the Association for Computational Linguistics},
  pages={4171--4186},
  year={2019}
}

@article{fiore2019using,
  title={Using generative adversarial networks for improving classification effectiveness in credit card fraud detection},
  author={Fiore, Ugo and De Santis, Andrea and Perla, Francesco and Zanetti, Paolo and Palmieri, Francesco},
  journal={Information Sciences},
  volume={479},
  pages={448--455},
  year={2019},
  publisher={Elsevier}
}

@inproceedings{goodfellow2014generative,
  title={Generative adversarial nets},
  author={Goodfellow, Ian and Pouget-Abadie, Jean and Mirza, Mehdi and others},
  booktitle={Advances in Neural Information Processing Systems},
  pages={2672--2680},
  year={2014}
}

@article{grossman1983analysis,
  title={An analysis of the principal-agent problem},
  author={Grossman, Sanford J. and Hart, Oliver D.},
  journal={Econometrica},
  volume={51},
  number={1},
  pages={7--45},
  year={1983},
  publisher={Wiley-Blackwell}
}

@article{holmstrom1979moral,
  title={Moral hazard and observability},
  author={Holmstr{\"o}m, Bengt},
  journal={The Bell Journal of Economics},
  volume={10},
  number={1},
  pages={74--91},
  year={1979},
  publisher={Rand Corporation}
}

@article{li2020generative,
  title={Generative adversarial networks-based data augmentation for credit scoring},
  author={Li, Gang and Zhang, Qian and Chen, Jiayuan and Li, Jing},
  journal={IEEE Access},
  volume={8},
  pages={161683--161697},
  year={2020},
  publisher={IEEE}
}

@article{mullainathan2017machine,
  title={Machine learning: An applied econometric approach},
  author={Mullainathan, Sendhil and Spiess, Jann},
  journal={Journal of Economic Perspectives},
  volume={31},
  number={2},
  pages={87--106},
  year={2017},
  publisher={American Economic Association}
}









@article{rochet2006two,
  title={Two-sided markets: a progress report},
  author={Rochet, Jean-Charles and Tirole, Jean},
  journal={The RAND Journal of Economics},
  volume={37},
  number={3},
  pages={645--667},
  year={2006},
  publisher={Wiley Online Library}
}

@book{parker2016platform,
  title={Platform revolution: How networked markets are transforming the economy and how to make them work for you},
  author={Parker, Geoffrey G and Van Alstyne, Marshall W and Choudary, Sangeet Paul},
  year={2016},
  publisher={WW Norton \& Company}
}

@article{rochet2003platform,
  title={Platform competition in two-sided markets},
  author={Rochet, Jean-Charles and Tirole, Jean},
  journal={Journal of the European Economic Association},
  volume={1},
  number={4},
  pages={990--1029},
  year={2003},
  publisher={Oxford University Press}
}

@article{hagiu2015multi,
  title={Multi-sided platforms},
  author={Hagiu, Andrei and Wright, Julian},
  journal={International Journal of Industrial Organization},
  volume={43},
  pages={162--174},
  year={2015},
  publisher={Elsevier}
}

@article{agrawal2018prediction,
  title={Prediction machines: the simple economics of artificial intelligence},
  author={Agrawal, Ajay and Gans, Joshua and Goldfarb, Avi},
  journal={Harvard Business Press},
  year={2018}
}

@article{goldfarb2019artificial,
  title={Artificial intelligence and the modern productivity paradox: A clash of expectations and statistics},
  author={Goldfarb, Avi and Taska, Bledi and Teodoridis, Florenta},
  journal={The Economics of Artificial Intelligence: An Agenda},
  pages={23--57},
  year={2019},
  publisher={University of Chicago Press}
}

@article{varian2018artificial,
  title={Artificial intelligence, economics, and industrial organization},
  author={Varian, Hal},
  journal={The Economics of Artificial Intelligence: An Agenda},
  pages={399--419},
  year={2018},
  publisher={University of Chicago Press}
}

@book{perzanowski2016end,
  title={The end of ownership: Personal property in the digital economy},
  author={Perzanowski, Aaron and Schultz, Jason},
  year={2016},
  publisher={MIT Press}
}

@article{brynjolfsson2017machine,
  title={What can machine learning do? Workforce implications},
  author={Brynjolfsson, Erik and Mitchell, Tom},
  journal={Science},
  volume={358},
  number={6370},
  pages={1530--1534},
  year={2017},
  publisher={American Association for the Advancement of Science}
}

@article{eppler2004concept,
  title={The concept of information overload: A review of literature from organization science, accounting, marketing, MIS, and related disciplines},
  author={Eppler, Martin J and Mengis, Jeanne},
  journal={The information society},
  volume={20},
  number={5},
  pages={325--344},
  year={2004},
  publisher={Taylor \& Francis}
}

@article{bawden2009dark,
  title={The dark side of information: overload, anxiety and other paradoxes and pathologies},
  author={Bawden, David and Robinson, Lyn},
  journal={Journal of information science},
  volume={35},
  number={2},
  pages={180--191},
  year={2009},
  publisher={Sage Publications Sage UK: London, England}
}

@article{feng2021impact,
  title={The impact of information overload on user experience and engagement: An eye-tracking study of social media platforms},
  author={Feng, Shanhe and Wong, Yew-Soon and Gao, Yang},
  journal={Journal of the Association for Information Science and Technology},
  volume={72},
  number={4},
  pages={509--520},
  year={2021},
  publisher={Wiley Online Library}
}

@article{cheng2020effects,
  title={The effects of content diversity in social media on consumer engagement: A neural network approach},
  author={Cheng, Xiufang and Fu, Shaoling and de Vreede, Gert-Jan},
  journal={Journal of Management Information Systems},
  volume={37},
  number={1},
  pages={296--325},
  year={2020},
  publisher={Taylor \& Francis}
}

@book{frank2010winner,
  title={The winner-take-all society: Why the few at the top get so much more than the rest of us},
  author={Frank, Robert H and Cook, Philip J},
  year={2010},
  publisher={Random House}
}

@book{anderson2006long,
  title={The long tail: Why the future of business is selling less of more},
  author={Anderson, Chris},
  year={2006},
  publisher={Hachette Books}
}

@article{abdollahpouri2020multi,
  title={Multistakeholder recommendation: Survey and research directions},
  author={Abdollahpouri, Himan and Adomavicius, Gediminas and Burke, Robin and Guy, Ido and Jannach, Dietmar and Kamishima, Toshihiro and Krasnodebski, Jan and Pizzato, Luiz},
  journal={User Modeling and User-Adapted Interaction},
  volume={30},
  pages={127--158},
  year={2020},
  publisher={Springer}
}

@article{celma2018music,
  title={Music recommendation and discovery revisited},
  author={Celma, Oscar and Cano, Pedro},
  journal={Proceedings of the 2018 ACM Conference on Recommender Systems},
  pages={527--528},
  year={2018}
}

@article{acemoglu2019automation,
  title={Automation and new tasks: How technology displaces and reinstates labor},
  author={Acemoglu, Daron and Restrepo, Pascual},
  journal={Journal of Economic Perspectives},
  volume={33},
  number={2},
  pages={3--30},
  year={2019}
}

@article{goldfarb2019digital,
  title={Digital economics},
  author={Goldfarb, Avi and Tucker, Catherine},
  journal={Journal of Economic Literature},
  volume={57},
  number={1},
  pages={3--43},
  year={2019}
}

@article{calvano2019artificial,
  title={Artificial intelligence, algorithmic pricing, and collusion},
  author={Calvano, Emilio and Calzolari, Giacomo and Denicol{\`o}, Vincenzo and Pastorello, Sergio},
  journal={American Economic Review},
  volume={110},
  number={10},
  pages={3267--97},
  year={2020}
}

@article{gans2019artificial,
  title={Artificial intelligence: An Economist's Perspective},
  author={Gans, Joshua and Goldfarb, Avi and Agrawal, Ajay},
  journal={ACM Communications},
  volume={62},
  number={7},
  pages={80--87},
  year={2019}
}

@article{furman2019ai,
  title={AI and the Economy},
  author={Furman, Jason and Seamans, Robert},
  journal={Innovation Policy and the Economy},
  volume={19},
  pages={161--191},
  year={2019},
  publisher={University of Chicago Press}
}

@article{zittrain2019three,
  title={Three Eras of Digital Governance},
  author={Zittrain, Jonathan},
  journal={SSRN Electronic Journal},
  year={2019}
}

@article{cowls2021artificial,
  title={Artificial intelligence in the creative industries: a review},
  author={Cowls, Josh and Tsamados, Andreas and Taddeo, Mariarosaria and Floridi, Luciano},
  journal={AI \& Society},
  volume={36},
  pages={1--16},
  year={2021},
  publisher={Springer}
}

@article{perc2019social,
  title={The social physics collective},
  author={Perc, Matja{\v{z}}},
  journal={Scientific Reports},
  volume={9},
  number={1},
  pages={1--9},
  year={2019},
  publisher={Nature Publishing Group}
}

@article{agrawal2020ai,
  title={AI and international trade},
  author={Agrawal, Ajay and Gans, Joshua S and Goldfarb, Avi},
  journal={National Bureau of Economic Research},
  year={2020}
}

@article{brynjolfsson2021artificial,
  title={Artificial intelligence and the modern productivity paradox: A general discussion},
  author={Brynjolfsson, Erik and Mitchell, Tom and Rock, Daniel},
  journal={The Economics of Artificial Intelligence: An Agenda},
  pages={1--22},
  year={2021},
  publisher={University of Chicago Press}
}

@article{craglia2018artificial,
  title={Artificial intelligence: A European perspective},
  author={Craglia, Massimo and Annoni, Annalisa and Benczur, Peter and Bertoldi, Paolo and Delipetrev, Blagoj and De Prato, Giuditta and Feijoo, Claudio and Fernandez Macias, Enrique and Gomez, Emilia and Iglesias, Maria and others},
  journal={Publications Office of the European Union},
  year={2018}
}

@article{cockburn2018impact,
  title={The impact of artificial intelligence on innovation},
  author={Cockburn, Iain M and Henderson, Rebecca and Stern, Scott},
  journal={The Economics of Artificial Intelligence: An Agenda},
  pages={115--146},
  year={2018},
  publisher={University of Chicago Press}
}

@article{jones2004minimizing,
  title={Minimizing information overload: The ranking of electronic messages},
  author={Jones, Quentin and Ravid, Gilad and Rafaeli, Sheizaf},
  journal={Journal of Information Science},
  volume={30},
  number={5},
  pages={435--447},
  year={2004},
  publisher={Sage Publications Sage CA: Thousand Oaks, CA}
}

@article{weisberg2016content,
  title={The content model: a new approach to content recommendation},
  author={Weisberg, Omer and Gingold, Yotam and Levy, Eyal},
  journal={Proceedings of the 10th ACM Conference on Recommender Systems},
  pages={137--140},
  year={2016}
}

@article{acemoglu2018artificial,
  title={Artificial intelligence, automation and work},
  author={Acemoglu, Daron and Restrepo, Pascual},
  journal={National Bureau of Economic Research},
  year={2018}
}

@book{brynjolfsson2014second,
  title={The second machine age: Work, progress, and prosperity in a time of brilliant technologies},
  author={Brynjolfsson, Erik and McAfee, Andrew},
  year={2014},
  publisher={WW Norton \& Company}
}

@article{raj2019artificial,
  title={Artificial intelligence in economics and finance},
  author={Raj, Maria and Seamans, Robert},
  journal={SSRN Electronic Journal},
  year={2019}
}

@article{lyons2020ai,
  title={AI and the arts: how machine learning is changing artistic work},
  author={Lyons, Michael J},
  journal={Interactions},
  volume={27},
  number={2},
  pages={58--63},
  year={2020},
  publisher={ACM New York, NY, USA}
}

@article{bakhshi2018creative,
  title={The creative digital skills revolution},
  author={Bakhshi, Hasan and Downing, Joseph and Osborne, Michael and Schneider, Philippe},
  journal={Nesta. org},
  year={2018}
}

@article{agrawal2019economic,
  title={Economic policy for artificial intelligence},
  author={Agrawal, Ajay and Gans, Joshua and Goldfarb, Avi},
  journal={Innovation Policy and the Economy},
  volume={19},
  pages={139--159},
  year={2019},
  publisher={University of Chicago Press}
}

@article{evans2020economics,
  title={The economics of artificial intelligence: An agenda},
  author={Evans, David S},
  journal={Journal of Economic Literature},
  volume={58},
  number={4},
  pages={1146--1151},
  year={2020}
}

@article{goldfarb2022ai,
  title={AI and the productivity paradox},
  author={Goldfarb, Avi and Teodoridis, Florenta},
  journal={Nature Machine Intelligence},
  volume={4},
  number={4},
  pages={318--320},
  year={2022},
  publisher={Nature Publishing Group}
}


@article{einav2010empirical,
  title={Empirical industrial organization: A progress report},
  author={Einav, Liran and Levin, Jonathan},
  journal={Journal of Economic Perspectives},
  volume={24},
  number={2},
  pages={145--162},
  year={2010},
  publisher={American Economic Association}
}

@article{myerson1981optimal,
  title={Optimal auction design},
  author={Myerson, Roger B},
  journal={Mathematics of operations research},
  volume={6},
  number={1},
  pages={58--73},
  year={1981},
  publisher={INFORMS}
}

@article{maskin1984optimal,
  title={Optimal auctions with risk averse buyers},
  author={Maskin, Eric and Riley, John},
  journal={Econometrica: Journal of the Econometric Society},
  pages={1473--1518},
  year={1984},
  publisher={JSTOR}
}

@incollection{laffont2009theory,
  title={The theory of incentives: the principal-agent model},
  author={Laffont, Jean-Jacques and Martimort, David},
  booktitle={The theory of incentives},
  year={2009},
  publisher={Princeton university press}
}

@article{athey2019machine,
  title={Machine learning methods that economists should know about},
  author={Athey, Susan and Imbens, Guido W},
  journal={Annual Review of Economics},
  volume={11},
  number={1},
  pages={685--725},
  year={2019},
  publisher={Annual Reviews}
}

@article{einav2014economics,
  title={Economics in the age of big data},
  author={Einav, Liran and Levin, Jonathan},
  journal={Science},
  volume={346},
  number={6210},
  pages={1243089},
  year={2014},
  publisher={American Association for the Advancement of Science}
}



@article{hart1988incomplete,
  title={Incomplete contracts and renegotiation},
  author={Hart, Oliver and Moore, John},
  journal={Econometrica: Journal of the Econometric Society},
  pages={755--785},
  year={1988},
  publisher={JSTOR}
}


@article{berg2020rise,
  title={On the rise of fintechs: Credit scoring using digital footprints},
  author={Berg, Tobias and Burg, Valentin and Gombovi{\'c}, Ana and Puri, Manju},
  journal={The Review of Financial Studies},
  volume={33},
  number={7},
  pages={2845--2897},
  year={2020},
  publisher={Oxford University Press}
}

@article{krasheninnikova2019reinforcement,
  title={Reinforcement learning for pricing strategy optimization in the insurance industry},
  author={Krasheninnikova, Elena and Garc{\'\i}a, Javier and Maestre, Roberto and Fern{\'a}ndez, Fernando},
  journal={Engineering applications of artificial intelligence},
  volume={80},
  pages={8--19},
  year={2019},
  publisher={Elsevier}
}

@inproceedings{assefa2020generating,
  title={Generating synthetic data in finance: opportunities, challenges and pitfalls},
  author={Assefa, Samuel A and Dervovic, Danial and Mahfouz, Mahmoud and Tillman, Robert E and Reddy, Prashant and Veloso, Manuela},
  booktitle={Proceedings of the First ACM International Conference on AI in Finance},
  pages={1--8},
  year={2020}
}

@article{xu2019modeling,
  title={Modeling tabular data using conditional gan},
  author={Xu, Lei and Skoularidou, Maria and Cuesta-Infante, Alfredo and Veeramachaneni, Kalyan},
  journal={Advances in neural information processing systems},
  volume={32},
  year={2019}
}

@article{bergemann2015selling,
  title={Selling cookies},
  author={Bergemann, Dirk and Bonatti, Alessandro},
  journal={American Economic Journal: Microeconomics},
  volume={7},
  number={3},
  pages={259--294},
  year={2015},
  publisher={American Economic Association 2014 Broadway, Suite 305, Nashville, TN 37203-2425}
}

@article{acquisti2016economics,
  title={The economics of privacy},
  author={Acquisti, Alessandro and Taylor, Curtis and Wagman, Liad},
  journal={Journal of economic Literature},
  volume={54},
  number={2},
  pages={442--492},
  year={2016},
  publisher={American Economic Association 2014 Broadway, Suite 305, Nashville, TN 37203-2425}
}

@article{varian2010computer,
  title={Computer mediated transactions},
  author={Varian, Hal R},
  journal={American Economic Review},
  volume={100},
  number={2},
  pages={1--10},
  year={2010},
  publisher={American Economic Association}
}

@article{einav2014data,
  title={The data revolution and economic analysis},
  author={Einav, Liran and Levin, Jonathan},
  journal={Innovation Policy and the Economy},
  volume={14},
  number={1},
  pages={1--24},
  year={2014},
  publisher={University of Chicago Press Chicago, IL}
}

@article{fuster2022predictably,
  title={Predictably unequal? The effects of machine learning on credit markets},
  author={Fuster, Andreas and Goldsmith-Pinkham, Paul and Ramadorai, Tarun and Walther, Ansgar},
  journal={The Journal of Finance},
  volume={77},
  number={1},
  pages={5--47},
  year={2022},
  publisher={Wiley Online Library}
}

@article{gatteschi2018blockchain,
  title={Blockchain and smart contracts for insurance: Is the technology mature enough?},
  author={Gatteschi, Valentina and Lamberti, Fabrizio and Demartini, Claudio and Pranteda, Chiara and Santamar{\'\i}a, V{\'\i}ctor},
  journal={Future internet},
  volume={10},
  number={2},
  pages={20},
  year={2018},
  publisher={MDPI}
}


@article{varian2014big,
  title={Big data: New tricks for econometrics},
  author={Varian, Hal R},
  journal={Journal of economic perspectives},
  volume={28},
  number={2},
  pages={3--28},
  year={2014},
  publisher={American Economic Association 2014 Broadway, Suite 305, Nashville, TN 37203-2418}
}

@article{rudin2019stop,
  title={Stop explaining black box machine learning models for high stakes decisions and use interpretable models instead},
  author={Rudin, Cynthia},
  journal={Nature machine intelligence},
  volume={1},
  number={5},
  pages={206--215},
  year={2019},
  publisher={Nature Publishing Group UK London}
}

@article{zingales2017towards,
  title={Towards a political theory of the firm},
  author={Zingales, Luigi},
  journal={Journal of Economic Perspectives},
  volume={31},
  number={3},
  pages={113--130},
  year={2017},
  publisher={American Economic Association 2014 Broadway, Suite 305, Nashville, TN 37203-2418}
}

@article{piketty2014capital,
  title={Capital in the twenty-first century},
  author={Piketty, Thomas},
  journal={Trans. Arthur Goldhammer/Belknap},
  year={2014},
  publisher={JSTOR}
}

@book{stiglitz2012price,
  title={The price of inequality: How today’s divided society endangers our future},
  author={Stiglitz, Joseph E},
  year={2012},
  publisher={WW Norton \& Company}
}


@article{zarifhonarvar2024economics,
  title={Economics of chatgpt: A labor market view on the occupational impact of artificial intelligence},
  author={Zarifhonarvar, Ali},
  journal={Journal of Electronic Business \& Digital Economics},
  volume={3},
  number={2},
  pages={100--116},
  year={2024},
  publisher={Emerald Publishing Limited}
}

@article{hui2024short,
  title={The short-term effects of generative artificial intelligence on employment: Evidence from an online labor market},
  author={Hui, Xiang and Reshef, Oren and Zhou, Luofeng},
  journal={Organization Science},
  volume={35},
  number={6},
  pages={1977--1989},
  year={2024},
  publisher={INFORMS}
}


@article{kausik2023long,
  title={Long tails \& the impact of GPT on labor},
  author={Kausik, BN},
  journal={Available at SSRN 4525008},
  year={2023}
}


@article{noy2023experimental,
  title={Experimental evidence on the productivity effects of generative artificial intelligence},
  author={Noy, Shakked and Zhang, Whitney},
  journal={Science},
  volume={381},
  number={6654},
  pages={187--192},
  year={2023},
  publisher={American Association for the Advancement of Science}
}

@article{takahashi2019modeling,
  title={Modeling financial time-series with generative adversarial networks},
  author={Takahashi, Shuntaro and Chen, Yu and Tanaka-Ishii, Kumiko},
  journal={Physica A: Statistical Mechanics and its Applications},
  volume={527},
  pages={121261},
  year={2019},
  publisher={Elsevier}
}


@article{dahal2023utilizing,
  title={Utilizing Generative AI for Real-Time financial market analysis opportunities and challenges},
  author={Dahal, Suresh Budha},
  journal={Advances in Intelligent Information Systems},
  volume={8},
  number={4},
  pages={1--11},
  year={2023}
}

@article{calvano2020artificial,
  title={Artificial intelligence, algorithmic pricing, and collusion},
  author={Calvano, Emilio and Calzolari, Giacomo and Denicolo, Vincenzo and Pastorello, Sergio},
  journal={American Economic Review},
  volume={110},
  number={10},
  pages={3267--3297},
  year={2020},
  publisher={American Economic Association 2014 Broadway, Suite 305, Nashville, TN 37203}
}

@article{racaniere2017imagination,
  title={Imagination-augmented agents for deep reinforcement learning},
  author={Racani{\`e}re, S{\'e}bastien and Weber, Th{\'e}ophane and Reichert, David and Buesing, Lars and Guez, Arthur and Jimenez Rezende, Danilo and Puigdom{\`e}nech Badia, Adri{\`a} and Vinyals, Oriol and Heess, Nicolas and Li, Yujia and others},
  journal={Advances in neural information processing systems},
  volume={30},
  year={2017}
}