@article{bansal2021revisiting,
  title={Revisiting model stitching to compare neural representations},
  author={Bansal, Yamini and Nakkiran, Preetum and Barak, Boaz},
  journal={Advances in neural information processing systems},
  volume={34},
  pages={225--236},
  year={2021}
}

@article{dunefsky2024transcoders,
  title={Transcoders Find Interpretable LLM Feature Circuits},
  author={Dunefsky, Jacob and Chlenski, Philippe and Nanda, Neel},
  journal={arXiv preprint arXiv:2406.11944},
  year={2024}
}

@article{engels2024not,
  title={Not All Language Model Features Are Linear},
  author={Engels, Joshua and Liao, Isaac and Michaud, Eric J and Gurnee, Wes and Tegmark, Max},
  journal={arXiv preprint arXiv:2405.14860},
  year={2024}
}

@article{gatedsaes,
  title={Improving dictionary learning with gated sparse autoencoders},
  author={Rajamanoharan, Senthooran and Conmy, Arthur and Smith, Lewis and Lieberum, Tom and Varma, Vikrant and Kram{\'a}r, J{\'a}nos and Shah, Rohin and Nanda, Neel},
  journal={arXiv preprint arXiv:2404.16014},
  year={2024}
}

@article{gurnee2023language,
  title={Language models represent space and time},
  author={Gurnee, Wes and Tegmark, Max},
  journal={arXiv preprint arXiv:2310.02207},
  year={2023}
}

@article{jumprelusaes,
  title={Jumping Ahead: Improving Reconstruction Fidelity with JumpReLU Sparse Autoencoders},
  author={Rajamanoharan, Senthooran and Lieberum, Tom and Sonnerat, Nicolas and Conmy, Arthur and Varma, Vikrant and Kram{\'a}r, J{\'a}nos and Nanda, Neel},
  journal={arXiv preprint arXiv:2407.14435},
  year={2024}
}

@article{kissane2024interpreting,
  title={Interpreting attention layer outputs with sparse autoencoders},
  author={Kissane, Connor and Krzyzanowski, Robert and Bloom, Joseph Isaac and Conmy, Arthur and Nanda, Neel},
  journal={arXiv preprint arXiv:2406.17759},
  year={2024}
}

@article{leesaes,
  title={Sparse autoencoders find highly interpretable features in language models},
  author={Cunningham, Hoagy and Ewart, Aidan and Riggs, Logan and Huben, Robert and Sharkey, Lee},
  journal={arXiv preprint arXiv:2309.08600},
  year={2023}
}

@inproceedings{lenc2015understanding,
  title={Understanding image representations by measuring their equivariance and equivalence},
  author={Lenc, Karel and Vedaldi, Andrea},
  booktitle={Proceedings of the IEEE conference on computer vision and pattern recognition},
  pages={991--999},
  year={2015}
}

@article{li2022emergent,
  title={Emergent world representations: Exploring a sequence model trained on a synthetic task},
  author={Li, Kenneth and Hopkins, Aspen K and Bau, David and Vi{\'e}gas, Fernanda and Pfister, Hanspeter and Wattenberg, Martin},
  journal={arXiv preprint arXiv:2210.13382},
  year={2022}
}

@article{makelov2024towards,
  title={Towards principled evaluations of sparse autoencoders for interpretability and control},
  author={Makelov, Aleksandar and Lange, George and Nanda, Neel},
  journal={arXiv preprint arXiv:2405.08366},
  year={2024}
}

@article{olah2020zoom,
  title={Zoom in: An introduction to circuits},
  author={Olah, Chris and Cammarata, Nick and Schubert, Ludwig and Goh, Gabriel and Petrov, Michael and Carter, Shan},
  journal={Distill},
  volume={5},
  number={3},
  pages={e00024--001},
  year={2020}
}

@article{olsson2022context,
  title={In-context learning and induction heads},
  author={Olsson, Catherine and Elhage, Nelson and Nanda, Neel and Joseph, Nicholas and DasSarma, Nova and Henighan, Tom and Mann, Ben and Askell, Amanda and Bai, Yuntao and Chen, Anna and others},
  journal={arXiv preprint arXiv:2209.11895},
  year={2022}
}

@book{scalingmono,
  title={Scaling monosemanticity: Extracting interpretable features from claude 3 sonnet},
  author={Templeton, Adly},
  year={2024},
  publisher={Anthropic}
}

@article{sparsefeaturecircuits,
  title={Sparse feature circuits: Discovering and editing interpretable causal graphs in language models},
  author={Marks, Samuel and Rager, Can and Michaud, Eric J and Belinkov, Yonatan and Bau, David and Mueller, Aaron},
  journal={arXiv preprint arXiv:2403.19647},
  year={2024}
}

@article{topksaes,
  title={Scaling and evaluating sparse autoencoders},
  author={Gao, Leo and la Tour, Tom Dupr{\'e} and Tillman, Henk and Goh, Gabriel and Troll, Rajan and Radford, Alec and Sutskever, Ilya and Leike, Jan and Wu, Jeffrey},
  journal={arXiv preprint arXiv:2406.04093},
  year={2024}
}

@article{towardsmonosemanticity,
  title={Towards monosemanticity: Decomposing language models with dictionary learning},
  author={Bricken, Trenton and Templeton, Adly and Batson, Joshua and Chen, Brian and Jermyn, Adam and Conerly, Tom and Turner, Nick and Anil, Cem and Denison, Carson and Askell, Amanda and others},
  journal={Transformer Circuits Thread},
  volume={2},
  year={2023}
}

