@String(PAMI = {IEEE Trans. Pattern Anal. Mach. Intell.})
@String(IJCV = {Int. J. Comput. Vis.})
@String(CVPR= {IEEE Conf. Comput. Vis. Pattern Recog.})
@String(ICCV= {Int. Conf. Comput. Vis.})
@String(ECCV= {Eur. Conf. Comput. Vis.})
@String(NIPS= {Adv. Neural Inform. Process. Syst.})
@String(ICPR = {Int. Conf. Pattern Recog.})
@String(BMVC= {Brit. Mach. Vis. Conf.})
@String(TOG= {ACM Trans. Graph.})
@String(TIP  = {IEEE Trans. Image Process.})
@String(TVCG  = {IEEE Trans. Vis. Comput. Graph.})
@String(TMM  = {IEEE Trans. Multimedia})
@String(ACMMM= {ACM Int. Conf. Multimedia})
@String(ICME = {Int. Conf. Multimedia and Expo})
@String(ICASSP=	{ICASSP})
@String(ICIP = {IEEE Int. Conf. Image Process.})
@String(ACCV  = {ACCV})
@String(ICLR = {Int. Conf. Learn. Represent.})
@String(IJCAI = {IJCAI})
@String(PR   = {Pattern Recognition})
@String(AAAI = {AAAI})
@String(CVPRW= {IEEE Conf. Comput. Vis. Pattern Recog. Worksh.})
@String(CSVT = {IEEE Trans. Circuit Syst. Video Technol.})

@String(SPL	= {IEEE Sign. Process. Letters})
@String(VR   = {Vis. Res.})
@String(JOV	 = {J. Vis.})
@String(TVC  = {The Vis. Comput.})
@String(JCST  = {J. Comput. Sci. Tech.})
@String(CGF  = {Comput. Graph. Forum})
@String(CVM = {Computational Visual Media})


@String(PAMI  = {IEEE TPAMI})
@String(IJCV  = {IJCV})
@String(CVPR  = {CVPR})
@String(ICCV  = {ICCV})
@String(ECCV  = {ECCV})
@String(NIPS  = {NeurIPS})
@String(ICPR  = {ICPR})
@String(BMVC  =	{BMVC})
@String(TOG   = {ACM TOG})
@String(TIP   = {IEEE TIP})
@String(TVCG  = {IEEE TVCG})
@String(TCSVT = {IEEE TCSVT})
@String(TMM   =	{IEEE TMM})
@String(ACMMM = {ACM MM})
@String(ICME  =	{ICME})
@String(ICASSP=	{ICASSP})
@String(ICIP  = {ICIP})
@String(ACCV  = {ACCV})
@String(ICLR  = {ICLR})
@String(IJCAI = {IJCAI})
@String(PR = {PR})
@String(AAAI = {AAAI})
@String(CVPRW= {CVPRW})
@String(CSVT = {IEEE TCSVT})


@inproceedings{AhmedICMI2023,
author = {Ahmed, Tamim and Rikakis, Thanassis and Kelliher, Aisling and Soleymani, Mohammad},
title = {{ASAR} Dataset and Computational Model for Affective State Recognition During {ARAT} Assessment for Upper Extremity Stroke Survivors},
year = {2023},
isbn = {9798400703218},
publisher = {Association for Computing Machinery},
address = {New York, NY, USA},
doi = {10.1145/3610661.3617154},
booktitle = {Companion Publication of the 25th International Conference on Multimodal Interaction},
pages = {11–15},
numpages = {5},
keywords = {ARAT, Affective States, CNN, Dataset, Engagement, LSTM, Pain, Rehabilitation, Stroke},
location = {<conf-loc>, <city>Paris</city>, <country>France</country>, </conf-loc>},
series = {ICMI '23 Companion}
}
@INPROCEEDINGS{Neimark2021,
  author={Neimark, Daniel and Bar, Omri and Zohar, Maya and Asselmann, Dotan},
  booktitle={2021 IEEE/CVF International Conference on Computer Vision Workshops (ICCVW)}, 
  title={Video Transformer Network}, 
  year={2021},
  volume={},
  number={},
  pages={3156-3165},
  keywords={Solid modeling;Three-dimensional displays;Runtime;Computational modeling;Video sequences;Machine learning;Benchmark testing},
  doi={10.1109/ICCVW54120.2021.00355}}
@InProceedings{Wang2016ECCV,
author="Wang, Limin
and Xiong, Yuanjun
and Wang, Zhe
and Qiao, Yu
and Lin, Dahua
and Tang, Xiaoou
and Van Gool, Luc",
editor="Leibe, Bastian
and Matas, Jiri
and Sebe, Nicu
and Welling, Max",
title="Temporal Segment Networks: Towards Good Practices for Deep Action Recognition",
booktitle="Computer Vision -- ECCV 2016",
year="2016",
publisher="Springer International Publishing",
address="Cham",
pages="20--36",
isbn="978-3-319-46484-8",
doi={10.1007/978-3-319-46484-8_2}
}
@inproceedings{VaswaniNeurIPS2017,
 author = {Vaswani, Ashish and Shazeer, Noam and Parmar, Niki and Uszkoreit, Jakob and Jones, Llion and Gomez, Aidan N and Kaiser, \L ukasz and Polosukhin, Illia},
 booktitle = {Advances in Neural Information Processing Systems},
 editor = {I. Guyon and U. Von Luxburg and S. Bengio and H. Wallach and R. Fergus and S. Vishwanathan and R. Garnett},
 pages = {},
 publisher = {Curran Associates, Inc.},
 title = {Attention is All you Need},
 volume = {30},
 year = {2017}
}
@inproceedings{Lugaresi2019,
title	= {{MediaPipe}: A Framework for Perceiving and Processing Reality},
author	= {Camillo Lugaresi and Jiuqiang Tang and Hadon Nash and Chris McClanahan and Esha Uboweja and Michael Hays and Fan Zhang and Chuo-Ling Chang and Ming Yong and Juhyun Lee and Wan-Teh Chang and Wei Hua and Manfred Georg and Matthias Grundmann},
year	= {2019},
booktitle	= {Third Workshop on Computer Vision for AR/VR at IEEE Computer Vision and Pattern Recognition (CVPR) 2019}
}
@article{Page1954,
 ISSN = {00063444},
 author = {E. S. Page},
 journal = {Biometrika},
 number = {1/2},
 pages = {100--115},
 publisher = {[Oxford University Press, Biometrika Trust]},
 title = {Continuous Inspection Schemes},
 volume = {41},
 year = {1954}
}
@INPROCEEDINGS{LinCVPR2017,
  author={Lin, Tsung-Yi and Dollár, Piotr and Girshick, Ross and He, Kaiming and Hariharan, Bharath and Belongie, Serge},
  booktitle={IEEE Conference on Computer Vision and Pattern Recognition (CVPR)}, 
  title={Feature Pyramid Networks for Object Detection}, 
  year={2017},
  volume={},
  number={},
  pages={936-944},
  keywords={Feature extraction;Detectors;Semantics;Computer architecture;Proposals;Object detection;Robustness},
  doi={10.1109/CVPR.2017.106}}
@INPROCEEDINGS{LiICCV2019,
  author={Li, Yanghao and Chen, Yuntao and Wang, Naiyan and Zhang, Zhao-Xiang},
  booktitle={IEEE/CVF International Conference on Computer Vision (ICCV)}, 
  title={Scale-Aware Trident Networks for Object Detection}, 
  year={2019},
  volume={},
  number={},
  pages={6053-6062},
  keywords={Feature extraction;Training;Detectors;Object detection;Proposals;Semantics;Computer architecture},
  doi={10.1109/ICCV.2019.00615}}
@article{Hochreiter1997,
    author = {Hochreiter, Sepp and Schmidhuber, Jürgen},
    title = "{Long Short-Term Memory}",
    journal = {Neural Computation},
    volume = {9},
    number = {8},
    pages = {1735-1780},
    year = {1997},
    month = {11},
    issn = {0899-7667},
    doi = {10.1162/neco.1997.9.8.1735},
    eprint = {https://direct.mit.edu/neco/article-pdf/9/8/1735/813796/neco.1997.9.8.1735.pdf},
}
@INPROCEEDINGS{LeaCVPR2017,
  author={Lea, Colin and Flynn, Michael D. and Vidal, René and Reiter, Austin and Hager, Gregory D.},
  booktitle={IEEE Conference on Computer Vision and Pattern Recognition (CVPR)}, 
  title={Temporal Convolutional Networks for Action Segmentation and Detection}, 
  year={2017},
  volume={},
  number={},
  pages={1003-1012},
  keywords={Convolution;Feature extraction;Spatiotemporal phenomena;Adaptation models;Decoding;Predictive models},
  doi={10.1109/CVPR.2017.113}}
@inproceedings{Cho-etal-2014-learning,
    title = "Learning Phrase Representations using {RNN} Encoder{--}Decoder for Statistical Machine Translation",
    author = {Cho, Kyunghyun  and
      van Merri{\"e}nboer, Bart  and
      Gulcehre, Caglar  and
      Bahdanau, Dzmitry  and
      Bougares, Fethi  and
      Schwenk, Holger  and
      Bengio, Yoshua},
    editor = "Moschitti, Alessandro  and
      Pang, Bo  and
      Daelemans, Walter",
    booktitle = "Proceedings of the 2014 Conference on Empirical Methods in Natural Language Processing ({EMNLP})",
    month = oct,
    year = "2014",
    address = "Doha, Qatar",
    publisher = "Association for Computational Linguistics",
    doi = "10.3115/v1/D14-1179",
    pages = "1724--1734",
}
@ARTICLE{AhmedFrontiers2021,
AUTHOR={Ahmed, Tamim  and Thopalli, Kowshik  and Rikakis, Thanassis  and Turaga, Pavan  and Kelliher, Aisling  and Huang, Jia-Bin  and Wolf, Steven L. },
TITLE={Automated Movement Assessment in Stroke Rehabilitation},
JOURNAL={Frontiers in Neurology},
VOLUME={12},
YEAR={2021},
DOI={10.3389/fneur.2021.720650},
ISSN={1664-2295},
}
@article{savitzky1964smoothing,
author = {Savitzky, Abraham. and Golay, M. J. E.},
title = {Smoothing and Differentiation of Data by Simplified Least Squares Procedures.},
journal = {Analytical Chemistry},
volume = {36},
number = {8},
pages = {1627-1639},
year = {1964},
doi = {10.1021/ac60214a047},
}
@article{YozbatiranNeuro2008,
author = {Nuray Yozbatiran and Lucy Der-Yeghiaian and Steven C. Cramer},
title ={A Standardized Approach to Performing the Action Research Arm Test},
journal = {Neurorehabilitation and Neural Repair},
volume = {22},
number = {1},
pages = {78-90},
year = {2008},
doi = {10.1177/1545968307305353},
}
@inproceedings{adams2007bayesian,
      title={Bayesian Online Changepoint Detection}, 
      author={Ryan Prescott Adams and David J. C. MacKay},
      year={2007},
      eprint={0710.3742},
      archivePrefix={arXiv},
      primaryClass={stat.ML},
      booktitle={arXiv preprint arXiv:0710.3742}
}
@ARTICLE{JiPAMI2010,
  author={Ji, Shuiwang and Xu, Wei and Yang, Ming and Yu, Kai},
  journal={IEEE Transactions on Pattern Analysis and Machine Intelligence}, 
  title={{3D} Convolutional Neural Networks for Human Action Recognition}, 
  year={2013},
  volume={35},
  number={1},
  pages={221-231},
  keywords={Three dimensional displays;Solid modeling;Feature extraction;Computer architecture;Videos;Kernel;Computational modeling;Deep learning;convolutional neural networks;3D convolution;model combination;action recognition},
  doi={10.1109/TPAMI.2012.59}}
@InProceedings{CarionECCV2020,
author="Carion, Nicolas
and Massa, Francisco
and Synnaeve, Gabriel
and Usunier, Nicolas
and Kirillov, Alexander
and Zagoruyko, Sergey",
editor="Vedaldi, Andrea
and Bischof, Horst
and Brox, Thomas
and Frahm, Jan-Michael",
title="End-to-End Object Detection with Transformers",
booktitle="Computer Vision -- ECCV 2020",
year="2020",
publisher="Springer International Publishing",
address="Cham",
pages="213--229",
isbn="978-3-030-58452-8",
doi={10.1007/978-3-030-58452-8_13}
}
@inproceedings{KingBa15,
      title={Adam: A Method for Stochastic Optimization}, 
      author={Diederik P. Kingma and Jimmy Ba},
      year={2017},
      eprint={1412.6980},
      archivePrefix={arXiv},
      primaryClass={cs.LG},
      booktitle={arXiv preprint arXiv:1412.6980}
}
@inproceedings{Kohavi1995,
author = {Kohavi, Ron},
title = {A study of cross-validation and bootstrap for accuracy estimation and model selection},
year = {1995},
isbn = {1558603638},
publisher = {Morgan Kaufmann Publishers Inc.},
address = {San Francisco, CA, USA},
booktitle = {Proceedings of the 14th International Joint Conference on Artificial Intelligence - Volume 2},
pages = {1137–1143},
numpages = {7},
location = {Montreal, Quebec, Canada},
series = {IJCAI'95}
}
@ARTICLE{8765346,
  author={Cao, Zhe and Hidalgo, Gines and Simon, Tomas and Wei, Shih-En and Sheikh, Yaser},
  journal={IEEE Transactions on Pattern Analysis and Machine Intelligence}, 
  title={{OpenPose}: Realtime Multi-Person 2D Pose Estimation Using Part Affinity Fields}, 
  year={2021},
  volume={43},
  number={1},
  pages={172-186},
  keywords={Two dimensional displays;Pose estimation;Detectors;Runtime;Kernel;Training;2D human pose estimation;2D foot keypoint estimation;real-time;multiple person;part affinity fields},
  doi={10.1109/TPAMI.2019.2929257}}


@ARTICLE{Li2023,
  author={Li, Shijie and Farha, Yazan Abu and Liu, Yun and Cheng, Ming-Ming and Gall, Juergen},
  journal={IEEE Transactions on Pattern Analysis and Machine Intelligence}, 
  title={{MS-TCN++}: Multi-Stage Temporal Convolutional Network for Action Segmentation}, 
  year={2023},
  volume={45},
  number={6},
  pages={6647-6658},
  keywords={Videos;Hidden Markov models;Convolution;Task analysis;Computer architecture;Microsoft Windows;Adaptation models;Temporal action segmentation;temporal convolutional network},
  doi={10.1109/TPAMI.2020.3021756}}

@ARTICLE{Rabiner1989,
  author={Rabiner, L.R.},
  journal={Proceedings of the IEEE}, 
  title={A tutorial on hidden Markov models and selected applications in speech recognition}, 
  year={1989},
  volume={77},
  number={2},
  pages={257-286},
  keywords={Tutorial;Hidden Markov models;Speech recognition},
  doi={10.1109/5.18626}}


@InProceedings{Lin2014,
author="Lin, Tsung-Yi
and Maire, Michael
and Belongie, Serge
and Hays, James
and Perona, Pietro
and Ramanan, Deva
and Doll{\'a}r, Piotr
and Zitnick, C. Lawrence",
editor="Fleet, David
and Pajdla, Tomas
and Schiele, Bernt
and Tuytelaars, Tinne",
title="Microsoft COCO: Common Objects in Context",
booktitle="Computer Vision -- ECCV 2014",
year="2014",
publisher="Springer International Publishing",
address="Cham",
pages="740--755",
isbn="978-3-319-10602-1",
doi={10.1007/978-3-319-10602-1_48}
}

@INPROCEEDINGS{Jiang2023,
  author={Jiang, Borui and Jin, Yang and Tan, Zhentao and Mu, Yadong},
  booktitle={2023 IEEE/CVF International Conference on Computer Vision (ICCV)}, 
  title={Video Action Segmentation via Contextually Refined Temporal Keypoints}, 
  year={2023},
  volume={},
  number={},
  pages={13790-13799},
  keywords={Measurement;Visualization;Computer vision;Annotations;Computational modeling;Refining;Benchmark testing},
  doi={10.1109/ICCV51070.2023.01272}}


@article {Yousufuddin2019,
author = {Yousufuddin, Mohammed  and Young, Nathan },
title = {Aging and ischemic stroke},
journal = {Aging},
volume = {11},
number = {9},
publisher = {Impact Journals, LLC},
issn = {1945-4589},
url = {https://doi.org/10.18632/aging.101931},
doi = {10.18632/aging.101931},
pages = {2542-2544},
year = {2019},
}


@INPROCEEDINGS{Tran2015,
  author={Tran, Du and Bourdev, Lubomir and Fergus, Rob and Torresani, Lorenzo and Paluri, Manohar},
  booktitle={2015 IEEE International Conference on Computer Vision (ICCV)}, 
  title={Learning Spatiotemporal Features with 3D Convolutional Networks}, 
  year={2015},
  volume={},
  number={},
  pages={4489-4497},
  keywords={Three-dimensional displays;Convolution;Kernel;Feature extraction;Solid modeling;Streaming media;Training},
  doi={10.1109/ICCV.2015.510}}
