@ARTICLE{z1,
  author={Hamdi, Rami and Baccour, Emna and Erbad, Aiman and Qaraqe, Marwa and Hamdi, Mounir},
  journal={IEEE Internet Things J.}, 
  title={{LoRa-RL: Deep Reinforcement Learning for Resource Management in Hybrid Energy LoRa Wireless Networks}}, 
  year={2022},
  volume={9},
  number={9},
  pages={6458-6476},
  doi={10.1109/JIOT.2021.3110996}}


@Article{z2,
AUTHOR = {Chaudhri, Shiv Nath and Rajput, Navin Singh and Alsamhi, Saeed Hamood and Shvetsov, Alexey V. and Almalki, Faris A.},
TITLE = {{Zero-Padding and Spatial Augmentation-Based Gas Sensor Node Optimization Approach in Resource-Constrained 6G-IoT Paradigm}},
JOURNAL = {Sensors},
VOLUME = {22},
YEAR = {2022},
NUMBER = {8},
ARTICLE-NUMBER = {3039},
URL = {https://www.mdpi.com/1424-8220/22/8/3039},
PubMedID = {35459024},
ISSN = {1424-8220},
DOI = {10.3390/s22083039}
}

@ARTICLE{z3,
  author={Lee, Woongsup and Kim, Minhoe and Cho, Dong-Ho},
  journal={IEEE Commun. Lett.}, 
  title={{Deep Power Control: Transmit Power Control Scheme Based on Convolutional Neural Network}}, 
  year={2018},
  volume={22},
  number={6},
  pages={1276-1279},
  doi={10.1109/LCOMM.2018.2825444}}

@INPROCEEDINGS{z4,
  author={Omotere, Oluwaseyi and Fuller, John and Qian, Lijun and Han, Zhu},
  booktitle={2018 IEEE 88th Vehicular Technology Conference (VTC-Fall)}, 
  title={{Spectrum Occupancy Prediction in Coexisting Wireless Systems Using Deep Learning}}, 
  year={2018},
  volume={},
  number={},
  pages={1-7},
  doi={10.1109/VTCFall.2018.8690575}}

@ARTICLE{z5,
  author={Xiao, Han and Tian, Wenqiang and Liu, Wendong and Shen, Jia},
  journal={IEEE Wirel. Commun. Lett.}, 
  title={{ChannelGAN: Deep Learning-Based Channel Modeling and Generating}}, 
  year={2022},
  volume={11},
  number={3},
  pages={650-654},
  doi={10.1109/LWC.2021.3140102}}

@ARTICLE{z6,
  author={Emir, Ahmet and Kara, Ferdi and Kaya, Hakan and Yanikomeroglu, Halim},
  journal={IEEE Wirel. Commun. Lett.}, 
  title={{DeepMuD: Multi-User Detection for Uplink Grant-Free NOMA IoT Networks via Deep Learning}}, 
  year={2021},
  volume={10},
  number={5},
  pages={1133-1137},
  doi={10.1109/LWC.2021.3060772}}

@ARTICLE{z7,
  author={Wen, Chao-Kai and Shih, Wan-Ting and Jin, Shi},
  journal={IEEE Wirel. Commun. Lett.}, 
  title={{Deep Learning for Massive MIMO CSI Feedback}}, 
  year={2018},
  volume={7},
  number={5},
  pages={748-751},
  doi={10.1109/LWC.2018.2818160}}

@ARTICLE{z8,
  author={Zhou, Tao and Zhang, Haitong and Ai, Bo and Xue, Chen and Liu, Liu},
  journal={IEEE Trans. Wirel. Commun.}, 
  title={{Deep-Learning-Based Spatial–Temporal Channel Prediction for Smart High-Speed Railway Communication Networks}}, 
  year={2022},
  volume={21},
  number={7},
  pages={5333-5345},
  doi={10.1109/TWC.2021.3139384}}

@INPROCEEDINGS{z9,
  author={Berruet, Brieuc and Baala, Oumaya and Caminada, Alexandre and Guillet, Valery},
  booktitle={2018 International Conference on Indoor Positioning and Indoor Navigation (IPIN)}, 
  title={{DelFin: A Deep Learning Based CSI Fingerprinting Indoor Localization in IoT Context}}, 
  year={2018},
  volume={},
  number={},
  pages={1-8},
  doi={10.1109/IPIN.2018.8533777}}

@ARTICLE{z10,
  author={Naderializadeh, Navid and Sydir, Jaroslaw J. and Simsek, Meryem and Nikopour, Hosein},
  journal={IEEE Trans. Wirel. Commun.}, 
  title={{Resource Management in Wireless Networks via Multi-Agent Deep Reinforcement Learning}}, 
  year={2021},
  volume={20},
  number={6},
  pages={3507-3523},
  doi={10.1109/TWC.2021.3051163}}

@INPROCEEDINGS{z11,
  author={Lotfi, Fatemeh and Semiari, Omid and Saad, Walid},
  booktitle={ICC 2022 - IEEE International Conference on Communications}, 
  title={{Semantic-Aware Collaborative Deep Reinforcement Learning Over Wireless Cellular Networks}}, 
  year={2022},
  volume={},
  number={},
  pages={5256-5261},
  doi={10.1109/ICC45855.2022.9839122}}

@INPROCEEDINGS{z12,
  author={Pei, Errong and Yang, Guangcai},
  booktitle={2020 IEEE/CIC International Conference on Communications in China (ICCC)}, 
  title={{A Deep Learning based Resource Allocation Algorithm for Variable Dimensions in D2D-Enabled Cellular Networks}}, 
  year={2020},
  volume={},
  number={},
  pages={277-282},
  doi={10.1109/ICCC49849.2020.9238799}}


@article{z13,
  title={{Adaptive bit rate control in semantic communication with incremental knowledge-based harq}},
  author={Zhou, Qingyang and Li, Rongpeng and Zhao, Zhifeng and Xiao, Yong and Zhang, Honggang},
  journal={IEEE Open J. Commun. Soc.},
  volume={3},
  pages={1076--1089},
  year={2022},
  publisher={IEEE}
}

@article{z14,
  title={{Semantic communications with variable-length coding for extended reality}},
  author={Zhang, Bowen and Qin, Zhijin and Li, Geoffrey Ye},
  journal={arXiv preprint arXiv:2302.08645},
  year={2023}
}

@ARTICLE{online1,
  author={Bouzinis, Pavlos S. and Mitsiou, Nikos A. and Diamantoulakis, Panagiotis D. and Tyrovolas, Dimitrios and Karagiannidis, George K.},
  journal={IEEE Wirel. Commun. Lett.}, 
  title={{Intelligent Over-the-Air Computing Environment}}, 
  year={2023},
  volume={12},
  number={1},
  pages={134-137},
  doi={10.1109/LWC.2022.3219250}}

@ARTICLE{online2,
  author={Gao, Jiabao and Zhong, Caijun and Li, Geoffrey Ye and Zhang, Zhaoyang},
  journal={IEEE Wirel. Commun. Lett.}, 
  title={{Online Deep Neural Network for Optimization in Wireless Communications}}, 
  year={2022},
  volume={11},
  number={5},
  pages={933-937},
  doi={10.1109/LWC.2022.3149863}}

@ARTICLE{online3,
  author={Mitsiou, Nikos A. and Diamantoulakis, Panagiotis D. and Sarigiannidis, Panagiotis G. and Karagiannidis, George K.},
  journal={IEEE Commun. Lett.}, 
  title={{Energy Efficient OFDM with Intelligent PAPR-aware Adaptive Modulation}}, 
  year={2023},
  volume={},
  number={},
  pages={1-1},
  doi={10.1109/LCOMM.2023.3324137}}


@ARTICLE{d1,
  author={Liang, Le and Ye, Hao and Yu, Guanding and Li, Geoffrey Ye},
  journal={Proc. IEEE}, 
  title={{Deep-Learning-Based Wireless Resource Allocation With Application to Vehicular Networks}}, 
  year={2020},
  volume={108},
  number={2},
  pages={341-356},
  doi={10.1109/JPROC.2019.2957798}}

@INPROCEEDINGS{d2,
  author={Sun, Haoran and Chen, Xiangyi and Shi, Qingjiang and Hong, Mingyi and Fu, Xiao and Sidiropoulos, Nikos D.},
  booktitle={2017 IEEE 18th International Workshop on Signal Processing Advances in Wireless Communications (SPAWC)}, 
  title={{Learning to optimize: Training deep neural networks for wireless resource management}}, 
  year={2017},
  volume={},
  number={},
  pages={1-6},
  doi={10.1109/SPAWC.2017.8227766}}

@ARTICLE{d3,
  author={Lee, Woongsup and Schober, Robert},
  journal={IEEE Trans. Wirel. Commun.}, 
  title={{Deep Learning-Based Resource Allocation for Device-to-Device Communication}}, 
  year={2022},
  volume={21},
  number={7},
  pages={5235-5250},
  doi={10.1109/TWC.2021.3138733}}

@ARTICLE{d4,
  author={Lee, Hoon and Lee, Sang Hyun and Quek, Tony Q. S.},
  journal={IEEE J. Sel. Areas Commun.}, 
  title={{Deep Learning for Distributed Optimization: Applications to Wireless Resource Management}}, 
  year={2019},
  volume={37},
  number={10},
  pages={2251-2266},
  doi={10.1109/JSAC.2019.2933890}}

@ARTICLE{d5,
  author={Ahmed, K. I. and Tabassum, H. and Hossain, E.},
  journal={IEEE Netw.}, 
  title={{Deep Learning for Radio Resource Allocation in Multi-Cell Networks}}, 
  year={2019},
  volume={33},
  number={6},
  pages={188-195},
  doi={10.1109/MNET.2019.1900029}}

@ARTICLE{d6,
  author={Yu, Peng and Zhou, Fanqin and Zhang, Xiang and Qiu, Xuesong and Kadoch, Michel and Cheriet, Mohamed},
  journal={IEEE Trans. Broadcast.}, 
  title={{Deep Learning-Based Resource Allocation for 5G Broadband TV Service}}, 
  year={2020},
  volume={66},
  number={4},
  pages={800-813},
  doi={10.1109/TBC.2020.2968730}}

@ARTICLE{d7,
  author={Ganewattha, Chanaka and Khan, Zaheer and Latva-Aho, Matti and Lehtomäki, Janne J.},
  journal={IEEE Access}, 
  title={{Confidence Aware Deep Learning Driven Wireless Resource Allocation in Shared Spectrum Bands}}, 
  year={2022},
  volume={10},
  number={},
  pages={34945-34959},
  doi={10.1109/ACCESS.2022.3162829}}

@ARTICLE{d8,
  author={Lee, Woongsup and Jo, Ohyun and Kim, Minhoe},
  journal={IEEE Commun. Mag.}, 
  title={{Intelligent Resource Allocation in Wireless Communications Systems}}, 
  year={2020},
  volume={58},
  number={1},
  pages={100-105},
  doi={10.1109/MCOM.001.1900199}}

@ARTICLE{d9,
  author={Eisen, Mark and Zhang, Clark and Chamon, Luiz F. O. and Lee, Daniel D. and Ribeiro, Alejandro},
  journal={IEEE Trans. Signal Process.}, 
  title={{Learning Optimal Resource Allocations in Wireless Systems}}, 
  year={2019},
  volume={67},
  number={10},
  pages={2775-2790},
  doi={10.1109/TSP.2019.2908906}}

@ARTICLE{d10,
  author={Merluzzi, Mattia and Lorenzo, Paolo Di and Barbarossa, Sergio},
  journal={IEEE Access}, 
  title={{Wireless Edge Machine Learning: Resource Allocation and Trade-Offs}}, 
  year={2021},
  volume={9},
  number={},
  pages={45377-45398},
  doi={10.1109/ACCESS.2021.3066559}}

@ARTICLE{d11,
  author={Luong, Phuong and Gagnon, François and Tran, Le-Nam and Labeau, Fabrice},
  journal={IEEE Trans. Wirel. Commun.}, 
  title={{Deep Reinforcement Learning-Based Resource Allocation in Cooperative UAV-Assisted Wireless Networks}}, 
  year={2021},
  volume={20},
  number={11},
  pages={7610-7625},
  doi={10.1109/TWC.2021.3086503}}

@ARTICLE{d12,
  author={Zhang, Haijun and Zhang, Haisen and Long, Keping and Karagiannidis, George K.},
  journal={IEEE Trans. Netw. Sci.}, 
  title={{Deep Learning Based Radio Resource Management in NOMA Networks: User Association, Subchannel and Power Allocation}}, 
  year={2020},
  volume={7},
  number={4},
  pages={2406-2415},
  doi={10.1109/TNSE.2020.3004333}}

@ARTICLE{d13,
  author={Challita, Ursula and Dong, Li and Saad, Walid},
  journal={IEEE Trans. Wirel. Commun.}, 
  title={{Proactive Resource Management for LTE in Unlicensed Spectrum: A Deep Learning Perspective}}, 
  year={2018},
  volume={17},
  number={7},
  pages={4674-4689},
  doi={10.1109/TWC.2018.2829773}}

@ARTICLE{6gkaragian,
  author={Zhang, Zhengquan and Xiao, Yue and Ma, Zheng and Xiao, Ming and Ding, Zhiguo and Lei, Xianfu and Karagiannidis, George K. and Fan, Pingzhi},
  journal={IEEE Veh. Technol. Mag.}, 
  title={6G Wireless Networks: Vision, Requirements, Architecture, and Key Technologies}, 
  year={2019},
  volume={14},
  number={3},
  pages={28-41},
  doi={10.1109/MVT.2019.2921208}}


@book{6gbook, place={Cambridge}, title={{6G: The Next Horizon: From Connected People and Things to Connected Intelligence}}, DOI={10.1017/9781108989817}, publisher={Cambridge University Press}, year={2021}}

@article{akrout2023multilayer,
  title={{From Multilayer Perceptron to GPT: A Reflection on Deep Learning Research for Wireless Physical Layer}},
  author={Akrout, Mohamed and Mezghani, Amine and Hossain, Ekram and Bellili, Faouzi and Heath, Robert W},
  journal={arXiv preprint arXiv:2307.07359},
  year={2023}
}

@ARTICLE{marco,
  author={Zappone, Alessio and Di Renzo, Marco and Debbah, Mérouane},
  journal={IEEE Trans. Commun.}, 
  title={{Wireless Networks Design in the Era of Deep Learning: Model-Based, AI-Based, or Both?}}, 
  year={2019},
  volume={67},
  number={10},
  pages={7331-7376},
  doi={10.1109/TCOMM.2019.2924010}}

@ARTICLE{dimakis,
  author={Shlezinger, Nir and Whang, Jay and Eldar, Yonina C. and Dimakis, Alexandros G.},
  journal={Proc. IEEE}, 
  title={{Model-Based Deep Learning}}, 
  year={2023},
  volume={111},
  number={5},
  pages={465-499},
  doi={10.1109/JPROC.2023.3247480}}

@ARTICLE{oran,
  author={Polese, Michele and Bonati, Leonardo and D’Oro, Salvatore and Basagni, Stefano and Melodia, Tommaso},
  journal={IEEE Commun. Surv. Tutor.}, 
  title={{Understanding O-RAN: Architecture, Interfaces, Algorithms, Security, and Research Challenges}}, 
  year={2023},
  volume={25},
  number={2},
  pages={1376-1411},
  doi={10.1109/COMST.2023.3239220}}

@inproceedings{amos2017optnet,
  title={Optnet: Differentiable optimization as a layer in neural networks},
  author={Amos, Brandon and Kolter, J Zico},
  booktitle={International Conference on Machine Learning},
  pages={136--145},
  year={2017},
  organization={PMLR}
}

@ARTICLE{8642915,
  author={Samuel, Neev and Diskin, Tzvi and Wiesel, Ami},
  journal={IEEE Trans. Signal Process.}, 
  title={Learning to Detect}, 
  year={2019},
  volume={67},
  number={10},
  pages={2554-2564},
  doi={10.1109/TSP.2019.2899805}}


@article{mt,
  title={{Multi-task learning with deep neural networks: A survey}},
  author={Crawshaw, Michael},
  journal={arXiv preprint arXiv:2009.09796},
  year={2020}
}

@ARTICLE{dynamic,
  author={Han, Yizeng and Huang, Gao and Song, Shiji and Yang, Le and Wang, Honghui and Wang, Yulin},
  journal={ IEEE Trans. Pattern Anal. Mach. Intell.}, 
  title={{Dynamic Neural Networks: A Survey}}, 
  year={2022},
  volume={44},
  number={11},
  pages={7436-7456},
  doi={10.1109/TPAMI.2021.3117837}}

@article{once,
  title={{Once-for-all: Train one network and specialize it for efficient deployment}},
  author={Cai, Han and Gan, Chuang and Wang, Tianzhe and Zhang, Zhekai and Han, Song},
  journal={arXiv preprint arXiv:1908.09791},
  year={2019}
}

@article{slimmable,
  title={{Slimmable neural networks}},
  author={Yu, Jiahui and Yang, Linjie and Xu, Ning and Yang, Jianchao and Huang, Thomas},
  journal={arXiv preprint arXiv:1812.08928},
  year={2018}
}


@article{routing,
  title={{Routing networks: Adaptive selection of non-linear functions for multi-task learning}},
  author={Rosenbaum, Clemens and Klinger, Tim and Riemer, Matthew},
  journal={arXiv preprint arXiv:1711.01239},
  year={2017}
}

@article{modular,
  title={{Multi-task reinforcement learning with soft modularization}},
  author={Yang, Ruihan and Xu, Huazhe and Wu, Yi and Wang, Xiaolong},
  journal={Advances in Neural Information Processing Systems},
  volume={33},
  pages={4767--4777},
  year={2020}
}

@article{wifi7,
  title={{IEEE 802.11 be Wi-Fi 7: New challenges and opportunities}},
  author={Deng, Cailian and Fang, Xuming and Han, Xiao and Wang, Xianbin and Yan, Li and He, Rong and Long, Yan and Guo, Yuchen},
  journal={IEEE Commun. Surv. Tutor.},
  volume={22},
  number={4},
  pages={2136--2166},
  year={2020},
  publisher={IEEE}
}

@article{wifi6,
  title={{A review of Wi-Fi 6: The revolution of 6th generation Wi-Fi technology}},
  author={George, A SHAJI and George, AS HOVAN},
  journal={Res. Inventy Int. J. Eng. Sci.},
  volume={10},
  pages={56--65},
  year={2020}
}

@ARTICLE{zorzi,
  author={Boban, Mate and Giordani, Marco and Zorzi, Michele},
  journal={IEEE Network}, 
  title={Predictive Quality of Service: The Next Frontier for Fully Autonomous Systems}, 
  year={2021},
  volume={35},
  number={6},
  pages={104-110},
  doi={10.1109/MNET.001.2100237}}


%%%%%%%%% GNNs %%%%%%%%%%%5
@ARTICLE{gnn1,
  author={Eisen, Mark and Ribeiro, Alejandro},
  journal={IEEE Transactions on Signal Processing}, 
  title={{Optimal Wireless Resource Allocation With Random Edge Graph Neural Networks}}, 
  year={2020},
  volume={68},
  number={},
  pages={2977-2991},
  keywords={Resource management;Wireless communication;Neural networks;Receivers;Transmitters;Optimization;Fading channels;Power allocation;deep learning;graph neural networks;interference channel},
  doi={10.1109/TSP.2020.2988255}}

@ARTICLE{gnn2,
  author={Shen, Yifei and Shi, Yuanming and Zhang, Jun and Letaief, Khaled B.},
  journal={IEEE Journal on Selected Areas in Communications}, 
  title={{Graph Neural Networks for Scalable Radio Resource Management: Architecture Design and Theoretical Analysis}}, 
  year={2021},
  volume={39},
  number={1},
  pages={101-115},
  keywords={Wireless networks;Neural networks;Resource management;Optimization;Computer architecture;Array signal processing;Scalability;Radio resource management;wireless networks;graph neural networks;distributed algorithms;permutation equivariance},
  doi={10.1109/JSAC.2020.3036965}}

@ARTICLE{gnn3,
  author={Wang, Zhiyang and Eisen, Mark and Ribeiro, Alejandro},
  journal={IEEE Transactions on Signal Processing}, 
  title={{Learning Decentralized Wireless Resource Allocations With Graph Neural Networks}}, 
  year={2022},
  volume={70},
  number={},
  pages={1850-1863},
  keywords={Resource management;Transmitters;Receivers;Graph neural networks;Delays;Training;Statistical learning;Resource allocation;decentralized;graph neural networks;deep learning},
  doi={10.1109/TSP.2022.3163626}}


@ARTICLE{gnn4,
  author={NaderiAlizadeh, Navid and Eisen, Mark and Ribeiro, Alejandro},
  journal={IEEE Transactions on Signal Processing}, 
  title={{Learning Resilient Radio Resource Management Policies With Graph Neural Networks}}, 
  year={2023},
  volume={71},
  number={},
  pages={995-1009},
  keywords={Resource management;Wireless communication;Interference;Optimization;Graph neural networks;Wireless sensor networks;Topology;Wireless power control;interference channels;resilient radio resource management;Lagrangian duality;primal-dual learning;unsupervised learning;graph neural networks},
  doi={10.1109/TSP.2023.3255547}}

@ARTICLE{gnn5,
  author={He, Shiwen and Xiong, Shaowen and Ou, Yeyu and Zhang, Jian and Wang, Jiaheng and Huang, Yongming and Zhang, Yaoxue},
  journal={IEEE Open Journal of the Communications Society}, 
  title={{An Overview on the Application of Graph Neural Networks in Wireless Networks}}, 
  year={2021},
  volume={2},
  number={},
  pages={2547-2565},
  keywords={Wireless networks;Data models;Deep learning;Resource management;Network topology;Ions;Transceivers;Wireless networks;graph neural networks;resource management},
  doi={10.1109/OJCOMS.2021.3128637}}

@ARTICLE{gnn6,
  author={Guo, Jia and Yang, Chenyang},
  journal={IEEE Transactions on Wireless Communications}, 
  title={Learning Power Allocation for Multi-Cell-Multi-User Systems With Heterogeneous Graph Neural Networks}, 
  year={2022},
  volume={21},
  number={2},
  pages={884-897},
  keywords={Resource management;Wireless communication;Training;Task analysis;Deep learning;Cellular networks;Graph neural networks;Power allocation;heterogeneous graph neural networks;permutation equivariance},
  doi={10.1109/TWC.2021.3100133}}


@ARTICLE{MTO1,
  author={Gong, Maoguo and Tang, Zedong and Li, Hao and Zhang, Jun},
  journal={IEEE Transactions on Evolutionary Computation}, 
  title={{Evolutionary Multitasking With Dynamic Resource Allocating Strategy}}, 
  year={2019},
  volume={23},
  number={5},
  pages={858-869},
  keywords={Task analysis;Resource management;Multitasking;Optimization;Heuristic algorithms;Dynamic scheduling;Sociology;Dynamic resource allocation;evolutionary multitasking;multifactorial optimization (MFO);multitask optimization (MTO)},
  doi={10.1109/TEVC.2019.2893614}}

@ARTICLE{MTO2,
  author={Wei, Tingyang and Zhong, Jinghui},
  journal={IEEE Computational Intelligence Magazine}, 
  title={{Towards Generalized Resource Allocation on Evolutionary Multitasking for Multi-Objective Optimization}}, 
  year={2021},
  volume={16},
  number={4},
  pages={20-37},
  keywords={Resource management;Hyperspectral sensors;Sensitivity analysis;Process control;Benchmark testing;Multitasking;Resource management;Evolutionary computation},
  doi={10.1109/MCI.2021.3108310}}

@ARTICLE{MTO3,
  author={Wei, Tingyang and Wang, Shibin and Zhong, Jinghui and Liu, Dong and Zhang, Jun},
  journal={IEEE Transactions on Evolutionary Computation}, 
  title={[A Review on Evolutionary Multitask Optimization: Trends and Challenges]}, 
  year={2022},
  volume={26},
  number={5},
  pages={941-960},
  keywords={Task analysis;Optimization;Statistics;Sociology;Multitasking;Costs;Evolutionary computation;Evolutionary algorithm (EA);evolutionary multitasking;transfer optimization},
  doi={10.1109/TEVC.2021.3139437}}

@ARTICLE{MTO4,
  author={Ming, Fei and Gong, Wenyin and Gao, Liang},
  journal={IEEE Computational Intelligence Magazine}, 
  title={{Adaptive Auxiliary Task Selection for Multitasking-Assisted Constrained Multi-Objective Optimization [Feature]}}, 
  year={2023},
  volume={18},
  number={2},
  pages={18-30},
  keywords={Q-learning;Sociology;Benchmark testing;Multitasking;Task analysis;Statistics;Optimization},
  doi={10.1109/MCI.2023.3245719}}

@ARTICLE{MTO5,
  author={Ming, Fei and Gong, Wenyin and Wang, Ling and Gao, Liang},
  journal={IEEE Transactions on Evolutionary Computation}, 
  title={{Constrained Multiobjective Optimization via Multitasking and Knowledge Transfer}}, 
  year={2024},
  volume={28},
  number={1},
  pages={77-89},
  keywords={Task analysis;Optimization;Statistics;Sociology;Multitasking;Convergence;Knowledge transfer;Constrained multiobjective optimization;evolutionary algorithm;evolutionary transfer optimization (ETO);knowledge transfer;multitasking},
  doi={10.1109/TEVC.2022.3230822}}

@inproceedings{mitsiou2024multi,
  author={N. A. Mitsiou and P. S. Bouzinis and P. D. Diamantoulakis and P. G. Sarigiannidis and G. K. Karagiannidis},
  booktitle={IEEE International Symposium on Personal, Indoor and Mobile Radio Communications (PIMRC)},
  title={{Multi-Task Learning for Resource Allocation in Wireless Networks of Dynamic Dimensionality}},
  year={2024},
  address={Valencia, Spain},
  month={Sep. 2-5}
}


@ARTICLE{paprofdm,
  author={Mitsiou, Nikos A. and Diamantoulakis, Panagiotis D. and Sarigiannidis, Panagiotis G. and Karagiannidis, George K.},
  journal={IEEE Commun. Let.}, 
  title={{Energy Efficient OFDM With Intelligent PAPR-Aware Adaptive Modulation}}, 
  year={2023},
  volume={27},
  number={12},
  pages={3290-3294},
  keywords={Peak to average power ratio;Modulation;Energy efficiency;Symbols;Resource management;6G mobile communication;Throughput;Orthogonal frequency-division multiplexing (OFDM);peak-to-average ratio (PAPR);online learning;6G},
  doi={10.1109/LCOMM.2023.3324137}}

@ARTICLE{proc,
  author={Evgenidis, Nikos G. and Mitsiou, Nikos A. and Koutsioumpa, Vasiliki I. and Tegos, Sotiris A. and Diamantoulakis, Panagiotis D. and Karagiannidis, George K.},
  journal={Proc. IEEE}, 
  title={Multiple Access in the Era of Distributed Computing and Edge Intelligence}, 
  year={2024},
  volume={},
  number={},
  pages={1-30},
  keywords={NOMA;Wireless networks;Resource management;Next generation networking;Wireless sensor networks;Spectral efficiency;Transmitters;Digital twinning;machine learning (ML);multiaccess edge computing (MEC);next-generation multiple access (NGMA);over-the-air (OTA) computing;semantic communications},
  doi={10.1109/JPROC.2024.3417528}}

@ARTICLE{rev1,
  author={Alizadeh, Mehrazin and Mootoo, Xavier and Waqar, Omer and Tabassum, Hina},
  journal={IEEE Wirel. Commun. Lett.}, 
  title={{QoS-Aware Deep Unsupervised Learning for STAR-RIS Assisted Networks: A Novel Differentiable Projection Framework}}, 
  year={2024},
  volume={13},
  number={9},
  pages={2367-2371},
  keywords={Quality of service;Optimization;Reconfigurable intelligent surfaces;Array signal processing;Vectors;Time complexity;Artificial neural networks;STAR-RIS;active beamforming;phase-shift optimization;deep unsupervised learning},
  doi={10.1109/LWC.2024.3413544}}

@ARTICLE{rev2,
  author={Acharjee, Bindubritta and Hanif, Muhammad and Waqar, Omer},
  journal={IEEE Wirel. Commun. Lett.}, 
  title={{Deep Unsupervised Learning for Optimization With Box and Monotone Matrix Based Polytope Constraints: A Case-Study of D2D Wireless Networks}}, 
  year={2023},
  volume={12},
  number={12},
  pages={2223-2227},
  keywords={Optimization;Artificial neural networks;Device-to-device communication;Benchmark testing;Signal to noise ratio;Interference;Unsupervised learning;Box constraints;convex polytope;deep unsupervised learning;monotone matrix;neural network;and power allocation},
  doi={10.1109/LWC.2023.3316114}}

@ARTICLE{rev3,
  author={Cui, Wei and Yu, Wei},
  journal={IEEE Trans. Wirel. Commun.}, 
  title={{Uncertainty Injection: A Deep Learning Method for Robust Optimization}}, 
  year={2023},
  volume={22},
  number={11},
  pages={7201-7213},
  keywords={Optimization;Uncertainty;Deep learning;Mathematical models;Robustness;Neural networks;MIMO communication;Robust optimization;deep learning;wireless communications;power control;multiuser multiple-input multiple-output (MIMO);device-to-device network},
  doi={10.1109/TWC.2023.3249103}}

@ARTICLE{rev4,
  author={Zhao, Baichuan and Wu, Jiajun and Ma, Yang and Yang, Chenyang},
  journal={ IEEE open j. Commun. Soc. }, 
  title={{Meta-Learning for Wireless Communications: A Survey and a Comparison to GNNs}}, 
  year={2024},
  volume={5},
  number={},
  pages={1987-2015},
  keywords={Metalearning;Wireless communication;Task analysis;Training;Array signal processing;Complexity theory;Graph neural networks;Beamforming;graph neural network;inductive bias;meta-learning;permutation equivariance;wireless communications},
  doi={10.1109/OJCOMS.2024.3380512}}

@ARTICLE{rev5,
  author={Al-Habob, Ahmed A. and Tabassum, Hina and Waqar, Omer},
  journal={IEEE Trans. Mob. Comp.}, 
  title={{Non-Orthogonal Age-Optimal Information Dissemination in Vehicular Networks: A Meta Multi-Objective Reinforcement Learning Approach}}, 
  year={2024},
  volume={23},
  number={10},
  pages={9789-9803},
  keywords={Optimization;Measurement;Reinforcement learning;Resource management;Power demand;Unicast;Task analysis;Age-of-information (AoI);deep reinforcement learning (DRL);meta deep reinforcement learning (meta-DRL);multi-objective optimization;successive interference cancellation (SIC)},
  doi={10.1109/TMC.2024.3367166}}

@ARTICLE{rev6,
  author={Nikoloska, Ivana and Simeone, Osvaldo},
  journal={IEEE Trans. Wirel. Commun.}, 
  title={{Modular Meta-Learning for Power Control via Random Edge Graph Neural Networks}}, 
  year={2023},
  volume={22},
  number={1},
  pages={457-470},
  keywords={Network topology;Power control;Training;Topology;Optimization;Task analysis;Interference;Meta-learning;graph neural networks;resource allocation},
  doi={10.1109/TWC.2022.3195352}}





@article{mtgn1,
  title={{Multi-task self-supervised graph neural networks enable stronger task generalization}},
  author={Ju, Mingxuan and Zhao, Tong and Wen, Qianlong and Yu, Wenhao and Shah, Neil and Ye, Yanfang and Zhang, Chuxu},
  journal={arXiv preprint arXiv:2210.02016},
  year={2022}
}

@inproceedings{mtgn2,
author = {Sun, Xiangguo and Cheng, Hong and Li, Jia and Liu, Bo and Guan, Jihong},
title = {{All in One: Multi-Task Prompting for Graph Neural Networks}},
year = {2023},
isbn = {9798400701030},
publisher = {Association for Computing Machinery},
address = {New York, NY, USA},
url = {https://doi.org/10.1145/3580305.3599256},
doi = {10.1145/3580305.3599256},
booktitle = {Proceedings of the 29th ACM SIGKDD Conference on Knowledge Discovery and Data Mining},
pages = {2120–2131},
numpages = {12},
location = {Long Beach, CA, USA},
series = {KDD '23}
}

@book{boyd2004convex,
  title={Convex optimization},
  author={Boyd, Stephen and Vandenberghe, Lieven},
  year={2004},
  publisher={Cambridge university press}
}