@article{Bravo_2024,
   title={Geometrically parametrised reduced order models for studying the hysteresis of the Coanda effect in finite element-based incompressible fluid dynamics},
   volume={509},
   DOI={10.1016/j.jcp.2024.113058},
   journal={Journal of Computational Physics},
   publisher={Elsevier BV},
   author={Bravo, J.R. and Stabile, G. and Hess, M. and Hernandez, J.A. and Rossi, R. and Rozza, G.},
   year={2024},
   pages={113058} 
}

@article{PICHI2023105813,
title = {An artificial neural network approach to bifurcating phenomena in computational fluid dynamics},
journal = {Computers \& Fluids},
volume = {254},
pages = {105813},
year = {2023},
doi = {10.1016/j.compfluid.2023.105813},
author = {F. Pichi and F. Ballarin and G. Rozza and J. S. Hesthaven},
keywords = {Reduced order modelling, Artificial neural network, Bifurcation analysis, Computational fluid dynamics, Navierâ€“Stokes equations}
}

