@article{Khamlich_2022,
   title={Model order reduction for bifurcating phenomena in fluid‐structure interaction problems},
   volume={94},
   DOI={10.1002/fld.5118},
   number={10},
   journal={International Journal for Numerical Methods in Fluids},
   publisher={Wiley},
   author={Khamlich, M. and Pichi, F. and Rozza, G.},
   year={2022},
   pages={1611–1640} }


@article{Weller_1998,
    author = {Weller, H. G. and Tabor, G. and Jasak, H. and Fureby, C.},
    title = {A tensorial approach to computational continuum mechanics using object-oriented techniques},
    journal = {Computers in Physics},
    volume = {12},
    number = {6},
    pages = {620--631},
    year = {1998},
    doi = {10.1063/1.168744}
}

@BOOK{Quarteroni_2017,
  TITLE = {Numerical Models for Differential Problems},
  AUTHOR = {Quarteroni, A.},
  YEAR = {2017},
  PUBLISHER = {Springer},
}


@BOOK{Quarteroni_2007,
  TITLE = {Numerical Mathematics},
  AUTHOR = {Quarteroni, A. and Sacco, R. and Saleri, F.},
  YEAR = {2007},
  PUBLISHER = {Springer},
}


@article{Hess_2019,
   TITLE={A localized reduced-order modeling approach for PDEs with bifurcating solutions},
   volume={351},
   DOI={10.1016/j.cma.2019.03.050},
   journal={Computer Methods in Applied Mechanics and Engineering},
   publisher={Elsevier BV},
   author={Hess, M. and Alla, A. and Quaini, A. and Rozza, G. and Gunzburger, M.},
   year={2019},
   pages={379–403} }


@book{Goodfellow_2016,
    title={Deep Learning},
    author={Goodfellow, I. and Bengio, Y. and Courville, A.},
    publisher={MIT Press},
    year={2016}
}

@article{Conti_2023,
   title={Reduced order modeling of parametrized systems through autoencoders and SINDy approach: continuation of periodic solutions},
   volume={411},
   DOI={10.1016/j.cma.2023.116072},
   journal={Computer Methods in Applied Mechanics and Engineering},
   publisher={Elsevier BV},
   author={Conti, P. and Gobat, G. and Fresca, S. and Manzoni, A. and Frangi, A.},
   year={2023},
   pages={116072} }

@article{Brunton_2016,
   title={Discovering governing equations from data by sparse identification of nonlinear dynamical systems},
   volume={113},
   DOI={10.1073/pnas.1517384113},
   number={15},
   journal={Proceedings of the National Academy of Sciences},
   publisher={Proceedings of the National Academy of Sciences},
   author={Brunton, S. L. and Proctor, J. L. and Kutz, J. N.},
   year={2016},
   pages={3932–3937} }


@article{Messenger_2021,
   title={Weak SINDy for partial differential equations},
   volume={443},
   DOI={10.1016/j.jcp.2021.110525},
   journal={Journal of Computational Physics},
   publisher={Elsevier BV},
   author={Messenger, D. A. and Bortz, D. M.},
   year={2021},
   month=oct, pages={110525} }


@book{James_2013,
    title={An introduction to statistical learning},
    author={James, G. and Witten, D. and Hastie, T. and Tibshirani, R.},
    publisher={Springer},
    year={2013}
}

@article{Champion_2019,
   title={Data-driven discovery of coordinates and governing equations},
   volume={116},
   DOI={10.1073/pnas.1906995116},
   number={45},
   journal={Proceedings of the National Academy of Sciences},
   publisher={Proceedings of the National Academy of Sciences},
   author={Champion, K. and Lusch, B. and Kutz, J. N. and Brunton, S. L.},
   year={2019},
   pages={22445–22451} }

@book{NANBF,
    title={Numerical analysis for nonlinear and bifurcation problems},
    author={Caloz, G. and Rappaz, J.},
    publisher={Handbook of Numerical Analysis. Elsevier (Techniques of Scientific Computing (Part 2)), pp. 487–637},
    year={1997}, 
    DOI={10.1016/S1570-8659(97)80004-X.}
}

@article{PYSINDy1,
doi = {10.21105/joss.02104},
year = {2020},
publisher = {The Open Journal},
volume = {5},
number = {49},
pages = {2104},
author = {de Silva, B. and Champion, K. and Quade, M. and Loiseau, J. and Kutz, J. N. and Brunton, S. L.},
title = {PySINDy: A Python package for the sparse identification of nonlinear dynamical systems from data},
journal = {Journal of Open Source Software}
}

@article{PYSINDy2,
doi = {10.21105/joss.03994},
year = {2022},
publisher = {The Open Journal},
volume = {7},
number = {69},
pages = {3994},
author = {A.~A. Kaptanoglu and B.~M. de Silva and U. Fasel and K. Kaheman and A.~J. Goldschmidt and J. Callaham and C.~B. Delahunt and Z.~G. Nicolaou and K. Champion and J. Loiseau and J.~N. Kutz and S.~L. Brunton},
title = {PySINDy: A comprehensive Python package for robust sparse system identification},
journal = {Journal of Open Source Software}
}



@phdthesis{TESIFP,
    author = {Pichi, F.},
    title = {Reduced order models for parametric bifurcation problems in nonlinear PDEs},
    school = {SISSA},
    year = {2020}
}

@book{PRACTICALBIF,
    author = {Seydel, R.},
    title ={Practical Bifurcation and Stability Analysis},
    year = {2010},
    publisher = {Springer}
}

@article{QUAINI,
    author = {Quaini, A. and Glowinski, R. and Čanić, S.},
    title = {Symmetry breaking and preliminary results about a Hopf bifurcation for incompressible viscous flow in an expansion channel},
    journal = {International Journal of Computational Fluid Dynamics},
    year = {2016},
    DOI = {10.1080/10618562.2016.1144877}
}


@article{SINDyCP,
   title={Data-driven discovery and extrapolation of parameterized pattern-forming dynamics},
   volume={5},
   DOI={10.1103/physrevresearch.5.l042017},
   number={4},
   journal={Physical Review Research},
   publisher={American Physical Society (APS)},
  author={Nicolaou, Z. G. and Huo, G. and Chen, Y. and Brunton, S. L. and Kutz, J. N.},
   year={2023},
   month=nov }

@article{DEEPDELAY,
author = {Bakarji, J. and Champion, K. and Kutz, J. N. and Brunton, S. L.},
year = {2023},
pages = {},
title = {Discovering governing equations from partial measurements with deep delay autoencoders},
volume = {479},
journal = {Proceedings of the Royal Society A},
doi = {10.1098/rspa.2023.0422}
}

@article{UNIVERSALAPPROX,
    title = {Multilayer feedforward networks are universal approximators},
    author = {Hornik, K., Stinchcombe, M., and White, H.},
    DOI = {10.1016/0893-6080(89)90020-8},
    year = {1989},
    publisher = {Elsevier},
    journal = {Neural Networks
Volume 2, Issue 5, 1989, Pages 359-36}
}


@misc{VVV,
      title={VENI, VINDy, VICI: a variational reduced-order modeling framework with uncertainty quantification}, 
     author={Conti, P. and Kneifl, J. and Manzoni, A. and Frangi, A. and Fehr, J. and Brunton, S. L. and Kutz, J. N.},
      year={2024},
      eprint={2405.20905},
      archivePrefix={arXiv}
}


@article{ADAM,
  title={Adam: A Method for Stochastic Optimization},
  author={D. P. Kingma and J. Ba},
  journal={CoRR},
  year={2014},
  volume={abs/1412.6980}
}


@article{Pitton_2017,
   title={On the Application of Reduced Basis Methods to Bifurcation Problems in Incompressible Fluid Dynamics},
   volume={73},
   DOI={10.1007/s10915-017-0419-6},
   number={1},
   journal={Journal of Scientific Computing},
   publisher={Springer Science and Business Media LLC},
   author={Pitton, G. and Rozza, G.},
   year={2017},
   pages={157–177} }


@inbook{MOR,
author = {Chinesta, F. and Huerta, A. and Rozza, G. and Willcox, K.},
publisher = {John Wiley \& Sons, Ltd},
title = {Model Reduction Methods},
booktitle = {Encyclopedia of Computational Mechanics Second Edition},
chapter = {},
pages = {1-36},
doi = {10.1002/9781119176817.ecm2110},
year = {2017}
}


@article{HAWA_RUSAK_2001, title={The dynamics of a laminar flow in a symmetric channel with a sudden expansion}, volume={436}, DOI={10.1017/S0022112001004086}, journal={Journal of Fluid Mechanics}, author={Hawa, T. and Rusak, Z.}, year={2001}, pages={283–320}}

@article{Stabile_2018,
title={Finite volume POD-Galerkin stabilised reduced order methods for the parametrised incompressible Navier–Stokes equations},
volume={173},
DOI={10.1016/j.compfluid.2018.01.035},
journal={Computers \& Fluids},
publisher={Elsevier BV},
author={Stabile, G. and Rozza, G.},
year={2018},
month=sep, pages={273–284} }



@book{FVM,
author = {Barth, T. and  Ohlberger, M.},
title ={Finite Volume Methods: Foundation and Analysis},
year = {2004},
publisher = {John Wiley \& Sons, Ltd},
DOI = {10.1002/0470091355.ecm010}
}

@article{khamFVM,
title = {A physics-based reduced order model for urban air pollution prediction},
journal = {Computer Methods in Applied Mechanics and Engineering},
volume = {417},
pages = {116416},
year = {2023},
doi = {10.1016/j.cma.2023.116416},
author = {M. Khamlich and G. Stabile and G. Rozza and László Környei and Zoltán Horváth}
}



@book
{Greenshields_2022,
  title     = "Notes on Computational Fluid Dynamics: General Principles",
  author    = "Greenshields, C. and Weller, H.",
  year      = 2022,
  publisher = "CFD Direct Ltd",
  address   = "Reading, UK"
}

@book{LoggEtal_2012,
  title     = {Automated Solution of Differential Equations by the Finite Element Method},
  author    = {Logg, A. and Mardal, K. and Wells, Garth N. and others},
  year      = {2012},
  doi       = {10.1007/978-3-642-23099-8},
  publisher = {Springer},
}

@inproceedings{KellerLecturesNumericalMethods1988,
  title = {Lectures on {{Numerical Methods}} in {{Bifurcation Problems}}},
  author = {Keller, H.},
  year = {1988}
}


@ARTICLE{SciPy,
  author = {Virtanen, P., Gommers, R., Oliphant, T. E., Haberland, M., Reddy, T., Cournapeau, D., Burovski, E., Peterson, P., Weckesser, W., Bright, J., van der Walt, S. J., Brett, M., Wilson, J., Millman, K. J., Mayorov, N., Nelson, A. R. J., Jones, E., Kern, R., Larson, E., Carey, C. J., Polat, İ., Feng, Y., Moore, E. W., VanderPlas, J., Laxalde, D., Perktold, J., Cimrman, R., Henriksen, I., Quintero, E. A., Harris, C. R., Archibald, A. M., Ribeiro, A. H., Pedregosa, F., van Mulbregt, P., and {SciPy 1.0 Contributors}},
  title   = {{{SciPy} 1.0: Fundamental Algorithms for Scientific
            Computing in Python}},
  journal = {Nature Methods},
  year    = {2020},
  volume  = {17},
  pages   = {261--272},
  adsurl  = {https://rdcu.be/b08Wh},
  doi     = {10.1038/s41592-019-0686-2},
}

@book{Dijkstra_Wubs_2023,
    place={Cambridge},
    title={Bifurcation Analysis of Fluid Flows}, publisher={Cambridge University Press},
    author={Dijkstra, H.~A. and Wubs, F.~W.},
    year={2023}}

@article{CHIASTRA201276,
title = {Computational fluid dynamics of stented coronary bifurcations studied with a hybrid discretization method},
journal = {European Journal of Mechanics - B/Fluids},
volume = {35},
pages = {76-84},
year = {2012},
note = {Cardiovascular Flows},
doi = {10.1016/j.euromechflu.2012.01.011},
author = {C. Chiastra and S. Morlacchi and S. Pereira and G. Dubini and F. Migliavacca},
keywords = {Computational fluid dynamics, Hybrid mesh, Stenting procedures, Coronary bifurcations, Side branch access}
}

@incollection{Gavilan22,
author = {C. Gavilan},
title = {Bifurcation and Instabilities in Fluid Flow},
booktitle = {Boundary Layer Flows},
publisher = {IntechOpen},
address = {Rijeka},
year = {2022},
editor = {V. Ramachandra Prasad and V. Silva and J. Cardoso},
chapter = {3},
doi = {10.5772/intechopen.105051}
}


@article{Dijkstra_Wubs_Cliffe_Doedel_Dragomirescu_Eckhardt_Gelfgat_Hazel_Lucarini_Salinger_et_al_2014,
title={Numerical Bifurcation Methods and their Application to Fluid Dynamics: Analysis beyond Simulation},
volume={15},
DOI={10.4208/cicp.240912.180613a},
number={1},
journal={Communications in Computational Physics},
author={Dijkstra, H.~A. and Wubs, F.~W. and Cliffe, A.~K. and Doedel, E. and Dragomirescu, I.~F. and Eckhardt, B. and Gelfgat, A.~Y. and Hazel, A.~L. and Lucarini, V. and Salinger, A.~G. and et al.},
year={2014},
pages={1–45}
}


@book{irgens2008continuum,
  author    = {F. Irgens},
  title     = {Continuum Mechanics},
  year      = {2008},
  edition   = {1},
  publisher = {Springer-Verlag Berlin Heidelberg},
  address   = {Berlin, Heidelberg},
  doi       = {10.1007/978-3-540-74298-2},
  pages     = {XVIII, 661},
  note      = {Original Norwegian edition published by Tapir Forlag, Trondheim, 1974, 1982}
}



@article{PRADHAN2019108483,
title = {Fluid dynamics of a bifurcation},
journal = {International Journal of Heat and Fluid Flow},
volume = {80},
pages = {108483},
year = {2019},
doi = {10.1016/j.ijheatfluidflow.2019.108483},
author = {K. Pradhan and A. Guha},
keywords = {Bifurcation, Computational fluid dynamics, Pressure loss, Secondary flow}
}


@article{Bravo_2024,
   title={Geometrically parametrised reduced order models for studying the hysteresis of the Coanda effect in finite element-based incompressible fluid dynamics},
   volume={509},
   DOI={10.1016/j.jcp.2024.113058},
   journal={Journal of Computational Physics},
   publisher={Elsevier BV},
   author={Bravo, J.R. and Stabile, G. and Hess, M. and Hernandez, J.A. and Rossi, R. and Rozza, G.},
   year={2024},
   pages={113058} 
}

@article{Pitton_2017_2,
   title={Computational reduction strategies for the detection of steady bifurcations in incompressible fluid-dynamics: Applications to Coanda effect in cardiology},
   volume={344},
   DOI={10.1016/j.jcp.2017.05.010},
   journal={Journal of Computational Physics},
   publisher={Elsevier BV},
   author={Pitton, G. and Quaini, A. and Rozza, G.},
   year={2017},
   pages={534–557} }



@book{Zdravkovich1997,
  author    = {M. M. Zdravkovich},
  title     = {Flow around circular cylinders: Volume 2: Applications},
  volume    = {2},
  publisher = {Oxford University Press},
  year      = {1997},
}


@article{scikit-learn,
  title={Scikit-learn: Machine Learning in {P}ython},
  author={Pedregosa, F. and Varoquaux, G. and Gramfort, A. and Michel, V.
          and Thirion, B. and Grisel, O. and Blondel, M. and Prettenhofer, P.
          and Weiss, R. and Dubourg, V. and Vanderplas, J. and Passos, A. and
          Cournapeau, D. and Brucher, M. and Perrot, M. and Duchesnay, E.},
  journal={Journal of Machine Learning Research},
  volume={12},
  pages={2825--2830},
  year={2011}
}


@article{nested_POD1,
author = {Audouze, C. and De Vuyst, F. and Nair, P. B.},
title = {Reduced-order modeling of parameterized PDEs using time–space-parameter principal component analysis},
journal = {International Journal for Numerical Methods in Engineering},
volume = {80},
number = {8},
pages = {1025-1057},
keywords = {metamodel, surrogate, reduced-order model (ROM), physics-based model, parameterized partial differential equation (PDE), radial basis functions (RBF), proper orthogonal decomposition (POD), design optimization, fluid dynamics problems},
doi = {10.1002/nme.2540},
year = {2009}
}

@article{nested_POD2,
title={Reduced basis methods for time-dependent problems},
volume={31},
DOI={10.1017/S0962492922000058},
journal={Acta Numerica},
author={Hesthaven, J. S. and Pagliantini, C. and Rozza, G.},
year={2022},
pages={265–345}
}


@software{VVV_code,
  author       = {J. Kneifl and
                  P. Conti},
  title        = {jkneifl/VENI-VINDy-VICI: 0.1.7},
  year         = 2024,
  publisher    = {Zenodo},
  version      = {v0.1.7},
  doi          = {10.5281/zenodo.13120249}
}

@article{pintore_2021,
author = {Pintore, M. and Pichi, F. and Hess, M. and Rozza, G. and Canuto, C.},
year = {2021},
title = {Efficient computation of bifurcation diagrams with a deflated approach to reduced basis spectral element method},
volume = {47},
journal = {Advances in Computational Mathematics},
doi = {10.1007/s10444-020-09827-6}
}


@misc{sklearn_StandardScaler,
  author = "{scikit-learn developers}",
  title = "{StandardScaler in scikit-learn}",
  year = {2023},
  howpublished = "\url{https://scikit-learn.org/stable/modules/generated/sklearn.preprocessing.StandardScaler.html}",
  note = "[Online; accessed 20-Sept-2024]"
}

@book{RozzaBallarinScandurraPichi2024,
  author    = {Rozza, G. and Ballarin, F. and Scandurra, L. and Pichi, F.},
  title     = {Real Time Reduced Order Computational Mechanics},
  subtitle  = {Parametric PDEs Worked Out Problems},
  publisher = {Springer Cham},
  year      = {2024},
  series    = {SISSA Springer Series}
}

@misc{rbnics_project,
  author       = {RBniCS Project},
  title        = {RBniCS Project},
  howpublished = {\url{https://www.rbnicsproject.org/}},
  note         = {Accessed: 25 September 2024}
}


@article{SIMPLE,
  title={A calculation procedure for heat, mass and momentum transfer in three-dimensional parabolic flows},
  author={S. V. Patankar and D. B. Spalding},
  journal={International Journal of Heat and Mass Transfer},
  year={1972},
  volume={15},
  pages={1787-1806}
}

@article{PISO,
title = {Solution of the implicitly discretised fluid flow equations by operator-splitting},
journal = {Journal of Computational Physics},
volume = {62},
number = {1},
pages = {40-65},
year = {1986},
doi = {10.1016/0021-9991(86)90099-9},
author = {R. I. Issa}
}

@article{Sobey_Drazin_1986, title={Bifurcations of two-dimensional channel flows}, volume={171}, DOI={10.1017/S0022112086001441}, journal={Journal of Fluid Mechanics}, author={Sobey, I. J. and Drazin, P. G.}, year={1986}, pages={263–287}}

@article{Cherdron_Durst_Whitelaw_1978, title={Asymmetric flows and instabilities in symmetric ducts with sudden expansions}, volume={84}, DOI={10.1017/S0022112078000026}, number={1}, journal={Journal of Fluid Mechanics}, author={Cherdron, W. and Durst, F. and Whitelaw, J. H.}, year={1978}, pages={13–31}}

@book{tritton1977physical,
  title        = {Physical Fluid Dynamics},
  author       = {Tritton, D. J.},
  series       = {The Modern University in Physics Series},
  edition      = {1},
  year         = {1977},
  publisher    = {Springer Dordrecht},
  address      = {Dordrecht},
  doi          = {10.1007/978-94-009-9992-3},
  pages        = {XVI, 362},
  numpages     = {362}
}



@misc{nested_SINDy,
      title={Generalizing the SINDy approach with nested neural networks}, 
      author={C. Fiorini and C. Flint and L. Fostier and E. Franck and R. Hashemi and V. Michel-Dansac and W. Tenachi},
      year={2024},
      eprint={2404.15742},
      archivePrefix={arXiv}
}


@article{SINDy_ensemble,
  author = {Fasel, U. and Kutz, J. N. and Brunton, B. W. and Brunton, S. L.},
  title = {Ensemble-SINDy: Robust sparse model discovery in the low-data, high-noise limit, with active learning and control},
  journal = {Proceedings of the Royal Society A: Mathematical, Physical and Engineering Sciences},
  volume = {478},
  year = {2022},
  pages = {20210904},
  doi = {10.1098/rspa.2021.0904}
}



@article{PICHI2023105813,
title = {An artificial neural network approach to bifurcating phenomena in computational fluid dynamics},
journal = {Computers \& Fluids},
volume = {254},
pages = {105813},
year = {2023},
doi = {10.1016/j.compfluid.2023.105813},
author = {F. Pichi and F. Ballarin and G. Rozza and J. S. Hesthaven},
keywords = {Reduced order modelling, Artificial neural network, Bifurcation analysis, Computational fluid dynamics, Navier–Stokes equations}
}


@book{Benner2017,
  editor    = {P. Benner and M. Ohlberger and A. T. Patera and G. Rozza and K. Urban},
  title     = {Model Reduction of Parametrized Systems},
  series    = {MS\&A Series},
  volume    = {17},
  year      = {2017},
  publisher = {Springer International Publishing},
  address   = {Cham}
}


@article{wille1965coanda,
  author = {Wille, R. and Fernholz, H.},
  title = {Report on the First European Mechanics Colloquium, on the Coanda Effect},
  journal = {Journal of Fluid Mechanics},
  volume = {23},
  number = {4},
  pages = {801--819},
  year = {1965}
}


@article{ArioliKoch2021,
  author = {Arioli, G. and Koch, H.},
  title = {A Hopf Bifurcation in the Planar Navier–Stokes Equations},
  journal = {Journal of Mathematical Fluid Mechanics},
  volume = {23},
  pages = {70},
  year = {2021},
  doi = {10.1007/s00021-021-00592-0}
}


@article{Dušek_Gal_Fraunié_1994, title={A numerical and theoretical study of the first Hopf bifurcation in a cylinder wake}, volume={264}, DOI={10.1017/S0022112094000583}, journal={Journal of Fluid Mechanics}, author={Dušek, J. and Gal, P. L. and Fraunié, P.}, year={1994}, pages={59–80}}



@article{Fortin_localization,
author = {Fortin, A. and Jardak, M. and Gervais, J. J. and Pierre, R.},
title = {Localization of Hopf bifurcations in fluid flow problems},
journal = {International Journal for Numerical Methods in Fluids},
volume = {24},
year ={1999},
number = {11},
pages = {1185-1210},
keywords = {Hopf bifurcation, hydrodynamic stability, Navier–Stokes equations, eigenproblem, direct simulation},
doi = {10.1002/(SICI)1097-0363(19970615)24:11<1185::AID-FLD535>3.0.CO;2-X}
}

@article{Coscia2023, doi = {10.21105/joss.05352}, year = {2023}, publisher = {The Open Journal}, volume = {8}, number = {87}, pages = {5352}, author = {D. Coscia and A. Ivagnes and N. Demo and G. Rozza}, title = {Physics-Informed Neural networks for Advanced modeling}, journal = {Journal of Open Source Software} }

@Inbook{Yu2008,
author="Yu, X.",
editor="Liu, Y.
and Sun, A.
and Loh, H.  T.
and Lu, W. F.
and Lim, E.",
title="Applications of Neural Networks to Dynamical System Identification and Adaptive Control",
bookTitle="Advances of Computational Intelligence in Industrial Systems",
year="2008",
publisher="Springer Berlin Heidelberg",
address="Berlin, Heidelberg",
pages="313--331",
doi="10.1007/978-3-540-78297-1_15"
}


@misc{Kalia2021LearningNF,
  title={Learning normal form autoencoders for data-driven discovery of universal, parameter-dependent governing equations},
  author={M. Kalia and S. L. Brunton and H. G. E. Meijer and C. Brune and J. N. Kutz},
  year={2024},
  eprint={2402.16803},
  archivePrefix={arXiv}
}


@article{Fukami_Murata_Zhang_Fukagata_2021, title={Sparse identification of nonlinear dynamics with low-dimensionalized flow representations}, volume={926}, DOI={10.1017/jfm.2021.697}, journal={Journal of Fluid Mechanics}, author={Fukami, K. and Murata, T. and Zhang, K. and Fukagata, K.}, year={2021}, pages={A10}}

@article{Della_Pia_2024,
    author = {Della Pia, A. and Patsatzis, D. G. and Russo, L. and Siettos, C.},
    title = {Learning the latent dynamics of fluid flows from high-fidelity numerical simulations using parsimonious diffusion maps},
    journal = {Physics of Fluids},
    volume = {36},
    number = {10},
    pages = {105187},
    year = {2024},
    doi = {10.1063/5.0232378}
}


@article{wang_zhang_2024,
    author = {Wang, Z. and Zhang, G. and Zhou, B. and Sun, T. and Wu, J.},
    title = {Identification of control equations using low-dimensional flow representations of pitching airfoil},
    journal = {Physics of Fluids},
    volume = {36},
    number = {4},
    pages = {045128},
    year = {2024},
    doi = {10.1063/5.0205170}
}


@ARTICLE{spider,
       author = {{Gurevich}, D. R. and {Golden}, M. R. and {Reinbold}, P. A.~K. and {Grigoriev}, R. O.},
        title = "{Learning fluid physics from highly turbulent data using sparse physics-informed discovery of empirical relations (SPIDER)}",
      journal = {Journal of Fluid Mechanics},
     keywords = {Physics - Fluid Dynamics, Nonlinear Sciences - Chaotic Dynamics, Physics - Data Analysis, Statistics and Probability},
         year = 2024,
       volume = {996},
          eid = {A25},
        pages = {A25},
          doi = {10.1017/jfm.2024.813},
archivePrefix = {arXiv},
       eprint = {2105.00048},

      adsnote = {Provided by the SAO/NASA Astrophysics Data System}
}


@misc{Zheng2024LESSINDyLS,
  title = {{{LES-SINDy}}: {{Laplace-Enhanced Sparse Identification}} of {{Nonlinear Dynamical Systems}}},
  shorttitle = {{{LES-SINDy}}},
  author = {Zheng, H. and Lin, G.},
  year = {2024},
  number = {arXiv:2411.01719},
  eprint = {2411.01719},
  publisher = {arXiv},
  archiveprefix = {arXiv}
}


@article{Rudy_2017,
author = {S. H. Rudy  and S. L. Brunton  and J. L. Proctor  and J. N. Kutz },
title = {Data-driven discovery of partial differential equations},
journal = {Science Advances},
volume = {3},
number = {4},
pages = {e1602614},
year = {2017},
doi = {10.1126/sciadv.1602614}
}


@articleInfo{Jonathan_2024,
title = {On dynamic mode decomposition:  Theory and applications},
journal = {Journal of Computational Dynamics},
volume = {1},
number = {2},
pages = {391-421},
year = {2014},
doi = {10.3934/jcd.2014.1.391},
author = {J. H. Tu and C. W. Rowley and D. M. Luchtenburg and S. L. Brunton and J. N. Kutz},
keywords = {Dynamic mode decomposition, Koopman operator, spectral analysis, time series analysis, reduced-order models}
}



@misc{hess2022datadrivenenhancedmodelreduction,
      title={Data-Driven Enhanced Model Reduction for Bifurcating Models in Computational Fluid Dynamics}, 
      author={M. W. Hess and A. Quaini and G. Rozza},
      year={2022},
      eprint={2202.09250},
      archivePrefix={arXiv}
}

@article{FRIES2022115436,
title = {LaSDI: Parametric Latent Space Dynamics Identification},
journal = {Computer Methods in Applied Mechanics and Engineering},
volume = {399},
pages = {115436},
year = {2022},
doi = {10.1016/j.cma.2022.115436},
author = {W. D. Fries and X. He and Y. Choi},
keywords = {Reduced order models, Latent space learning, Principle orthogonal decomposition, Nonlinear manifold solution representation, Nonlinear dynamical system}
}

@misc{gonnella2025stochasticperturbationapproachnonlinear,
      title={A stochastic perturbation approach to nonlinear bifurcating problems}, 
      author={I. C. Gonnella and M. Khamlich and F. Pichi and G. Rozza},
      year={2025},
      eprint={2402.16803},
      archivePrefix={arXiv}
}

@article{PichiDrivingBifurcatingParametrized2022a,
  title = {Driving Bifurcating Parametrized Nonlinear {{PDEs}} by Optimal Control Strategies: Application to {{Navier}}--{{Stokes}} Equations with Model Order Reduction},
  shorttitle = {Driving Bifurcating Parametrized Nonlinear {{PDEs}} by Optimal Control Strategies},
  author = {Pichi, F. and Strazzullo, M. and Ballarin, F. and Rozza, G.},
  year = {2022},
  journal = {ESAIM: Mathematical Modelling and Numerical Analysis},
  volume = {56},
  number = {4},
  pages = {1361--1400},
  publisher = {EDP Sciences},
  doi = {10.1051/m2an/2022044}
}

@book{allgower_numerical_1990,
    address = {Berlin, Heidelberg},
    series = {Springer {Series} in {Computational} {Mathematics}},
    title = {Numerical {Continuation} {Methods}},
    volume = {13},
    copyright = {http://www.springer.com/tdm},
    publisher = {Springer},
    author = {Allgower, E. L. and Georg, K.},
    year = {1990},
    doi = {10.1007/978-3-642-61257-2},
    keywords = {Algorithmus, Approximation, Numerical continuation, Verzweigungspunkte, bifurcation, boundary element method, complementary pivoting, computation, curve and surface approximation, eigenvalue problem, nichtlineare Differentialgleichung, nonlinear systems, nonlinear systems of equations, numerische Kontinuitätsmethoden, strategy},
}


@article{Rozza_2007,
title = {On the stability of the reduced basis method for Stokes equations in parametrized domains},
journal = {Computer Methods in Applied Mechanics and Engineering},
volume = {196},
number = {7},
pages = {1244-1260},
year = {2007},
doi = {10.1016/j.cma.2006.09.005},
author = {G. Rozza and K. Veroy},
keywords = {Parametrized Stokes equations, Reduced basis methods, Approximation stability, Inf–sup condition, Supremizer, Galerkin approximation, Algebraic stability, Gram–Schmidt basis orthogonalization}
}



@article{Tonicello_2024,
title = {Non-intrusive reduced order models for the accurate prediction of bifurcating phenomena in compressible fluid dynamics},
journal = {Computers \& Fluids},
volume = {278},
pages = {106307},
year = {2024},
doi = {10.1016/j.compfluid.2024.106307},
author = {N. Tonicello and A. Lario and G. Rozza and G. Mengaldo},
keywords = {Reduced basis method, Bifurcation points, Compressible flows}
}

@Article{Africa_2024,
  author  = {Pasquale C. Africa and Daniel Arndt and Wolfgang Bangerth and Bruno Blais and
             Marc Fehling and Rene Gassm{\"o}ller and Timo Heister and Luca Heltai and
             Sebastian Kinnewig and Martin Kronbichler and Matthias Maier and Peter Munch and
             Magdalena Schreter-Fleischhacker and Jan P. Thiele and Bruno Turcksin and
             David Wells and Vladimir Yushutin},
  title   = {The deal.II library, Version 9.6},
  journal = {Journal of Numerical Mathematics},
  year    = 2024,
  volume  = 32,
  number  = 4,
  pages   = {369--380},
  doi     = {10.1515/jnma-2024-0137}
}

@article{Pastur_2019,
  title = {Low-Order Model for Successive Bifurcations of the Fluidic Pinball},
  author = {Deng, N. and Noack, B.~R. and Morzy{\'n}ski, M. and Pastur, L.~R.},
  year = {2020},
  journal = {Journal of Fluid Mechanics},
  volume = {884},
  pages = {A37},
  doi = {10.1017/jfm.2019.959},
  urldate = {2023-06-23}
}

@article{OLSHANSKII2025113728,
title = {Approximating a branch of solutions to the Navier–Stokes equations by reduced-order modeling},
journal = {Journal of Computational Physics},
volume = {524},
pages = {113728},
year = {2025},
doi = {10.1016/j.jcp.2025.113728},
author = {M.~A. Olshanskii and L.~G. Rebholz}
}


@article{Boull2023,
  title = {Optimization of Hopf Bifurcation Points},
  volume = {45},
  DOI = {10.1137/22m1474448},
  number = {3},
  journal = {SIAM Journal on Scientific Computing},
  publisher = {Society for Industrial \& Applied Mathematics (SIAM)},
  author = {Boullé,  N. and Farrell,  P.~E. and Rognes,  M.~E.},
  year = {2023},
  pages = {B390–B411}
}

@misc{pichi2025deflationbasedcertifiedgreedyalgorithm,
      title={Deflation-based certified greedy algorithm and adaptivity for bifurcating nonlinear PDEs}, 
      author={F. Pichi and M. Strazzullo},
      year={2025},
      eprint={2501.12361},
      archivePrefix={arXiv}
}
@book{hesthaven_certified_2015,
    address = {Cham},
    edition = {1st ed. 2016},
    series = {{SpringerBriefs} in {Mathematics}},
    title = {Certified {Reduced} {Basis} {Methods} for {Parametrized} {Partial} {Differential} {Equations}},
    abstract = {This book provides a thorough introduction to the mathematical and algorithmic aspects of certified reduced basis methods for parametrized partial differential equations. Central aspects ranging from model construction, error estimation and computational efficiency to empirical interpolation methods are discussed in detail for coercive problems. More advanced aspects associated with time-dependent problems, non-compliant and non-coercive problems and applications with geometric variation are also discussed as examples.},
    language = {eng},
    publisher = {Springer International Publishing AG},
    author = {Hesthaven, J. S. and Rozza, G. and Stamm, B.},
    year = {2015},
    doi = {10.1007/978-3-319-22470-1},
    keywords = {Applications of Mathematics, Computational Mathematics and Numerical Analysis, Differential equations, Partial, Mathematical and Computational Engineering, Mathematics, Mathematics and Statistics, Numerical Analysis, Partial Differential Equations, Theoretical, Mathematical and Computational Physics},
}
@book{quarteroni_reduced_2016,
    address = {Cham},
    edition = {1st ed. 2016.},
    series = {La {Matematica} per il 3+2, 92},
    title = {Reduced {Basis} {Methods} for {Partial} {Differential} {Equations}: {An} {Introduction}},
    shorttitle = {Reduced {Basis} {Methods} for {Partial} {Differential} {Equations}},
    abstract = {This book provides a basic introduction to reduced basis (RB) methods for problems involving the repeated solution of partial differential equations (PDEs) arising from engineering and applied sciences, such as PDEs depending on several parameters and PDE-constrained optimization. The book presents a general mathematical formulation of RB methods, analyzes their fundamental theoretical properties, discusses the related algorithmic and implementation aspects, and highlights their built-in algebraic and geometric structures. More specifically, the authors discuss alternative strategies for constructing accurate RB spaces using greedy algorithms and proper orthogonal decomposition techniques, investigate their approximation properties and analyze offline-online decomposition strategies aimed at the reduction of computational complexity. Furthermore, they carry out both a priori and a posteriori error analysis. The whole mathematical presentation is made more stimulating by the use of representative examples of applicative interest in the context of both linear and nonlinear PDEs. Moreover, the inclusion of many pseudocodes allows the reader to easily implement the algorithms illustrated throughout the text. The book will be ideal for upper undergraduate students and, more generally, people interested in scientific computing.},
    language = {eng},
    publisher = {Springer International Publishing},
    author = {Quarteroni, A. and Manzoni, A. and Negri, F.},
    year = {2016},
    doi = {10.1007/978-3-319-15431-2},
    keywords = {Applied mathematics, Engineering Fluid Dynamics, Engineering mathematics, Fluid mechanics, Mathematical Modeling and Industrial Mathematics, Mathematical and Computational Engineering, Mathematical models, Partial Differential Equations, Partial differential equations},
}