@inproceedings{artemenkov2020ncvis,
  title={NCVis: noise contrastive approach for scalable visualization},
  author={Artemenkov, Aleksandr and Panov, Maxim},
  booktitle={Proceedings of the International Conference on World Wide Web},
  pages={2941--2947},
  year={2020}
}

@article{balasubramanian2002isomap,
  title={The isomap algorithm and topological stability},
  author={Balasubramanian, Mukund and Schwartz, Eric L},
  journal={Science},
  volume={295},
  number={5552},
  pages={7--7},
  year={2002}
}

@article{belkin2003laplacian,
  title={Laplacian eigenmaps for dimensionality reduction and data representation},
  author={Belkin, Mikhail and Niyogi, Partha},
  journal={Neural Computation},
  volume={15},
  number={6},
  pages={1373--1396},
  year={2003}
}

@article{bohm2022attraction,
  title={Attraction-repulsion spectrum in neighbor embeddings},
  author={B{\"o}hm, Jan Niklas and Berens, Philipp and Kobak, Dmitry},
  journal={Journal of Machine Learning Research},
  volume={23},
  number={95},
  pages={1--32},
  year={2022}
}

@article{damrich2022t,
  title={From {$ t $-SNE} to {UMAP} with contrastive learning},
  author={Damrich, Sebastian and B{\"o}hm, Jan Niklas and Hamprecht, Fred A and Kobak, Dmitry},
  journal={arXiv preprint arXiv:2206.01816},
  year={2022}
}

@inproceedings{fu2019atsne,
  title={{AtSNE}: Efficient and robust visualization on {GPU} through hierarchical optimization},
  author={Fu, Cong and Zhang, Yonghui and Cai, Deng and Ren, Xiang},
  booktitle={Proceedings of the ACM SIGKDD International Conference on Knowledge Discovery \& Data Mining},
  pages={176--186},
  year={2019}
}

@article{hotelling1933analysis,
  title={Analysis of a complex of statistical variables into principal components},
  author={Hotelling, Harold},
  journal={Journal of Educational Psychology},
  volume={24},
  number={6},
  pages={417-441},
  year={1933}
}

@inproceedings{jenssen2024map,
title={{MAP} {IT} to Visualize Representations},
author={Robert Jenssen},
booktitle={Proceedings of the International Conference on Learning Representations},
year={2024},
pages={1-35}
}

@article{kobak2019art,
  title={The art of using {t-SNE} for single-cell transcriptomics},
  author={Kobak, Dmitry and Berens, Philipp},
  journal={Nature Communications},
  volume={10},
  number={1},
  pages={5416},
  year={2019}
}

@article{kobak2021initialization,
  title={Initialization is critical for preserving global data structure in both {t-SNE} and {UMAP}},
  author={Kobak, Dmitry and Linderman, George C},
  journal={Nature Biotechnology},
  volume={39},
  number={2},
  pages={156--157},
  year={2021}
}

@article{mcinnes2018umap,
  title={{UMAP}: Uniform manifold approximation and projection for dimension reduction},
  author={McInnes, Leland and Healy, John and Melville, James},
  journal={arXiv preprint arXiv:1802.03426},
  year={2018}
}

@inproceedings{tang2016visualizing,
  title={Visualizing large-scale and high-dimensional data},
  author={Tang, Jian and Liu, Jingzhou and Zhang, Ming and Mei, Qiaozhu},
  booktitle={Proceedings of the International Conference on World Wide Web},
  pages={287--297},
  year={2016}
}

@book{torgerson1958theory,
  title={Theory and methods of scaling},
  author={Torgerson, Warren S},
  year={1958},
  publisher={Wiley}
}

@article{van2008visualizing,
  title={Visualizing data using {t-SNE}.},
  author={Van der Maaten, Laurens and Hinton, Geoffrey},
  journal={Journal of Machine Learning Research},
  volume={9},
  number={11},
  pages={1-25},
  year={2008}
}

@inproceedings{van2009learning,
  title={Learning a parametric embedding by preserving local structure},
  author={Van Der Maaten, Laurens},
  booktitle={Proceedings of the International Conference on Artificial Intelligence and Statistics},
  pages={384--391},
  year={2009}
}

@inproceedings{van2012stochastic,
  title={Stochastic triplet embedding},
  author={Van Der Maaten, Laurens and Weinberger, Kilian},
  booktitle={2012 IEEE International Workshop on Machine Learning for Signal Processing},
  pages={1--6},
  year={2012},
  organization={IEEE}
}

@article{van2014accelerating,
  title={Accelerating {t-SNE} using tree-based algorithms},
  author={Van Der Maaten, Laurens},
  journal={Journal of Machine Learning Research},
  volume={15},
  number={1},
  pages={3221--3245},
  year={2014}
}

@article{wang2021understanding,
  title={Understanding how dimension reduction tools work: an empirical approach to deciphering {t-SNE, UMAP, TriMAP, and PaCMAP} for data visualization},
  author={Wang, Yingfan and Huang, Haiyang and Rudin, Cynthia and Shaposhnik, Yaron},
  journal={Journal of Machine Learning Research},
  volume={22},
  number={201},
  pages={1--73},
  year={2021}
}

