@String(PAMI = {IEEE Trans. Pattern Anal. Mach. Intell.})
@String(IJCV = {Int. J. Comput. Vis.})
@String(CVPR= {IEEE Conf. Comput. Vis. Pattern Recog.})
@String(ICCV= {Int. Conf. Comput. Vis.})
@String(ECCV= {Eur. Conf. Comput. Vis.})
@String(NIPS= {Adv. Neural Inform. Process. Syst.})
@String(ICPR = {Int. Conf. Pattern Recog.})
@String(BMVC= {Brit. Mach. Vis. Conf.})
@String(TOG= {ACM Trans. Graph.})
@String(TIP  = {IEEE Trans. Image Process.})
@String(TVCG  = {IEEE Trans. Vis. Comput. Graph.})
@String(TMM  = {IEEE Trans. Multimedia})
@String(ACMMM= {ACM Int. Conf. Multimedia})
@String(ICME = {Int. Conf. Multimedia and Expo})
@String(ICASSP=	{ICASSP})
@String(ICIP = {IEEE Int. Conf. Image Process.})
@String(ACCV  = {ACCV})
@String(ICLR = {Int. Conf. Learn. Represent.})
@String(IJCAI = {IJCAI})
@String(PR   = {Pattern Recognition})
@String(AAAI = {AAAI})
@String(CVPRW= {IEEE Conf. Comput. Vis. Pattern Recog. Worksh.})
@String(CSVT = {IEEE Trans. Circuit Syst. Video Technol.})

@String(SPL	= {IEEE Sign. Process. Letters})
@String(VR   = {Vis. Res.})
@String(JOV	 = {J. Vis.})
@String(TVC  = {The Vis. Comput.})
@String(JCST  = {J. Comput. Sci. Tech.})
@String(CGF  = {Comput. Graph. Forum})
@String(CVM = {Computational Visual Media})


@String(PAMI  = {IEEE TPAMI})
@String(IJCV  = {IJCV})
@String(CVPR  = {CVPR})
@String(ICCV  = {ICCV})
@String(ECCV  = {ECCV})
@String(NIPS  = {NeurIPS})
@String(ICPR  = {ICPR})
@String(BMVC  =	{BMVC})
@String(TOG   = {ACM TOG})
@String(TIP   = {IEEE TIP})
@String(TVCG  = {IEEE TVCG})
@String(TCSVT = {IEEE TCSVT})
@String(TMM   =	{IEEE TMM})
@String(ACMMM = {ACM MM})
@String(ICME  =	{ICME})
@String(ICASSP=	{ICASSP})
@String(ICIP  = {ICIP})
@String(ACCV  = {ACCV})
@String(ICLR  = {ICLR})
@String(IJCAI = {IJCAI})
@String(PR = {PR})
@String(AAAI = {AAAI})
@String(CVPRW= {CVPRW})
@String(CSVT = {IEEE TCSVT})


% PCA
@article{hotelling1933analysis,
  title={Analysis of a complex of statistical variables into principal components},
  author={Hotelling, Harold},
  journal={Journal of Educational Psychology},
  volume={24},
  number={6},
  pages={417-441},
  year={1933}
}

% LEs
@article{belkin2003laplacian,
  title={Laplacian eigenmaps for dimensionality reduction and data representation},
  author={Belkin, Mikhail and Niyogi, Partha},
  journal={Neural Computation},
  volume={15},
  number={6},
  pages={1373--1396},
  year={2003}
}

% VAE
@article{kingma2013auto,
  title={Auto-encoding variational {Bayes}},
  author={Kingma, Diederik P and Welling, Max},
  journal={arXiv preprint arXiv:1312.6114},
  year={2013}
}

% beta VAE
@inproceedings{
higgins2017betavae,
  title={beta-{VAE}: Learning Basic Visual Concepts with a Constrained Variational Framework},
  author={Irina Higgins and Loic Matthey and Arka Pal and Christopher Burgess and Xavier Glorot and Matthew Botvinick and Shakir Mohamed and Alexander Lerchner},
  booktitle={Proceedings of the International Conference on Learning Representations},
  year={2017},
pages={1-22}
}

% t-SNE
@article{van2008visualizing,
  title={Visualizing data using {t-SNE}.},
  author={Van der Maaten, Laurens and Hinton, Geoffrey},
  journal={Journal of Machine Learning Research},
  volume={9},
  number={11},
  pages={1-25},
  year={2008}
}

% t-SNE with Burnes hut
@article{van2014accelerating,
  title={Accelerating {t-SNE} using tree-based algorithms},
  author={Van Der Maaten, Laurens},
  journal={Journal of Machine Learning Research},
  volume={15},
  number={1},
  pages={3221--3245},
  year={2014}
}

% parametric tsne
@inproceedings{van2009learning,
  title={Learning a parametric embedding by preserving local structure},
  author={Van Der Maaten, Laurens},
  booktitle={Proceedings of the International Conference on Artificial Intelligence and Statistics},
  pages={384--391},
  year={2009}
}

% triplet tsne
@inproceedings{van2012stochastic,
  title={Stochastic triplet embedding},
  author={Van Der Maaten, Laurens and Weinberger, Kilian},
  booktitle={2012 IEEE International Workshop on Machine Learning for Signal Processing},
  pages={1--6},
  year={2012},
  organization={IEEE}
}

% anchor tsne
@inproceedings{fu2019atsne,
  title={{AtSNE}: Efficient and robust visualization on {GPU} through hierarchical optimization},
  author={Fu, Cong and Zhang, Yonghui and Cai, Deng and Ren, Xiang},
  booktitle={Proceedings of the ACM SIGKDD International Conference on Knowledge Discovery \& Data Mining},
  pages={176--186},
  year={2019}
}

% the art of t-sne
@article{kobak2019art,
  title={The art of using {t-SNE} for single-cell transcriptomics},
  author={Kobak, Dmitry and Berens, Philipp},
  journal={Nature Communications},
  volume={10},
  number={1},
  pages={5416},
  year={2019}
}

% UMAP
@article{mcinnes2018umap,
  title={{UMAP}: Uniform manifold approximation and projection for dimension reduction},
  author={McInnes, Leland and Healy, John and Melville, James},
  journal={arXiv preprint arXiv:1802.03426},
  year={2018}
}

% large vis
@inproceedings{tang2016visualizing,
  title={Visualizing large-scale and high-dimensional data},
  author={Tang, Jian and Liu, Jingzhou and Zhang, Ming and Mei, Qiaozhu},
  booktitle={Proceedings of the International Conference on World Wide Web},
  pages={287--297},
  year={2016}
}

% nc vis
@inproceedings{artemenkov2020ncvis,
  title={NCVis: noise contrastive approach for scalable visualization},
  author={Artemenkov, Aleksandr and Panov, Maxim},
  booktitle={Proceedings of the International Conference on World Wide Web},
  pages={2941--2947},
  year={2020}
}

% global vs local
@inproceedings{silva2002global,
  title={Global versus local methods in nonlinear dimensionality reduction},
  author={Silva, Vin and Tenenbaum, Joshua},
  booktitle={Advances in Neural Information Processing Systems},
  pages={1--8},
  year={2002}
}

% actup
@article{damrich2022t,
  title={From {$ t $-SNE} to {UMAP} with contrastive learning},
  author={Damrich, Sebastian and B{\"o}hm, Jan Niklas and Hamprecht, Fred A and Kobak, Dmitry},
  journal={arXiv preprint arXiv:2206.01816},
  year={2022}
}

% LLE
@article{saul2003think,
  title={Think Globally, Fit Locally: Unsupervised Learning of Low Dimensional Manifolds},
  author={Saul, Lawrence K and Roweis, Sam T},
  journal={Journal of Machine Learning Research},
  volume={4},
  pages={119--155},
  year={2003}
}

% scRNAseq vis. by UMAP
@article{becht2019dimensionality,
  title={Dimensionality reduction for visualizing single-cell data using {UMAP}},
  author={Becht, Etienne and McInnes, Leland and Healy, John and Dutertre, Charles-Antoine and Kwok, Immanuel WH and Ng, Lai Guan and Ginhoux, Florent and Newell, Evan W},
  journal={Nature Biotechnology},
  volume={37},
  number={1},
  pages={38--44},
  year={2019}
}

% Altzhimer vis. by UMAP
@article{yang2022human,
  title={A human brain vascular atlas reveals diverse mediators of {Alzheimerâ€™s} risk},
  author={Yang, Andrew C and Vest, Ryan T and Kern, Fabian and Lee, Davis P and Agam, Maayan and Maat, Christina A and Losada, Patricia M and Chen, Michelle B and Schaum, Nicholas and Khoury, Nathalie and others},
  journal={Nature},
  volume={603},
  number={7903},
  pages={885--892},
  year={2022},
  publisher={Nature Publishing Group UK London}
}

% UMAP's true loss function
@article{damrich2021umap,
  title={On {UMAP}'s true loss function},
  author={Damrich, Sebastian and Hamprecht, Fred A},
  journal={Advances in Neural Information Processing Systems},
  volume={34},
  pages={5798--5809},
  year={2021}
}

% parametric UMAP
@article{sainburg2021parametric,
  title={Parametric {UMAP} embeddings for representation and semisupervised learning},
  author={Sainburg, Tim and McInnes, Leland and Gentner, Timothy Q},
  journal={Neural Computation},
  volume={33},
  number={11},
  pages={2881--2907},
  year={2021}
}

%trimap
@article{amid2019trimap,
  title={{TriMap}: Large-scale dimensionality reduction using triplets},
  author={Amid, Ehsan and Warmuth, Manfred K},
  journal={arXiv preprint arXiv:1910.00204},
  year={2019}
}

%pacmap
@article{wang2021understanding,
  title={Understanding how dimension reduction tools work: an empirical approach to deciphering {t-SNE, UMAP, TriMAP, and PaCMAP} for data visualization},
  author={Wang, Yingfan and Huang, Haiyang and Rudin, Cynthia and Shaposhnik, Yaron},
  journal={Journal of Machine Learning Research},
  volume={22},
  number={201},
  pages={1--73},
  year={2021}
}

% attraction-repulsion
@article{bohm2022attraction,
  title={Attraction-repulsion spectrum in neighbor embeddings},
  author={B{\"o}hm, Jan Niklas and Berens, Philipp and Kobak, Dmitry},
  journal={Journal of Machine Learning Research},
  volume={23},
  number={95},
  pages={1--32},
  year={2022}
}

% PHATE
@article{moon2019visualizing,
  title={Visualizing structure and transitions in high-dimensional biological data},
  author={Moon, Kevin R and Van Dijk, David and Wang, Zheng and Gigante, Scott and Burkhardt, Daniel B and Chen, William S and Yim, Kristina and Elzen, Antonia van den and Hirn, Matthew J and Coifman, Ronald R and others},
  journal={Nature Biotechnology},
  volume={37},
  number={12},
  pages={1482--1492},
  year={2019}
}

% densmap
@article{narayan2021assessing,
  title={Assessing single-cell transcriptomic variability through density-preserving data visualization},
  author={Narayan, Ashwin and Berger, Bonnie and Cho, Hyunghoon},
  journal={Nature Biotechnology},
  volume={39},
  number={6},
  pages={765--774},
  year={2021}
}

% survey scRNAseq
@article{luecken2019current,
  title={Current best practices in single-cell {RNA}-seq analysis: a tutorial},
  author={Luecken, Malte D and Theis, Fabian J},
  journal={Molecular Systems Biology},
  volume={15},
  number={6},
  pages={e8746},
  year={2019}
}

% GPLVM
@article{lawrence2005probabilistic,
  title={Probabilistic non-linear principal component analysis with {Gaussian} process latent variable models.},
  author={Lawrence, Neil},
  journal={Journal of Machine Learning Research},
  volume={6},
  number={11},
  pages={1--34},
  year={2005}
}

% Poincare map
@article{klimovskaia2020poincare,
  title={Poincar{\'e} maps for analyzing complex hierarchies in single-cell data},
  author={Klimovskaia, Anna and Lopez-Paz, David and Bottou, L{\'e}on and Nickel, Maximilian},
  journal={Nature Communications},
  volume={11},
  number={1},
  pages={2966},
  year={2020}
}

% spacemap
@inproceedings{zu2022spacemap,
  title={{SpaceMAP}: Visualizing High-Dimensional Data by Space Expansion},
  author={Zu, Xinrui and Tao, Qian},
  booktitle={Proceedings of the International Conference on Machine Learning},
  pages={27707--27723},
  year={2022}
}

% trustworthiness
@inproceedings{venna2001neighborhood,
  title={Neighborhood preservation in nonlinear projection methods: An experimental study},
  author={Venna, Jarkko and Kaski, Samuel},
  booktitle={Proceedings of the International Conference on Artificial Neural Networks},
  pages={485--491},
  year={2001}
}


% survey of metrics
@article{espadoto2019toward,
  title={Toward a quantitative survey of dimension reduction techniques},
  author={Espadoto, Mateus and Martins, Rafael M and Kerren, Andreas and Hirata, Nina ST and Telea, Alexandru C},
  journal={IEEE Transactions on Visualization and Computer Graphics},
  volume={27},
  number={3},
  pages={2153--2173},
  year={2019}
}

% Shepard goodness
@article{joia2011local,
  title={Local affine multidimensional projection},
  author={Joia, Paulo and Coimbra, Danilo and Cuminato, Jose A and Paulovich, Fernando V and Nonato, Luis G},
  journal={IEEE Transactions on Visualization and Computer Graphics},
  volume={17},
  number={12},
  pages={2563--2571},
  year={2011}
}

% information bottleneck
@article{tishby2000information,
  title={The information bottleneck method},
  author={Tishby, Naftali and Pereira, Fernando C and Bialek, William},
  journal={arXiv preprint physics/0004057},
  year={2000}
}

% survey
@techreport{maaten2009dimensionality,
  title={Dimensionality reduction: a comparative},
  author={Van Der Maaten, Laurens and Postma, Eric and Van den Herik, Jaap and others},
  institution={Tilburg University},
  year={2009}
}

% UMAP initialization
@article{kobak2021initialization,
  title={Initialization is critical for preserving global data structure in both {t-SNE} and {UMAP}},
  author={Kobak, Dmitry and Linderman, George C},
  journal={Nature Biotechnology},
  volume={39},
  number={2},
  pages={156--157},
  year={2021}
}


% MDS
@book{torgerson1958theory,
  title={Theory and methods of scaling},
  author={Torgerson, Warren S},
  year={1958},
  publisher={Wiley}
}

% isomap
@article{balasubramanian2002isomap,
  title={The isomap algorithm and topological stability},
  author={Balasubramanian, Mukund and Schwartz, Eric L},
  journal={Science},
  volume={295},
  number={5552},
  pages={7--7},
  year={2002}
}

@article{tasic2018shared,
  title={Shared and distinct transcriptomic cell types across neocortical areas},
  author={Tasic, Bosiljka and Yao, Zizhen and Graybuck, Lucas T and Smith, Kimberly A and Nguyen, Thuc Nghi and Bertagnolli, Darren and Goldy, Jeff and Garren, Emma and Economo, Michael N and Viswanathan, Sarada and others},
  journal={Nature},
  volume={563},
  number={7729},
  pages={72--78},
  year={2018}
}

@article{xiao2017fashion,
  title={{Fashion-MNIST}: a novel image dataset for benchmarking machine learning algorithms},
  author={Xiao, Han and Rasul, Kashif and Vollgraf, Roland},
  journal={arXiv preprint arXiv:1708.07747},
  year={2017}
}

@article{macosko2015highly,
  title={Highly parallel genome-wide expression profiling of individual cells using nanoliter droplets},
  author={Macosko, Evan Z and Basu, Anindita and Satija, Rahul and Nemesh, James and Shekhar, Karthik and Goldman, Melissa and Tirosh, Itay and Bialas, Allison R and Kamitaki, Nolan and Martersteck, Emily M and others},
  journal={Cell},
  volume={161},
  number={5},
  pages={1202--1214},
  year={2015}
}

@article{plass2018cell,
  title={Cell type atlas and lineage tree of a whole complex animal by single-cell transcriptomics},
  author={Plass, Mireya and Solana, Jordi and Wolf, F Alexander and Ayoub, Salah and Misios, Aristotelis and Gla{\v{z}}ar, Petar and Obermayer, Benedikt and Theis, Fabian J and Kocks, Christine and Rajewsky, Nikolaus},
  journal={Science},
  volume={360},
  number={6391},
  pages={eaaq1723},
  year={2018}
}

@inproceedings{radford2021learning,
  title={Learning transferable visual models from natural language supervision},
  author={Radford, Alec and Kim, Jong Wook and Hallacy, Chris and Ramesh, Aditya and Goh, Gabriel and Agarwal, Sandhini and Sastry, Girish and Askell, Amanda and Mishkin, Pamela and Clark, Jack and others},
  booktitle={Proceedings of the International Conference on Machine Learning},
  pages={8748--8763},
  year={2021}
}

@article{sun2023eva,
  title={{EVA-CLIP}: Improved training techniques for {CLIP} at scale},
  author={Sun, Quan and Fang, Yuxin and Wu, Ledell and Wang, Xinlong and Cao, Yue},
  journal={arXiv preprint arXiv:2303.15389},
  year={2023}
}

@techreport{krizhevsky2009learning,
  author={Krizhevsky, Alex},
  title={Learning multiple layers of features from tiny images},
  institution={University of Toronto},
  year={2009},
}

% preprocessing
@article{zheng2017massively,
  title={Massively parallel digital transcriptional profiling of single cells},
  author={Zheng, Grace XY and Terry, Jessica M and Belgrader, Phillip and Ryvkin, Paul and Bent, Zachary W and Wilson, Ryan and Ziraldo, Solongo B and Wheeler, Tobias D and McDermott, Geoff P and Zhu, Junjie and others},
  journal={Nature Communications},
  volume={8},
  number={1},
  pages={14049},
  year={2017}
}

% x means
@inproceedings{pelleg2000x,
  title={{X}-means: Extending {K}-means with efficient estimation of the number of clusters},
  author={Pelleg, D},
  booktitle={Proceedings of the International Conference on Machine Learning},
  pages={727--734},
  year={2000}
}

# k estimation
@article{schubert2023stop,
  title={Stop using the elbow criterion for {K-means} and how to choose the number of clusters instead},
  author={Schubert, Erich},
  journal={ACM SIGKDD Explorations Newsletter},
  volume={25},
  number={1},
  pages={36--42},
  year={2023}
}

% algebraic topology
@book{may1992simplicial,
  title={Simplicial objects in algebraic topology},
  author={May, J Peter},
  volume={11},
  year={1992},
  publisher={University of Chicago Press}
}

@inproceedings{bohm2023unsupervised,
title={Unsupervised visualization of image datasets using contrastive learning},
author={Niklas B{\"o}hm and Philipp Berens and Dmitry Kobak},
booktitle={Proceedings of the International Conference on Learning Representations},
year={2023},
pages={1-21}
}

% CLIP representation
@inproceedings{shen2022how,
title={How Much Can {CLIP} Benefit Vision-and-Language Tasks?},
author={Sheng Shen and Liunian Harold Li and Hao Tan and Mohit Bansal and Anna Rohrbach and Kai-Wei Chang and Zhewei Yao and Kurt Keutzer},
booktitle={Proceedings of the International Conference on Learning Representations},
year={2022},
pages={1-18}
}

% CLIP image generation
@article{ramesh2022hierarchical,
  title={Hierarchical Text-Conditional Image Generation with {CLIP} Latents},
  author={Ramesh, Aditya and Dhariwal, Prafulla and Nichol, Alex and Chu, Casey and Chen, Mark},
  journal={arXiv preprint arXiv:2204.06125},
  year={2022}
}

@inproceedings{zhou2022extract,
  title={Extract free dense labels from {CLIP}},
  author={Zhou, Chong and Loy, Chen Change and Dai, Bo},
  booktitle={Proceedings of the European Conference on Computer Vision},
  pages={696--712},
  year={2022}
}

@inproceedings{sun2024alpha,
  title={Alpha-{CLIP}: A clip model focusing on wherever you want},
  author={Sun, Zeyi and Fang, Ye and Wu, Tong and Zhang, Pan and Zang, Yuhang and Kong, Shu and Xiong, Yuanjun and Lin, Dahua and Wang, Jiaqi},
  booktitle={Proceedings of the IEEE/CVF Conference on Computer Vision and Pattern Recognition},
  pages={13019--13029},
  year={2024}
}

@inproceedings{jenssen2024map,
title={{MAP} {IT} to Visualize Representations},
author={Robert Jenssen},
booktitle={Proceedings of the International Conference on Learning Representations},
year={2024},
pages={1-35}
}

@inproceedings{li2024fedne,
  title={{FedNE}: Surrogate-Assisted Federated Neighbor Embedding for Dimensionality Reduction},
  author={Li, Ziwei and Wang, Xiaoqi and Chen, Hong-You and Shen, Han Wei and Chao, Wei-Lun},
  booktitle={Advances in Neural Information Processing Systems},
  year={2024},
  pages={1-27},
}

@article{rudin2022interpretable,
  title={Interpretable machine learning: Fundamental principles and 10 grand challenges},
  author={Rudin, Cynthia and Chen, Chaofan and Chen, Zhi and Huang, Haiyang and Semenova, Lesia and Zhong, Chudi},
  journal={Statistic Surveys},
  volume={16},
  pages={1--85},
  year={2022}
}

@article{pedregosa2011scikit,
  title={Scikit-learn: Machine learning in {Python}},
  author={Pedregosa, Fabian and Varoquaux, Ga{\"e}l and Gramfort, Alexandre and Michel, Vincent and Thirion, Bertrand and Grisel, Olivier and Blondel, Mathieu and Prettenhofer, Peter and Weiss, Ron and Dubourg, Vincent and others},
  journal={Journal of Machine Learning Research},
  volume={12},
  pages={2825--2830},
  year={2011}
}

@article{coifman2006diffusion,
  title={Diffusion maps},
  author={Coifman, Ronald R and Lafon, St{\'e}phane},
  journal={Applied and Computational Harmonic Analysis},
  volume={21},
  number={1},
  pages={5--30},
  year={2006}
}

@inproceedings{huang2024navigating,
title={Navigating the Effect of Parametrization for Dimensionality Reduction},
author={Haiyang Huang and Yingfan Wang and Cynthia Rudin},
booktitle={Advances in Neural Information Processing Systems},
year={2024},
pages={1-43}
}

@inproceedings{dong2011efficient,
  title={Efficient k-nearest neighbor graph construction for generic similarity measures},
  author={Dong, Wei and Moses, Charikar and Li, Kai},
  booktitle={Proceedings of the international conference on World Wide Web},
  pages={577--586},
  year={2011}
}