@article{CR2020,
  author    = {Han Zhang and
               Zizhao Zhang and
               Augustus Odena and
               Honglak Lee},
  title     = {Consistency Regularization for Generative Adversarial Networks},
  journal   = {CoRR},
  volume    = {abs/1910.12027},
  year      = {2019},
  eprinttype = {arXiv},
  eprint    = {1910.12027},
  bibsource = {dblp computer science bibliography, https://dblp.org}
}

@article{DiffAug,
  title={Differentiable augmentation for data-efficient gan training},
  author={Zhao, Shengyu and Liu, Zhijian and Lin, Ji and Zhu, Jun-Yan and Han, Song},
  journal={Advances in Neural Information Processing Systems},
  volume={33},
  pages={7559--7570},
  year={2020}
}

@article{MineGAN++,
  author    = {Yaxing Wang and
               Abel Gonzalez{-}Garcia and
               Chenshen Wu and
               Luis Herranz and
               Fahad Shahbaz Khan and
               Shangling Jui and
               Joost van de Weijer},
  title     = {MineGAN++: Mining Generative Models for Efficient Knowledge Transfer to Limited Data Domains},
  journal   = {CoRR},
  volume    = {abs/2104.13742},
  year      = {2021},
}

@article{Survey2021VAE,
  author    = {Sam Bond{-}Taylor and
               Adam Leach and
               Yang Long and
               Chris G. Willcocks},
  title     = {Deep Generative Modelling: {A} Comparative Review of VAEs, GANs, Normalizing
               Flows, Energy-Based and Autoregressive Models},
  journal   = {CoRR},
  volume    = {abs/2103.04922},
  year      = {2021},
  eprinttype = {arXiv},
  eprint    = {2103.04922},
  timestamp = {Mon, 15 Mar 2021 17:30:55 +0100},
  bibsource = {dblp computer science bibliography, https://dblp.org}
}

@inproceedings{jeong2021training,
title={Training {\{}GAN{\}}s with Stronger Augmentations via Contrastive Discriminator},
author={Jongheon Jeong and Jinwoo Shin},
booktitle={International Conference on Learning Representations},
year={2021},
}

@article{karras2020training,
  title={Training generative adversarial networks with limited data},
  author={Karras, Tero and Aittala, Miika and Hellsten, Janne and Laine, Samuli and Lehtinen, Jaakko and Aila, Timo},
  journal={Advances in Neural Information Processing Systems},
  volume={33},
  pages={12104--12114},
  year={2020}
}

@inproceedings{kumari2022ensembling,
  title={Ensembling off-the-shelf models for gan training},
  author={Kumari, Nupur and Zhang, Richard and Shechtman, Eli and Zhu, Jun-Yan},
  booktitle={Proceedings of the IEEE/CVF Conference on Computer Vision and Pattern Recognition},
  pages={10651--10662},
  year={2022}
}

@inproceedings{li2020few,
	title="Few-shot Image Generation with Elastic Weight Consolidation",
	author="Yijun {Li} and Richard {Zhang} and Jingwan {Lu} and Eli {Shechtman}",
	booktitle="Advances in Neural Information Processing Systems",
	notes="Sourced from Microsoft Academic - https://academic.microsoft.com/paper/3102563493",
	year="2020",
	volume="33",
	pages="15885--15896",
}

@article{liu2021generative,
  title={Generative adversarial networks for image and video synthesis: Algorithms and applications},
  author={Liu, Ming-Yu and Huang, Xun and Yu, Jiahui and Wang, Ting-Chun and Mallya, Arun},
  journal={Proceedings of the IEEE},
  volume={109},
  number={5},
  pages={839--862},
  year={2021},
  publisher={IEEE}
}

@inproceedings{liu2021towards,
title={Towards Faster and Stabilized GAN Training for High-fidelity Few-shot Image Synthesis},
author={Bingchen Liu and Yizhe Zhu and Kunpeng Song and Ahmed Elgammal},
booktitle={International Conference on Learning Representations},
year={2021},
}

@inproceedings{mo2020freeze,
    title={Freeze the Discriminator: a Simple Baseline for Fine-Tuning GANs},
    author={Mo, Sangwoo and Cho, Minsu and Shin, Jinwoo},
    booktitle = {CVPR AI for Content Creation Workshop},
    year={2020},
}

@inproceedings{noguchi2019image,
  title={Image generation from small datasets via batch statistics adaptation},
  author={Noguchi, Atsuhiro and Harada, Tatsuya},
  booktitle={Proceedings of the IEEE/CVF International Conference on Computer Vision},
  pages={2750--2758},
  year={2019}
}

@inproceedings{projectedGAN,
 author = {Sauer, Axel and Chitta, Kashyap and M\"{u}ller, Jens and Geiger, Andreas},
 booktitle = {Advances in Neural Information Processing Systems},
 editor = {M. Ranzato and A. Beygelzimer and Y. Dauphin and P.S. Liang and J. Wortman Vaughan},
 title = {Projected GANs Converge Faster},
 volume = {34},
 year = {2021}
}

@article{robb2020few,
  title={Few-Shot Adaptation of Generative Adversarial Networks},
  author={Robb, Esther and Chu, Wen-Sheng and Kumar, Abhishek and Huang, Jia-Bin},
  journal={arXiv preprint arXiv:2010.11943},
  year={2020}
}

@article{shorten2019survey,
  title={A survey on image data augmentation for deep learning},
  author={Shorten, Connor and Khoshgoftaar, Taghi M},
  journal={Journal of Big Data},
  volume={6},
  number={1},
  pages={1--48},
  year={2019},
  publisher={Springer}
}

@article{tran2021on,
	title="On Data Augmentation for GAN Training",
	author="Ngoc-Trung {Tran} and Viet-Hung {Tran} and Ngoc-Bao {Nguyen} and Trung-Kien {Nguyen} and Ngai-Man {Cheung}",
	journal="IEEE Transactions on Image Processing",
	year="2021",
	volume="30",
	pages="1882--1897",
	notes="Sourced from Microsoft Academic - https://academic.microsoft.com/paper/3120254195",
}

@inproceedings{tseng2021regularizing,
  title={Regularizing generative adversarial networks under limited data},
  author={Tseng, Hung-Yu and Jiang, Lu and Liu, Ce and Yang, Ming-Hsuan and Yang, Weilong},
  booktitle={Proceedings of the IEEE/CVF Conference on Computer Vision and Pattern Recognition},
  pages={7921--7931},
  year={2021}
}

@inproceedings{wang2018transferring,
  title={Transferring gans: generating images from limited data},
  author={Wang, Yaxing and Wu, Chenshen and Herranz, Luis and van de Weijer, Joost and Gonzalez-Garcia, Abel and Raducanu, Bogdan},
  booktitle={European Conference on Computer Vision},
  year={2018},
  pages={218--234},
}

@inproceedings{wang2020minegan,
  title={Minegan: effective knowledge transfer from gans to target domains with few images},
  author={Wang, Yaxing and Gonzalez-Garcia, Abel and Berga, David and Herranz, Luis and Khan, Fahad Shahbaz and Weijer, Joost van de},
  booktitle={Proceedings of the IEEE/CVF conference on computer vision and pattern recognition},
  year={2020},
  pages={9332--9341},
}

@article{yang2021insgen,
  title   = {Data-Efficient Instance Generation from Instance Discrimination},
  author  = {Yang, Ceyuan and Shen, Yujun and Xu, Yinghao and Zhou, Bolei},
  journal = {arXiv preprint arXiv:2106.04566},
  year    = {2021}
}

@inproceedings{zhang2018mixup,
  title={mixup: Beyond Empirical Risk Minimization},
  author={Zhang, Hongyi and Cisse, Moustapha and Dauphin, Yann N and Lopez-Paz, David},
  booktitle={International Conference on Learning Representations},
  year={2018}
}

@article{zhao2020image,
  title={Image augmentations for gan training},
  author={Zhao, Zhengli and Zhang, Zizhao and Chen, Ting and Singh, Sameer and Zhang, Han},
  journal={arXiv preprint arXiv:2006.02595},
  year={2020}
}

@article{zhao2020improved,
  title={Improved consistency regularization for gans},
  author={Zhao, Zhengli and Singh, Sameer and Lee, Honglak and Zhang, Zizhao and Odena, Augustus and Zhang, Han},
  journal={arXiv preprint arXiv:2002.04724},
  year={2020}
}

