
@InProceedings{Wang2020CVPR,
author = {Wang, Yaxing and Gonzalez-Garcia, Abel and Berga, David and Herranz, Luis and Khan, Fahad Shahbaz and Weijer, Joost van de},
title = {MineGAN: Effective Knowledge Transfer From GANs to Target Domains With Few Images},
booktitle = {Proceedings of the IEEE/CVF conference on computer vision and pattern recognition},
year={2020},
pages={9332--9341},
}
@article{DiffAug,
  title={Differentiable augmentation for data-efficient gan training},
  author={Zhao, Shengyu and Liu, Zhijian and Lin, Ji and Zhu, Jun-Yan and Han, Song},
  journal={Advances in Neural Information Processing Systems},
  volume={33},
  pages={7559--7570},
  year={2020}
}
@inproceedings{wang2018transferring,
  title={Transferring gans: generating images from limited data},
  author={Wang, Yaxing and Wu, Chenshen and Herranz, Luis and van de Weijer, Joost and Gonzalez-Garcia, Abel and Raducanu, Bogdan},
  booktitle={European Conference on Computer Vision},
  year={2018},
  pages={218--234},
}
@inproceedings{karras2020analyzing,
  title={Analyzing and improving the image quality of stylegan},
  author={Karras, Tero and Laine, Samuli and Aittala, Miika and Hellsten, Janne and Lehtinen, Jaakko and Aila, Timo},
  booktitle={Proceedings of the IEEE/CVF conference on computer vision and pattern recognition},
  pages={8110--8119},
  year={2020}
}
@inproceedings{liu2021towards,
title={Towards Faster and Stabilized GAN Training for High-fidelity Few-shot Image Synthesis},
author={Bingchen Liu and Yizhe Zhu and Kunpeng Song and Ahmed Elgammal},
booktitle={International Conference on Learning Representations},
year={2021},
}
@article{karras2020training,
  title={Training generative adversarial networks with limited data},
  author={Karras, Tero and Aittala, Miika and Hellsten, Janne and Laine, Samuli and Lehtinen, Jaakko and Aila, Timo},
  journal={Advances in Neural Information Processing Systems},
  volume={33},
  pages={12104--12114},
  year={2020}
}
@inproceedings{wang2020minegan,
  title={Minegan: effective knowledge transfer from gans to target domains with few images},
  author={Wang, Yaxing and Gonzalez-Garcia, Abel and Berga, David and Herranz, Luis and Khan, Fahad Shahbaz and Weijer, Joost van de},
  booktitle={Proceedings of the IEEE/CVF conference on computer vision and pattern recognition},
  year={2020},
  pages={9332--9341},
}
@inproceedings{mo2020freeze,
    title={Freeze the Discriminator: a Simple Baseline for Fine-Tuning GANs},
    author={Mo, Sangwoo and Cho, Minsu and Shin, Jinwoo},
    booktitle = {CVPR AI for Content Creation Workshop},
    year={2020},
}
@inproceedings{tseng2021regularizing,
  title={Regularizing generative adversarial networks under limited data},
  author={Tseng, Hung-Yu and Jiang, Lu and Liu, Ce and Yang, Ming-Hsuan and Yang, Weilong},
  booktitle={Proceedings of the IEEE/CVF Conference on Computer Vision and Pattern Recognition},
  pages={7921--7931},
  year={2021}
}
@article{FIDnips2017,
  title={Gans trained by a two time-scale update rule converge to a local nash equilibrium},
  author={Heusel, Martin and Ramsauer, Hubert and Unterthiner, Thomas and Nessler, Bernhard and Hochreiter, Sepp},
  journal={Advances in neural information processing systems},
  volume={30},
  year={2017}
}
@inproceedings{noguchi2019image,
  title={Image generation from small datasets via batch statistics adaptation},
  author={Noguchi, Atsuhiro and Harada, Tatsuya},
  booktitle={Proceedings of the IEEE/CVF International Conference on Computer Vision},
  pages={2750--2758},
  year={2019}
}
@article{robb2020FSGAN,
  title={Few-Shot Adaptation of Generative Adversarial Networks},
  author={Robb, Esther and Chu, Wen-Sheng and Kumar, Abhishek and Huang, Jia-Bin},
  journal={arXiv preprint arXiv:2010.11943},
  year={2020}
}
@inproceedings{ojha2021fewshotgancvpr2021,
  title={Few-shot Image Generation via Cross-domain Correspondence},
  author={Ojha, Utkarsh and Li, Yijun and Lu, Cynthia and Efros, Alexei A. and Lee, Yong Jae and Shechtman, Eli and Zhang, Richard},
  booktitle={Proceedings of the IEEE/CVF conference on computer vision and pattern recognition},
  year={2021}
}
@inproceedings{hong2020f2gan,
  title={F2gan: Fusing-and-filling gan for few-shot image generation},
  author={Hong, Yan and Niu, Li and Zhang, Jianfu and Zhao, Weijie and Fu, Chen and Zhang, Liqing},
  booktitle={Proceedings of the 28th ACM International Conference on Multimedia},
  pages={2535--2543},
  year={2020}
}
@inproceedings{ElasticGAN2020,
  author    = {Yijun Li and
               Richard Zhang and
               Jingwan Lu and
               Eli Shechtman},
  title     = {Few-shot Image Generation with Elastic Weight Consolidation},
  year      = {2020},
}
@inproceedings{karras2019style,
  title={A style-based generator architecture for generative adversarial networks},
  author={Karras, Tero and Laine, Samuli and Aila, Timo},
  booktitle={Proceedings of the IEEE/CVF conference on computer vision and pattern recognition},
  pages={4401--4410},
  year={2019}
}
@inproceedings{hong2020matchinggan,
  title={MatchingGAN: Matching-based few-shot image generation},
  author={Hong, Yan and Niu, Li and Zhang, Jianfu and Zhang, Liqing},
  booktitle={2020 IEEE International Conference on Multimedia and Expo (ICME)},
  pages={1--6},
  year={2020},
  organization={IEEE}
}
@inproceedings{MatchingNetwork16,
  author    = {Oriol Vinyals and
               Charles Blundell and
               Tim Lillicrap and
               Koray Kavukcuoglu and
               Daan Wierstra},
  title     = {Matching Networks for One Shot Learning},
  year      = {2016},
  booktitle = {Advances in Neural Information Processing Systems},
  pages     = {3630--3638},
}
@article{si2011learning,
  title={Learning hybrid image templates (HIT) by information projection},
  author={Si, Zhangzhang and Zhu, Song-Chun},
  journal={IEEE Transactions on pattern analysis and machine intelligence},
  year={2011},
  volume={34},
  number={7},
  pages={1354--1367},
}
@inproceedings{nilsback2006visual,
  title={A visual vocabulary for flower classification},
  author={Nilsback, M-E and Zisserman, Andrew},
  booktitle={Proceedings of the IEEE/CVF conference on computer vision and pattern recognition},
  year={2006},
  volume={2},
  pages={1447--1454},
}
@article{kingma2014adam,
  title={Adam: A method for stochastic optimization},
  author={Kingma, Diederik P and Ba, Jimmy},
  journal={arXiv preprint arXiv:1412.6980},
  year={2014}
}
@article{xia2021gan,
  title={Gan inversion: A survey},
  author={Xia, Weihao and Zhang, Yulun and Yang, Yujiu and Xue, Jing-Hao and Zhou, Bolei and Yang, Ming-Hsuan},
  journal={arXiv preprint arXiv:2101.05278},
  year={2021}
}
@article{robb2020few,
  title={Few-Shot Adaptation of Generative Adversarial Networks},
  author={Robb, Esther and Chu, Wen-Sheng and Kumar, Abhishek and Huang, Jia-Bin},
  journal={arXiv preprint arXiv:2010.11943},
  year={2020}
}
@ARTICLE{InterFaceGAN,
 author={Shen, Yujun and Yang, Ceyuan and Tang, Xiaoou and Zhou, Bolei},
 journal={IEEE Transactions on Pattern Analysis and Machine Intelligence},
 title={InterFaceGAN: Interpreting the Disentangled Face Representation Learned by GANs},
 year={2020},
 doi={10.1109/TPAMI.2020.3034267},
 pages={1-1},
 }
@InProceedings{CeFa2021,
    author    = {Shen, Yujun and Zhou, Bolei},
    title     = {Closed-Form Factorization of Latent Semantics in GANs},
    booktitle = {Proceedings of the IEEE/CVF conference on computer vision and pattern recognition},
    year      = {2021},
    pages     = {1532-1540},
}
@InProceedings{StyleSpace2021,
    author    = {Wu, Zongze and Lischinski, Dani and Shechtman, Eli},
    title     = {StyleSpace Analysis: Disentangled Controls for StyleGAN Image Generation},
    booktitle = {Proceedings of the IEEE/CVF conference on computer vision and pattern recognition},
    year      = {2021},
    pages     = {12863-12872},
}
@article{arjovsky2017towards,
  title={Towards principled methods for training generative adversarial networks},
  author={Arjovsky, Martin and Bottou, L{\'e}on},
  journal={arXiv preprint arXiv:1701.04862},
  year={2017}
}
@inproceedings{thanhtung2018improving,
title={Improving Generalization and Stability of Generative Adversarial Networks},
author={Hoang Thanh-Tung and Truyen Tran and Svetha Venkatesh},
booktitle={International Conference on Learning Representations},
year={2019},
}
@inproceedings{tran2019improving,
  title={Improving GAN with neighbors embedding and gradient matching},
  author={Tran, Ngoc-Trung and Bui, Tuan-Anh and Cheung, Ngai-Man},
  booktitle={Proceedings of the AAAI Conference on Artificial Intelligence},
  year={2019},
  volume={33},
  number={01},
  pages={5191--5198},
}
@article{wang2021generative,
  title={Generative adversarial networks in computer vision: A survey and taxonomy},
  author={Wang, Zhengwei and She, Qi and Ward, Tomas E},
  journal={ACM Computing Surveys (CSUR)},
  year={2021},
  volume={54},
  number={2},
  pages={1--38},
}
@inproceedings{brock2018large,
  title={Large Scale GAN Training for High Fidelity Natural Image Synthesis},
  author={Brock, Andrew and Donahue, Jeff and Simonyan, Karen},
  booktitle={International conference on machine learning},
  year={2018}
}
@inproceedings{zhang2019self,
  title={Self-attention generative adversarial networks},
  author={Zhang, Han and Goodfellow, Ian and Metaxas, Dimitris and Odena, Augustus},
  booktitle={International conference on machine learning},
  year={2019},
  organization={PMLR},
  pages={7354--7363},
}
@inproceedings{arjovsky2017wasserstein,
  title={Wasserstein generative adversarial networks},
  author={Arjovsky, Martin and Chintala, Soumith and Bottou, L{\'e}on},
  booktitle={International conference on machine learning},
  pages={214--223},
  year={2017},
  organization={PMLR}
}
@inproceedings{WGANGP,
 author = {Gulrajani, Ishaan and Ahmed, Faruk and Arjovsky, Martin and Dumoulin, Vincent and Courville, Aaron C},
 booktitle = {Advances in Neural Information Processing Systems},
 title = {Improved Training of Wasserstein GANs},
 volume = {30},
 year  = {2017},
 pages = {5767--5777},
}
@inproceedings{zhang2018unreasonable,
  title={The unreasonable effectiveness of deep features as a perceptual metric},
  author={Zhang, Richard and Isola, Phillip and Efros, Alexei A and Shechtman, Eli and Wang, Oliver},
  booktitle={Proceedings of the IEEE conference on computer vision and pattern recognition},
  year={2018},
  pages={586--595},
}

@article{liu2018large,
  title={Large-scale celebfaces attributes (celeba) dataset},
  author={Liu, Ziwei and Luo, Ping and Wang, Xiaogang and Tang, Xiaoou},
  journal={Retrieved August},
  year={2018},
  volume={15},
  number={2018},
  pages={11},
}
@inproceedings{SNGAN18,
  author    = {Takeru Miyato and
               Toshiki Kataoka and
               Masanori Koyama and
               Yuichi Yoshida},
  title     = {Spectral Normalization for Generative Adversarial Networks},
  year      = {2018},
  timestamp = {Thu, 04 Apr 2019 13:20:10 +0200},
  bibsource = {dblp computer science bibliography, https://dblp.org}
}
@ARTICLE{I2ITMM2021,
author={Emami, Hajar and Aliabadi, Majid Moradi and Dong, Ming and Chinnam, Ratna Babu},
journal={IEEE Transactions on Multimedia},
title={SPA-GAN: Spatial Attention GAN for Image-to-Image Translation},
year={2021},
doi={10.1109/TMM.2020.2975961},
volume={23},
pages={391-401},
}
@ARTICLE{GANTM21FaceCompletion,
  author={Wang, Qiang and Fan, Huijie and Sun, Gan and Ren, Weihong and Tang, Yandong},
  journal={IEEE Transactions on Multimedia},
  title={Recurrent Generative Adversarial Network for Face Completion},
  year={2021},
  volume={23},
  number={},
  pages={429-442},
  doi={10.1109/TMM.2020.2978633}}
@ARTICLE{FAML2021,
  author={Phaphuangwittayakul, Aniwat and Guo, Yi and Ying, Fangli},
  journal={IEEE Transactions on Multimedia},
  title={Fast Adaptive Meta-Learning for Few-shot Image Generation},
  year={2021},
  doi={10.1109/TMM.2021.3077729}}

@inproceedings{el-shafie2019fast,
	title="Fast CNN-Based Object Tracking Using Localization Layers and Deep Features Interpolation",
	author="Al-Hussein A. {El-Shafie} and Mohamed {Zaki} and S. E. D. {Habib}",
	booktitle="2019 15th International Wireless Communications & Mobile Computing Conference (IWCMC)",
	pages="1476--1481",
	year="2019"
}

@inproceedings{upchurch2017deep,
	title="Deep Feature Interpolation for Image Content Changes",
	author="Paul {Upchurch} and Jacob {Gardner} and Geoff {Pleiss} and Robert {Pless} and Noah {Snavely} and Kavita {Bala} and Kilian {Weinberger}",
	booktitle="Proceedings of the IEEE/CVF conference on computer vision and pattern recognition",
	pages="6090--6099",
	notes="Sourced from Microsoft Academic - https://academic.microsoft.com/paper/2963870144",
	year="2017"
}
@article{tran2021on,
	title="On Data Augmentation for GAN Training",
	author="Ngoc-Trung {Tran} and Viet-Hung {Tran} and Ngoc-Bao {Nguyen} and Trung-Kien {Nguyen} and Ngai-Man {Cheung}",
	journal="IEEE Transactions on Image Processing",
	year="2021",
	volume="30",
	pages="1882--1897",
	notes="Sourced from Microsoft Academic - https://academic.microsoft.com/paper/3120254195",
}
@ARTICLE{ISDATPAMI2021,
author={Wang, Yulin and Huang, Gao and Song, Shiji and Pan, Xuran and Xia, Yitong and Wu, Cheng},
journal={IEEE Transactions on Pattern Analysis and Machine Intelligence},
title={Regularizing Deep Networks with Semantic Data Augmentation},
year={2021},
volume={},
number={},
pages={1-1},
doi={10.1109/TPAMI.2021.3052951}
}
@inproceedings{li2021transferable,
  title={Transferable Semantic Augmentation for Domain Adaptation},
  author={Li, Shuang and Xie, Mixue and Gong, Kaixiong and Liu, Chi Harold and Wang, Yulin and Li, Wei},
  booktitle={Proceedings of the IEEE/CVF conference on computer vision and pattern recognition},
  pages={11516--11525},
  year={2021}
}
@article{lim2017geometric,
  title={Geometric gan},
  author={Lim, Jae Hyun and Ye, Jong Chul},
  journal={arXiv preprint arXiv:1705.02894},
  year={2017}
}
@article{Survey2021VAE,
  author    = {Sam Bond{-}Taylor and
               Adam Leach and
               Yang Long and
               Chris G. Willcocks},
  title     = {Deep Generative Modelling: {A} Comparative Review of VAEs, GANs, Normalizing
               Flows, Energy-Based and Autoregressive Models},
  journal   = {CoRR},
  volume    = {abs/2103.04922},
  year      = {2021},
  eprinttype = {arXiv},
  eprint    = {2103.04922},
  timestamp = {Mon, 15 Mar 2021 17:30:55 +0100},
  bibsource = {dblp computer science bibliography, https://dblp.org}
}
@article{yang2021insgen,
  title   = {Data-Efficient Instance Generation from Instance Discrimination},
  author  = {Yang, Ceyuan and Shen, Yujun and Xu, Yinghao and Zhou, Bolei},
  journal = {arXiv preprint arXiv:2106.04566},
  year    = {2021}
}
@inproceedings{jeong2021training,
title={Training {\{}GAN{\}}s with Stronger Augmentations via Contrastive Discriminator},
author={Jongheon Jeong and Jinwoo Shin},
booktitle={International Conference on Learning Representations},
year={2021},
}
@article{zhao2020improved,
  title={Improved consistency regularization for gans},
  author={Zhao, Zhengli and Singh, Sameer and Lee, Honglak and Zhang, Zizhao and Odena, Augustus and Zhang, Han},
  journal={arXiv preprint arXiv:2002.04724},
  year={2020}
}
@article{CR2020,
  author    = {Han Zhang and
               Zizhao Zhang and
               Augustus Odena and
               Honglak Lee},
  title     = {Consistency Regularization for Generative Adversarial Networks},
  journal   = {CoRR},
  volume    = {abs/1910.12027},
  year      = {2019},
  eprinttype = {arXiv},
  eprint    = {1910.12027},
  bibsource = {dblp computer science bibliography, https://dblp.org}
}
@article{zhao2020image,
  title={Image augmentations for gan training},
  author={Zhao, Zhengli and Zhang, Zizhao and Chen, Ting and Singh, Sameer and Zhang, Han},
  journal={arXiv preprint arXiv:2006.02595},
  year={2020}
}
@article{MineGAN++,
  author    = {Yaxing Wang and
               Abel Gonzalez{-}Garcia and
               Chenshen Wu and
               Luis Herranz and
               Fahad Shahbaz Khan and
               Shangling Jui and
               Joost van de Weijer},
  title     = {MineGAN++: Mining Generative Models for Efficient Knowledge Transfer to Limited Data Domains},
  journal   = {CoRR},
  volume    = {abs/2104.13742},
  year      = {2021},
}
@inproceedings{li2020few,
	title="Few-shot Image Generation with Elastic Weight Consolidation",
	author="Yijun {Li} and Richard {Zhang} and Jingwan {Lu} and Eli {Shechtman}",
	booktitle="Advances in Neural Information Processing Systems",
	notes="Sourced from Microsoft Academic - https://academic.microsoft.com/paper/3102563493",
	year="2020",
	volume="33",
	pages="15885--15896",
}
@article{Karras2021,
  title={Alias-free generative adversarial networks},
  author={Karras, Tero and Aittala, Miika and Laine, Samuli and H{\"a}rk{\"o}nen, Erik and Hellsten, Janne and Lehtinen, Jaakko and Aila, Timo},
  journal={Advances in Neural Information Processing Systems},
  volume={34},
  year={2021}
}
@ARTICLE{PEPSITNNLS,
  author={Shin, Yong-Goo and Sagong, Min-Cheol and Yeo, Yoon-Jae and Kim, Seung-Wook and Ko, Sung-Jea},
  journal={IEEE Transactions on Neural Networks and Learning Systems},
  title={PEPSI++: Fast and Lightweight Network for Image Inpainting},
  year={2021},
  volume={32},
  number={1},
  pages={252-265},
  doi={10.1109/TNNLS.2020.2978501}}
@inproceedings{zhu2017unpaired,
	title="Unpaired Image-to-Image Translation Using Cycle-Consistent Adversarial Networks",
	author="Jun-Yan {Zhu} and Taesung {Park} and Phillip {Isola} and Alexei A. {Efros}",
	booktitle="Proceedings of the IEEE/CVF International Conference on Computer Vision",
	pages="2242--2251",
	notes="Sourced from Microsoft Academic - https://academic.microsoft.com/paper/2962793481",
	year="2017"
}

@inproceedings{yu2018generative,
	title="Generative Image Inpainting with Contextual Attention",
	author="Jiahui {Yu} and Zhe {Lin} and Jimei {Yang} and Xiaohui {Shen} and Xin {Lu} and Thomas S. {Huang}",
	booktitle="2018 IEEE/CVF Conference on Computer Vision and Pattern Recognition",
	pages="5505--5514",
	notes="Sourced from Microsoft Academic - https://academic.microsoft.com/paper/3043547428",
	year="2018"
}

@inproceedings{park2019semantic,
	title="Semantic Image Synthesis With Spatially-Adaptive Normalization",
	author="Taesung {Park} and Ming-Yu {Liu} and Ting-Chun {Wang} and Jun-Yan {Zhu}",
	booktitle="2019 IEEE/CVF Conference on Computer Vision and Pattern Recognition",
	pages="2337--2346",
	notes="Sourced from Microsoft Academic - https://academic.microsoft.com/paper/2962974533",
	year="2019"
}

@inproceedings{choi2020stargan,
	title="StarGAN v2: Diverse Image Synthesis for Multiple Domains",
	author="Yunjey {Choi} and Youngjung {Uh} and Jaejun {Yoo} and Jung-Woo {Ha}",
	booktitle="2020 IEEE/CVF Conference on Computer Vision and Pattern Recognition",
	pages="8188--8197",
	notes="Sourced from Microsoft Academic - https://academic.microsoft.com/paper/3034600949",
	year="2020"
}

@InProceedings{Guo2021ICCV,
    author    = {Guo, Xiefan and Yang, Hongyu and Huang, Di},
    title     = {Image Inpainting via Conditional Texture and Structure Dual Generation},
    booktitle = {Proceedings of the IEEE/CVF International Conference on Computer Vision},
    year      = {2021},
    pages     = {14134-14143}
}
@inproceedings{ojha2021fsgan,
  title={Few-shot image generation via cross-domain correspondence},
  author={Ojha, Utkarsh and Li, Yijun and Lu, Jingwan and Efros, Alexei A and Lee, Yong Jae and Shechtman, Eli and Zhang, Richard},
  booktitle={Proceedings of the IEEE/CVF Conference on Computer Vision and Pattern Recognition},
  pages={10743--10752},
  year={2021}
}
@inproceedings{karras2018progressive,
  title={Progressive Growing of GANs for Improved Quality, Stability, and Variation},
  author={Karras, Tero and Aila, Timo and Laine, Samuli and Lehtinen, Jaakko},
  booktitle={International Conference on Learning Representations},
  year={2018}
}
@inproceedings{mao2017least,
	title="Least Squares Generative Adversarial Networks",
	author="Xudong {Mao} and Qing {Li} and Haoran {Xie} and Raymond Y.K. {Lau} and Zhen {Wang} and Stephen Paul {Smolley}",
	notes="Sourced from Microsoft Academic - https://academic.microsoft.com/paper/2593414223",
	year="2017",
    booktitle="Proceedings of the IEEE/CVF International Conference on Computer Vision",
	pages="2813--2821",
}
@article{aksac2019brecahad,
	title="BreCaHAD: a dataset for breast cancer histopathological annotation and diagnosis",
	author="Alper {Aksac} and Douglas J. {Demetrick} and Tansel {Ozyer} and Reda {Alhajj}",
	journal="BMC Research Notes",
	year="2019",
	volume="12",
	number="1",
	pages="82",
}
@inproceedings{salimans2016improved,
	title="Improved techniques for training GANs",
	author="Tim {Salimans} and Ian {Goodfellow} and Wojciech {Zaremba} and Vicki {Cheung} and Alec {Radford} and Xi {Chen}",
	booktitle="Advances in Neural Information Processing Systems",
	volume="29",
	pages="2234--2242",
	notes="Sourced from Microsoft Academic - https://academic.microsoft.com/paper/2963373786",
	year="2016"
}
@inproceedings{miyato2018spectral,
	title="Spectral Normalization for Generative Adversarial Networks",
	author="Takeru {Miyato} and Toshiki {Kataoka} and Masanori {Koyama} and Yuichi {Yoshida}",
	booktitle="International Conference on Learning Representations",
	notes="Sourced from Microsoft Academic - https://academic.microsoft.com/paper/2963836885",
	year="2018"
}
@inproceedings{heusel2017gans,
	title="GANs Trained by a Two Time-Scale Update Rule Converge to a Local Nash Equilibrium",
	author="Martin {Heusel} and Hubert {Ramsauer} and Thomas {Unterthiner} and Bernhard {Nessler} and Sepp {Hochreiter}",
	booktitle="Advances in Neural Information Processing Systems",
	volume="30",
	pages="6626--6637",
	notes="Sourced from Microsoft Academic - https://academic.microsoft.com/paper/2963981733",
	year="2017"
}
@inproceedings{zhang2018mixup,
  title={mixup: Beyond Empirical Risk Minimization},
  author={Zhang, Hongyi and Cisse, Moustapha and Dauphin, Yann N and Lopez-Paz, David},
  booktitle={International Conference on Learning Representations},
  year={2018}
}
@article{shorten2019survey,
  title={A survey on image data augmentation for deep learning},
  author={Shorten, Connor and Khoshgoftaar, Taghi M},
  journal={Journal of Big Data},
  volume={6},
  number={1},
  pages={1--48},
  year={2019},
  publisher={Springer}
}
@inproceedings{radford2016unsupervised,
	title="Unsupervised Representation Learning with Deep Convolutional Generative Adversarial Networks",
	author="Alec {Radford} and Luke {Metz} and Soumith {Chintala}",
	booktitle="International Conference on Learning Representations",
	notes="Sourced from Microsoft Academic - https://academic.microsoft.com/paper/2963684088",
	year="2016"
}
@inproceedings{liu2015faceattributes,
  title={Deep learning face attributes in the wild},
  author={Liu, Ziwei and Luo, Ping and Wang, Xiaogang and Tang, Xiaoou},
  booktitle={Proceedings of the IEEE international conference on computer vision},
  pages={3730--3738},
  year={2015}
}
@inproceedings{liu2019spectral,
  title={Spectral regularization for combating mode collapse in gans},
  author={Liu, Kanglin and Tang, Wenming and Zhou, Fei and Qiu, Guoping},
  booktitle={Proceedings of the IEEE international conference on computer vision},
  pages={6382--6390},
  year={2019}
}
@InProceedings{Wang_2019_ICCV,
author = {Wang, Kaixin and Liew, Jun Hao and Zou, Yingtian and Zhou, Daquan and Feng, Jiashi},
title = {PANet: Few-Shot Image Semantic Segmentation With Prototype Alignment},
booktitle = {Proceedings of the IEEE international conference on computer vision},
year = {2019}
}
@inproceedings{yang2020prototype,
  title={Prototype mixture models for few-shot semantic segmentation},
  author={Yang, Boyu and Liu, Chang and Li, Bohao and Jiao, Jianbin and Ye, Qixiang},
  booktitle={European Conference on Computer Vision},
  year={2020},
  pages={763--778},
  organization={Springer}
}
@inproceedings{zhang2021prototype,
  title={Prototype Completion with Primitive Knowledge for Few-Shot Learning},
  author={Zhang, Baoquan and Li, Xutao and Ye, Yunming and Huang, Zhichao and Zhang, Lisai},
  booktitle={Proceedings of the IEEE/CVF conference on computer vision and pattern recognition},
  year={2021},
  pages={3754--3762},
}
@inproceedings{snell2017prototypical,
  title={Prototypical networks for few-shot learning},
  author={Snell, Jake and Swersky, Kevin and Zemel, Richard},
  booktitle={Advances in Neural Information Processing Systems},
  year={2017},
  pages={4080--4090},
}
@inproceedings{liu2020prototype,
  title={Prototype rectification for few-shot learning},
  author={Liu, Jinlu and Song, Liang and Qin, Yongqiang},
  booktitle={European Conference on Computer Vision},
  year={2020},
  pages={741--756},
}
@inproceedings{lin2021gaussian,
  title={Gaussian Prototype Rectification For Few-shot Image Recognition},
  author={Lin, Jinfu and Shen, Junmin and He, Xiaojian},
  booktitle={IJCNN},
  year={2021},
  pages={1--8},
}
@ARTICLE{TCSVTChi,
author={Chi, Ziqiu and Wang, Zhe and Yang, Mengping and Li, Dongdong and Du, Wenli},
journal={IEEE Transactions on Circuits and Systems for Video Technology},
title={Learning to Capture the Query Distribution for Few-Shot Learning},
year={2021},
volume={},
number={},
pages={1-1},
doi={10.1109/TCSVT.2021.3125129}}

@inproceedings{xie2021few,
  title={Few-Shot Semantic Segmentation With Cyclic Memory Network},
  author={Xie, Guo-Sen and Xiong, Huan and Liu, Jie and Yao, Yazhou and Shao, Ling},
  booktitle={Proceedings of the IEEE international conference on computer vision},
  year={2021},
  pages={7293--7302},
}
@article{wang2020generalizing,
  title={Generalizing from a few examples: A survey on few-shot learning},
  author={Wang, Yaqing and Yao, Quanming and Kwok, James T and Ni, Lionel M},
  journal={ACM Computing Surveys (CSUR)},
  volume={53},
  number={3},
  pages={1--34},
  year={2020},
  publisher={ACM New York, NY, USA}
}
@inproceedings{wu2020attentive,
  title={Attentive prototype few-shot learning with capsule network-based embedding},
  author={Wu, Fangyu and Smith, Jeremy S and Lu, Wenjin and Pang, Chaoyi and Zhang, Bailing},
  booktitle={European Conference on Computer Vision},
  year={2020},
  organization={Springer},
  pages={237--253},
}
@article{fei2006one,
  title={One-shot learning of object categories},
  author={Fei-Fei, Li and Fergus, Rob and Perona, Pietro},
  journal={IEEE transactions on pattern analysis and machine intelligence},
  year={2006},
  volume={28},
  number={4},
  pages={594--611},
  publisher={IEEE}
}
@article{jiang2021deceive,
  title={Deceive D: Adaptive Pseudo Augmentation for GAN Training with Limited Data},
  author={Jiang, Liming and Dai, Bo and Wu, Wayne and Loy, Chen Change},
  journal={Advances in Neural Information Processing Systems},
  volume={34},
  year={2021}
}
@inproceedings{gu2021lofgan,
  title={Lofgan: Fusing local representations for few-shot image generation},
  author={Gu, Zheng and Li, Wenbin and Huo, Jing and Wang, Lei and Gao, Yang},
  booktitle={Proceedings of the IEEE/CVF International Conference on Computer Vision},
  pages={8463--8471},
  year={2021}
}
@inproceedings{yu2021wavefill,
  title={WaveFill: A Wavelet-based Generation Network for Image Inpainting},
  author={Yu, Yingchen and Zhan, Fangneng and Lu, Shijian and Pan, Jianxiong and Ma, Feiying and Xie, Xuansong and Miao, Chunyan},
  booktitle={Proceedings of the IEEE/CVF International Conference on Computer Vision},
  pages={14114--14123},
  year={2021}
}
@inproceedings{yoo2019photorealistic,
  title={Photorealistic style transfer via wavelet transforms},
  author={Yoo, Jaejun and Uh, Youngjung and Chun, Sanghyuk and Kang, Byeongkyu and Ha, Jung-Woo},
  booktitle={Proceedings of the IEEE/CVF International Conference on Computer Vision},
  pages={9036--9045},
  year={2019}
}
@inproceedings{gao2021high,
  title={High-fidelity and arbitrary face editing},
  author={Gao, Yue and Wei, Fangyun and Bao, Jianmin and Gu, Shuyang and Chen, Dong and Wen, Fang and Lian, Zhouhui},
  booktitle={Proceedings of the IEEE/CVF Conference on Computer Vision and Pattern Recognition},
  pages={16115--16124},
  year={2021}
}
@inproceedings{chiu2022photowct2,
  title={PhotoWCT2: Compact Autoencoder for Photorealistic Style Transfer Resulting from Blockwise Training and Skip Connections of High-Frequency Residuals},
  author={Chiu, Tai-Yin and Gurari, Danna},
  booktitle={Proceedings of the IEEE/CVF Winter Conference on Applications of Computer Vision},
  pages={2868--2877},
  year={2022}
}
@inproceedings{jiang2021focal,
  title={Focal frequency loss for image reconstruction and synthesis},
  author={Jiang, Liming and Dai, Bo and Wu, Wayne and Loy, Chen Change},
  booktitle={Proceedings of the IEEE/CVF International Conference on Computer Vision},
  pages={13919--13929},
  year={2021}
}
@article{gal2021swagan,
  title={SWAGAN: A style-based wavelet-driven generative model},
  author={Gal, Rinon and Hochberg, Dana Cohen and Bermano, Amit and Cohen-Or, Daniel},
  journal={ACM Transactions on Graphics (TOG)},
  volume={40},
  number={4},
  pages={1--11},
  year={2021},
  publisher={ACM New York, NY, USA}
}
@inproceedings{li2020wavelet,
  title={Wavelet integrated CNNs for noise-robust image classification},
  author={Li, Qiufu and Shen, Linlin and Guo, Sheng and Lai, Zhihui},
  booktitle={Proceedings of the IEEE/CVF Conference on Computer Vision and Pattern Recognition},
  pages={7245--7254},
  year={2020}
}
@inproceedings{park2020contrastive,
  title={Contrastive learning for unpaired image-to-image translation},
  author={Park, Taesung and Efros, Alexei A and Zhang, Richard and Zhu, Jun-Yan},
  booktitle={European Conference on Computer Vision},
  pages={319--345},
  year={2020},
  organization={Springer}
}
@inproceedings{odena2017conditional,
  title={Conditional image synthesis with auxiliary classifier gans},
  author={Odena, Augustus and Olah, Christopher and Shlens, Jonathon},
  booktitle={International conference on machine learning},
  pages={2642--2651},
  year={2017},
  organization={PMLR}
}
@inproceedings{nilsback2008automated,
  title={Automated flower classification over a large number of classes},
  author={Nilsback, Maria-Elena and Zisserman, Andrew},
  booktitle={2008 Sixth Indian Conference on Computer Vision, Graphics \& Image Processing},
  pages={722--729},
  year={2008},
  organization={IEEE}
}
@inproceedings{cao2018vggface2,
  title={Vggface2: A dataset for recognising faces across pose and age},
  author={Cao, Qiong and Shen, Li and Xie, Weidi and Parkhi, Omkar M and Zisserman, Andrew},
  booktitle={2018 13th IEEE international conference on automatic face \& gesture recognition (FG 2018)},
  pages={67--74},
  year={2018},
  organization={IEEE}
}
@inproceedings{liu2019few,
  title={Few-shot unsupervised image-to-image translation},
  author={Liu, Ming-Yu and Huang, Xun and Mallya, Arun and Karras, Tero and Aila, Timo and Lehtinen, Jaakko and Kautz, Jan},
  booktitle={Proceedings of the IEEE/CVF International Conference on Computer Vision},
  pages={10551--10560},
  year={2019}
}
@article{clouatre2019figr,
  title={Figr: Few-shot image generation with reptile},
  author={Clou{\^a}tre, Louis and Demers, Marc},
  journal={arXiv preprint arXiv:1901.02199},
  year={2019}
}
@inproceedings{bartunov2018few,
  title={Few-shot generative modelling with generative matching networks},
  author={Bartunov, Sergey and Vetrov, Dmitry},
  booktitle={International Conference on Artificial Intelligence and Statistics},
  pages={670--678},
  year={2018},
  organization={PMLR}
}
@article{antoniou2017data,
  title={Data augmentation generative adversarial networks},
  author={Antoniou, Antreas and Storkey, Amos and Edwards, Harrison},
  journal={arXiv preprint arXiv:1711.04340},
  year={2017}
}
@article{liang2020dawson,
  title={Dawson: A domain adaptive few shot generation framework},
  author={Liang, Weixin and Liu, Zixuan and Liu, Can},
  journal={arXiv preprint arXiv:2001.00576},
  year={2020}
}
@article{goodfellow2014generative,
  title={Generative adversarial nets},
  author={Goodfellow, Ian and Pouget-Abadie, Jean and Mirza, Mehdi and Xu, Bing and Warde-Farley, David and Ozair, Sherjil and Courville, Aaron and Bengio, Yoshua},
  journal={Advances in neural information processing systems},
  volume={27},
  year={2014}
}
@inproceedings{wang2019event,
  title={Event-based high dynamic range image and very high frame rate video generation using conditional generative adversarial networks},
  author={Wang, Lin and Ho, Yo-Sung and Yoon, Kuk-Jin and others},
  booktitle={Proceedings of the IEEE/CVF Conference on Computer Vision and Pattern Recognition},
  pages={10081--10090},
  year={2019}
}
@inproceedings{richardson2021encoding,
  title={Encoding in style: a stylegan encoder for image-to-image translation},
  author={Richardson, Elad and Alaluf, Yuval and Patashnik, Or and Nitzan, Yotam and Azar, Yaniv and Shapiro, Stav and Cohen-Or, Daniel},
  booktitle={Proceedings of the IEEE/CVF Conference on Computer Vision and Pattern Recognition},
  pages={2287--2296},
  year={2021}
}
@inproceedings{isola2017image,
  title={Image-to-image translation with conditional adversarial networks},
  author={Isola, Phillip and Zhu, Jun-Yan and Zhou, Tinghui and Efros, Alexei A},
  booktitle={Proceedings of the IEEE conference on computer vision and pattern recognition},
  pages={1125--1134},
  year={2017}
}
@inproceedings{finn2017model,
  title={Model-agnostic meta-learning for fast adaptation of deep networks},
  author={Finn, Chelsea and Abbeel, Pieter and Levine, Sergey},
  booktitle={International conference on machine learning},
  pages={1126--1135},
  year={2017},
  organization={PMLR}
}
@article{nichol2018reptile,
  title={Reptile: a scalable metalearning algorithm},
  author={Nichol, Alex and Schulman, John},
  journal={arXiv preprint arXiv:1803.02999},
  volume={2},
  number={3},
  pages={4},
  year={2018}
}
@inproceedings{odena2017conditional,
  title={Conditional image synthesis with auxiliary classifier gans},
  author={Odena, Augustus and Olah, Christopher and Shlens, Jonathon},
  booktitle={International conference on machine learning},
  pages={2642--2651},
  year={2017},
  organization={PMLR}
}
@article{cao2020enhanced,
  title={An enhanced 3-D discrete wavelet transform for hyperspectral image classification},
  author={Cao, Xiangyong and Yao, Jing and Fu, Xueyang and Bi, Haixia and Hong, Danfeng},
  journal={IEEE Geoscience and Remote Sensing Letters},
  volume={18},
  number={6},
  pages={1104--1108},
  year={2020},
  publisher={IEEE}
}
@inproceedings{yu2021wavefill,
  title={WaveFill: A Wavelet-based Generation Network for Image Inpainting},
  author={Yu, Yingchen and Zhan, Fangneng and Lu, Shijian and Pan, Jianxiong and Ma, Feiying and Xie, Xuansong and Miao, Chunyan},
  booktitle={Proceedings of the IEEE/CVF International Conference on Computer Vision},
  pages={14114--14123},
  year={2021}
}
@article{xu2019frequency,
  title={Frequency principle: Fourier analysis sheds light on deep neural networks},
  author={Xu, Zhi-Qin John and Zhang, Yaoyu and Luo, Tao and Xiao, Yanyang and Ma, Zheng},
  journal={arXiv preprint arXiv:1901.06523},
  year={2019}
}

@article{fei2006one,
  title={One-shot learning of object categories},
  author={Fei-Fei, Li and Fergus, Rob and Perona, Pietro},
  journal={IEEE transactions on pattern analysis and machine intelligence},
  volume={28},
  number={4},
  pages={594--611},
  year={2006},
  publisher={IEEE}
}
@inproceedings{park2020contrastive,
  title={Contrastive learning for unpaired image-to-image translation},
  author={Park, Taesung and Efros, Alexei A and Zhang, Richard and Zhu, Jun-Yan},
  booktitle={European Conference on Computer Vision},
  pages={319--345},
  year={2020},
  organization={Springer}
}
@inproceedings{liu2020negative,
  title={Negative margin matters: Understanding margin in few-shot classification},
  author={Liu, Bin and Cao, Yue and Lin, Yutong and Li, Qi and Zhang, Zheng and Long, Mingsheng and Hu, Han},
  booktitle={European Conference on Computer Vision},
  pages={438--455},
  year={2020},
  organization={Springer}
}
@inproceedings{li2021adaptive,
  title={Adaptive prototype learning and allocation for few-shot segmentation},
  author={Li, Gen and Jampani, Varun and Sevilla-Lara, Laura and Sun, Deqing and Kim, Jonghyun and Kim, Joongkyu},
  booktitle={Proceedings of the IEEE/CVF Conference on Computer Vision and Pattern Recognition},
  pages={8334--8343},
  year={2021}
}
@article{kingma2013auto,
  title={Auto-encoding variational bayes},
  author={Kingma, Diederik P and Welling, Max},
  journal={arXiv preprint arXiv:1312.6114},
  year={2013}
}
@inproceedings{vinyals2016matching,
  title={Matching networks for one shot learning},
  author={Vinyals, Oriol and Blundell, Charles and Lillicrap, Timothy and Kavukcuoglu, Koray and Wierstra, Daan},
  booktitle={Proceedings of the 30th International Conference on Neural Information Processing Systems},
  pages={3637--3645},
  year={2016}
}
@article{daubechies1990wavelet,
  title={The wavelet transform, time-frequency localization and signal analysis},
  author={Daubechies, Ingrid},
  journal={IEEE transactions on information theory},
  volume={36},
  number={5},
  pages={961--1005},
  year={1990},
  publisher={IEEE}
}
@article{liu2021generative,
  title={Generative adversarial networks for image and video synthesis: Algorithms and applications},
  author={Liu, Ming-Yu and Huang, Xun and Yu, Jiahui and Wang, Ting-Chun and Mallya, Arun},
  journal={Proceedings of the IEEE},
  volume={109},
  number={5},
  pages={839--862},
  year={2021},
  publisher={IEEE}
}
@inproceedings{woo2018cbam,
  title={Cbam: Convolutional block attention module},
  author={Woo, Sanghyun and Park, Jongchan and Lee, Joon-Young and Kweon, In So},
  booktitle={Proceedings of the European conference on computer vision (ECCV)},
  pages={3--19},
  year={2018}
}
@inproceedings{bengio2013better,
  title={Better mixing via deep representations},
  author={Bengio, Yoshua and Mesnil, Gr{\'e}goire and Dauphin, Yann and Rifai, Salah},
  booktitle={International conference on machine learning},
  pages={552--560},
  year={2013},
}
@inproceedings{yang2022wavegan,
  title={WaveGAN: Frequency-Aware GAN for High-Fidelity Few-Shot Image Generation},
  author={Yang, Mengping and Wang, Zhe and Chi, Ziqiu and Feng, Wenyi},
  booktitle={European Conference on Computer Vision},
  pages={1--17},
  year={2022},
}
@article{wang2020entropy,
  title={Entropy and confidence-based undersampling boosting random forests for imbalanced problems},
  author={Wang, Zhe and Cao, Chenjie and Zhu, Yujin},
  journal={IEEE transactions on neural networks and learning systems},
  volume={31},
  number={12},
  pages={5178--5191},
  year={2020},
}
@article{van2008visualizing,
  title={Visualizing data using t-SNE.},
  author={Van der Maaten, Laurens and Hinton, Geoffrey},
  journal={Journal of machine learning research},
  volume={9},
  number={11},
  year={2008}
}

@inproceedings{stylegan3,
 author = {Karras, Tero and Aittala, Miika and Laine, Samuli and H\"{a}rk\"{o}nen, Erik and Hellsten, Janne and Lehtinen, Jaakko and Aila, Timo},
 booktitle = {Advances in Neural Information Processing Systems},
 editor = {M. Ranzato and A. Beygelzimer and Y. Dauphin and P.S. Liang and J. Wortman Vaughan},
 title = {Alias-Free Generative Adversarial Networks},
 volume = {34},
 year = {2021}
}

@inproceedings{projectedGAN,
 author = {Sauer, Axel and Chitta, Kashyap and M\"{u}ller, Jens and Geiger, Andreas},
 booktitle = {Advances in Neural Information Processing Systems},
 editor = {M. Ranzato and A. Beygelzimer and Y. Dauphin and P.S. Liang and J. Wortman Vaughan},
 title = {Projected GANs Converge Faster},
 volume = {34},
 year = {2021}
}

@inproceedings{kumari2022ensembling,
  title={Ensembling off-the-shelf models for gan training},
  author={Kumari, Nupur and Zhang, Richard and Shechtman, Eli and Zhu, Jun-Yan},
  booktitle={Proceedings of the IEEE/CVF Conference on Computer Vision and Pattern Recognition},
  pages={10651--10662},
  year={2022}
}
@inproceedings{li2021prototype,
  title={Prototype memory and attention mechanisms for few shot image generation},
  author={Li, Tianqin and Li, Zijie and Luo, Andrew and Rockwell, Harold and Farimani, Amir Barati and Lee, Tai Sing},
  booktitle={International Conference on Learning Representations},
  year={2022}
}
@inproceedings{GradCAM,
  title={Grad-cam: Visual explanations from deep networks via gradient-based localization},
  author={Selvaraju, Ramprasaath R and Cogswell, Michael and Das, Abhishek and Vedantam, Ramakrishna and Parikh, Devi and Batra, Dhruv},
  booktitle=ICCV,
  pages={618--626},
  year={2017}
}
@article{wang2022fregan,
  title={Fregan: exploiting frequency components for training gans under limited data},
  author={Yang, Mengping and Wang, Zhe and Chi, Ziqiu and Zhang, Yanbing},
  journal={Advances in Neural Information Processing Systems},
  volume={35},
  pages={33387--33399},
  year={2022}
}
@article{yang2023protogan,
  title={ProtoGAN: Towards high diversity and fidelity image synthesis under limited data},
  author={Yang, Mengping and Wang, Zhe and Chi, Ziqiu and Du, Wenli},
  journal={Information Sciences},
  volume={632},
  pages={698--714},
  year={2023}
}
@article{yang2023image,
  title={Image Synthesis under Limited Data: A Survey and Taxonomy},
  author={Yang, Mengping and Wang, Zhe},
  journal={arXiv preprint arXiv:2307.16879},
  year={2023}
}