@article{ASDiv,
  title={A diverse corpus for evaluating and developing English math word problem solvers},
  author={Miao, Shen-Yun and Liang, Chao-Chun and Su, Keh-Yih},
  journal={arXiv preprint arXiv:2106.15772},
  year={2021}
}

@article{GSM8K,
  title={Training verifiers to solve math word problems},
  author={Cobbe, Karl and Kosaraju, Vineet and Bavarian, Mohammad and Chen, Mark and Jun, Heewoo and Kaiser, Lukasz and Plappert, Matthias and Tworek, Jerry and Hilton, Jacob and Nakano, Reiichiro and others},
  journal={arXiv preprint arXiv:2110.14168},
  year={2021}
}

@article{SVAMP,
  title={Are NLP models really able to solve simple math word problems?},
  author={Patel, Arkil and Bhattamishra, Satwik and Goyal, Navin},
  journal={arXiv preprint arXiv:2103.07191},
  year={2021}
}

@article{choi2022lmpriors,
  title={Lmpriors: Pre-trained language models as task-specific priors},
  author={Choi, Kristy and Cundy, Chris and Srivastava, Sanjari and Ermon, Stefano},
  journal={arXiv preprint arXiv:2210.12530},
  year={2022}
}

@article{jiralerspong2024efficient,
  title={Efficient causal graph discovery using large language models},
  author={Jiralerspong, Thomas and Chen, Xiaoyin and More, Yash and Shah, Vedant and Bengio, Yoshua},
  journal={arXiv preprint arXiv:2402.01207},
  year={2024}
}

@article{kiciman2023causal,
  title={Causal reasoning and large language models: Opening a new frontier for causality},
  author={K{\i}c{\i}man, Emre and Ness, Robert and Sharma, Amit and Tan, Chenhao},
  journal={arXiv preprint arXiv:2305.00050},
  year={2023}
}

@article{long2023can,
  title={Can large language models build causal graphs?},
  author={Long, Stephanie and Schuster, Tibor and Pich{\'e}, Alexandre},
  journal={arXiv preprint arXiv:2303.05279},
  year={2023}
}

@inproceedings{mawps,
  title={MAWPS: A math word problem repository},
  author={Koncel-Kedziorski, Rik and Roy, Subhro and Amini, Aida and Kushman, Nate and Hajishirzi, Hannaneh},
  booktitle={Proceedings of the 2016 conference of the north american chapter of the association for computational linguistics: human language technologies},
  pages={1152--1157},
  year={2016}
}

