@inproceedings{radford2023robust,
  title={Robust speech recognition via large-scale weak supervision},
  author={Radford, Alec and Kim, Jong Wook and Xu, Tao and Brockman, Greg and McLeavey, Christine and Sutskever, Ilya},
  booktitle={International conference on machine learning},
  pages={28492--28518},
  year={2023},
  organization={PMLR}
}

@article{gandhi2022esb,
  title={Esb: A benchmark for multi-domain end-to-end speech recognition},
  author={Gandhi, Sanchit and Von Platen, Patrick and Rush, Alexander M},
  journal={arXiv preprint arXiv:2210.13352},
  year={2022}
}

@article{gandhi2023distil,
  title={Distil-whisper: Robust knowledge distillation via large-scale pseudo labelling},
  author={Gandhi, Sanchit and von Platen, Patrick and Rush, Alexander M},
  journal={arXiv preprint arXiv:2311.00430},
  year={2023}
}

@article{dao2022flashattention,
  title={Flashattention: Fast and memory-efficient exact attention with io-awareness},
  author={Dao, Tri and Fu, Dan and Ermon, Stefano and Rudra, Atri and R{\'e}, Christopher},
  journal={Advances in Neural Information Processing Systems},
  volume={35},
  pages={16344--16359},
  year={2022}
}

@inproceedings{waswani2017attention,
  title={Attention is all you need},
  author={Waswani, A and Shazeer, N and Parmar, N and Uszkoreit, J and Jones, L and Gomez, A and Kaiser, L and Polosukhin, I},
  booktitle={NIPS},
  year={2017}
}

@article{puvvada2024less,
  title={Less is more: Accurate speech recognition \& translation without web-scale data},
  author={Puvvada, Krishna C and {\.Z}elasko, Piotr and Huang, He and Hrinchuk, Oleksii and Koluguri, Nithin Rao and Dhawan, Kunal and Majumdar, Somshubra and Rastorgueva, Elena and Chen, Zhehuai and Lavrukhin, Vitaly and others},
  journal={arXiv preprint arXiv:2406.19674},
  year={2024}
}

@inproceedings{yu2023compressing,
  title={Compressing transformers: features are low-rank, but weights are not!},
  author={Yu, Hao and Wu, Jianxin},
  booktitle={Proceedings of the AAAI Conference on Artificial Intelligence},
  volume={37},
  number={9},
  pages={11007--11015},
  year={2023}
}

@inproceedings{huang2012singing,
  title={Singing-voice separation from monaural recordings using robust principal component analysis},
  author={Huang, Po-Sen and Chen, Scott Deeann and Smaragdis, Paris and Hasegawa-Johnson, Mark},
  booktitle={2012 IEEE International Conference on Acoustics, Speech and Signal Processing (ICASSP)},
  pages={57--60},
  year={2012},
  organization={IEEE}
}

@article{zergat2013robust,
  title={Robust Support Vector Machines for Speaker Verification Task},
  author={Zergat, Kawthar Yasmine and Amrouche, Abderrahmane},
  journal={arXiv preprint arXiv:1306.2906},
  year={2013}
}

@article{tian2024user,
  title={User-Driven Voice Generation and Editing through Latent Space Navigation},
  author={Tian, Yusheng and Liu, Junbin and Lee, Tan},
  journal={arXiv e-prints},
  pages={arXiv--2408},
  year={2024}
}

@article{kacha2020principal,
  title={Principal component analysis of the spectrogram of the speech signal: Interpretation and application to dysarthric speech},
  author={Kacha, Abdellah and Grenez, Francis and Orozco-Arroyave, Juan Rafael and Schoentgen, Jean},
  journal={Computer Speech \& Language},
  volume={59},
  pages={114--122},
  year={2020},
  publisher={Elsevier}
}

@article{wold1987principal,
  title={Principal component analysis},
  author={Wold, Svante and Esbensen, Kim and Geladi, Paul},
  journal={Chemometrics and intelligent laboratory systems},
  volume={2},
  number={1-3},
  pages={37--52},
  year={1987},
  publisher={Elsevier}
}

@misc{faster-whisper,
  author = {SYSTRAN},
  title = {Faster Whisper transcription with CTranslate2},
  year = {2023},
  howpublished = {\url{https://github.com/SYSTRAN/faster-whisper}},
}

@article{bain2023whisperx,
  title={Whisperx: Time-accurate speech transcription of long-form audio},
  author={Bain, Max and Huh, Jaesung and Han, Tengda and Zisserman, Andrew},
  journal={arXiv preprint arXiv:2303.00747},
  year={2023}
}

@article{machavcek2023turning,
  title={Turning whisper into real-time transcription system},
  author={Mach{\'a}{\v{c}}ek, Dominik and Dabre, Raj and Bojar, Ond{\v{r}}ej},
  journal={arXiv preprint arXiv:2307.14743},
  year={2023}
}

@misc{whisper.cpp,
  author = {Georgi Gerganov},
  title = {whisper.cpp: Port of OpenAI's Whisper model in C/C++},
  year = {2023},
  howpublished = {\url{https://github.com/ggerganov/whisper.cpp}},
}

@article{shao2023whisper,
  title={Whisper-kdq: A lightweight whisper via guided knowledge distillation and quantization for efficient asr},
  author={Shao, Hang and Wang, Wei and Liu, Bei and Gong, Xun and Wang, Haoyu and Qian, Yanmin},
  journal={arXiv preprint arXiv:2305.10788},
  year={2023}
}

@article{ferraz2023distilwhisper,
  title={DistilWhisper: Efficient Distillation of Multi-task Speech Models via Language-Specific Experts},
  author={Ferraz, Thomas Palmeira and Boito, Marcely Zanon and Brun, Caroline and Nikoulina, Vassilina},
  journal={arXiv preprint arXiv:2311.01070},
  year={2023}
}

@article{ferraz2024efficient,
  title={Efficient Compression of Multitask Multilingual Speech Models},
  author={Ferraz, Thomas Palmeira},
  journal={arXiv preprint arXiv:2405.00966},
  year={2024}
}

@article{indyk2019learning,
  title={Learning-based low-rank approximations},
  author={Indyk, Piotr and Vakilian, Ali and Yuan, Yang},
  journal={Advances in Neural Information Processing Systems},
  volume={32},
  year={2019}
}

@article{hu2021low,
  title={Low rank regularization: A review},
  author={Hu, Zhanxuan and Nie, Feiping and Wang, Rong and Li, Xuelong},
  journal={Neural Networks},
  volume={136},
  pages={218--232},
  year={2021},
  publisher={Elsevier}
}

@article{hu2021lora,
  title={Lora: Low-rank adaptation of large language models},
  author={Hu, Edward J and Shen, Yelong and Wallis, Phillip and Allen-Zhu, Zeyuan and Li, Yuanzhi and Wang, Shean and Wang, Lu and Chen, Weizhu},
  journal={arXiv preprint arXiv:2106.09685},
  year={2021}
}

@article{sonobe2017jsut,
  title={JSUT corpus: free large-scale Japanese speech corpus for end-to-end speech synthesis},
  author={Sonobe, Ryosuke and Takamichi, Shinnosuke and Saruwatari, Hiroshi},
  journal={arXiv preprint arXiv:1711.00354},
  year={2017}
}

@article{pratap2020mls,
  title={Mls: A large-scale multilingual dataset for speech research},
  author={Pratap, Vineel and Xu, Qiantong and Sriram, Anuroop and Synnaeve, Gabriel and Collobert, Ronan},
  journal={arXiv preprint arXiv:2012.03411},
  year={2020}
}

@inproceedings{tillet2019triton,
  title={Triton: an intermediate language and compiler for tiled neural network computations},
  author={Tillet, Philippe and Kung, Hsiang-Tsung and Cox, David},
  booktitle={Proceedings of the 3rd ACM SIGPLAN International Workshop on Machine Learning and Programming Languages},
  pages={10--19},
  year={2019}
}

@misc{lequn-blog,
      title={Dissecting Batching Effects in GPT Inference}, 
      author={Chen, Lequn},
      url={https://le.qun.ch/en/blog/2023/05/13/transformer-batching/},
      year={2023}
}

@article{bevilacqua2024whispy,
  title={Whispy: Adapting STT Whisper Models to Real-Time Environments},
  author={Bevilacqua, Antonio and Saviano, Paolo and Amirante, Alessandro and Romano, Simon Pietro},
  journal={arXiv preprint arXiv:2405.03484},
  year={2024}
}

@article{nguyen2020low,
  title={Low latency asr for simultaneous speech translation},
  author={Nguyen, Thai Son and Niehues, Jan and Cho, Eunah and Ha, Thanh-Le and Kilgour, Kevin and Muller, Markus and Sperber, Matthias and Stueker, Sebastian and Waibel, Alex},
  journal={arXiv preprint arXiv:2003.09891},
  year={2020}
}

@article{wang2022lamassu,
  title={Lamassu: Streaming language-agnostic multilingual speech recognition and translation using neural transducers},
  author={Wang, Peidong and Sun, Eric and Xue, Jian and Wu, Yu and Zhou, Long and Gaur, Yashesh and Liu, Shujie and Li, Jinyu},
  journal={arXiv preprint arXiv:2211.02809},
  year={2022}
}

@article{jeffries2024moonshine,
  title={Moonshine: Speech Recognition for Live Transcription and Voice Commands},
  author={Jeffries, Nat and King, Evan and Kudlur, Manjunath and Nicholson, Guy and Wang, James and Warden, Pete},
  journal={arXiv preprint arXiv:2410.15608},
  year={2024}
}

@misc{kotoba-whisper-v2-0,
  title        = {Kotoba-Whisper (v2.0)},
  author       = {{Kotoba Technologies}},
  year         = {2024},
  howpublished = {\url{https://huggingface.co/kotoba-tech/kotoba-whisper-v2.0}}
}

@article{gulati2020conformer,
  title={Conformer: Convolution-augmented transformer for speech recognition},
  author={Gulati, Anmol and Qin, James and Chiu, Chung-Cheng and Parmar, Niki and Zhang, Yu and Yu, Jiahui and Han, Wei and Wang, Shibo and Zhang, Zhengdong and Wu, Yonghui and others},
  journal={arXiv preprint arXiv:2005.08100},
  year={2020}
}

@inproceedings{rekesh2023fast,
  title={Fast conformer with linearly scalable attention for efficient speech recognition},
  author={Rekesh, Dima and Koluguri, Nithin Rao and Kriman, Samuel and Majumdar, Somshubra and Noroozi, Vahid and Huang, He and Hrinchuk, Oleksii and Puvvada, Krishna and Kumar, Ankur and Balam, Jagadeesh and others},
  booktitle={2023 IEEE Automatic Speech Recognition and Understanding Workshop (ASRU)},
  pages={1--8},
  year={2023},
  organization={IEEE}
}

@inproceedings{kwon2023efficient,
  title={Efficient memory management for large language model serving with pagedattention},
  author={Kwon, Woosuk and Li, Zhuohan and Zhuang, Siyuan and Sheng, Ying and Zheng, Lianmin and Yu, Cody Hao and Gonzalez, Joseph and Zhang, Hao and Stoica, Ion},
  booktitle={Proceedings of the 29th Symposium on Operating Systems Principles},
  pages={611--626},
  year={2023}
}

@software{mlx2023,
  author = {Awni Hannun and Jagrit Digani and Angelos Katharopoulos and Ronan Collobert},
  title = {{MLX}: Efficient and flexible machine learning on Apple silicon},
  url = {https://github.com/ml-explore},
  version = {0.0},
  year = {2023},
}

@article{williams2009roofline,
  title={Roofline: an insightful visual performance model for multicore architectures},
  author={Williams, Samuel and Waterman, Andrew and Patterson, David},
  journal={Communications of the ACM},
  volume={52},
  number={4},
  pages={65--76},
  year={2009},
  publisher={ACM New York, NY, USA}
}

@software{NeMo,
author = {Harper, Eric and Majumdar, Somshubra and Kuchaiev, Oleksii and Jason, Li and Zhang, Yang and Bakhturina, Evelina and Noroozi, Vahid and Subramanian, Sandeep and Nithin, Koluguri and Jocelyn, Huang and Jia, Fei and Balam, Jagadeesh and Yang, Xuesong and Livne, Micha and Dong, Yi and Naren, Sean and Ginsburg, Boris},
title = {{NeMo: a toolkit for Conversational AI and Large Language Models}},
url = {https://github.com/NVIDIA/NeMo}
}

@article{chang2024palu,
  title={Palu: Compressing kv-cache with low-rank projection},
  author={Chang, Chi-Chih and Lin, Wei-Cheng and Lin, Chien-Yu and Chen, Chong-Yan and Hu, Yu-Fang and Wang, Pei-Shuo and Huang, Ning-Chi and Ceze, Luis and Abdelfattah, Mohamed S and Wu, Kai-Chiang},
  journal={arXiv preprint arXiv:2407.21118},
  year={2024}
}

@article{liu2024deepseek,
  title={Deepseek-v3 technical report},
  author={Liu, Aixin and Feng, Bei and Xue, Bing and Wang, Bingxuan and Wu, Bochao and Lu, Chengda and Zhao, Chenggang and Deng, Chengqi and Zhang, Chenyu and Ruan, Chong and others},
  journal={arXiv preprint arXiv:2412.19437},
  year={2024}
}

@inproceedings{ansel2024pytorch,
  title={Pytorch 2: Faster machine learning through dynamic python bytecode transformation and graph compilation},
  author={Ansel, Jason and Yang, Edward and He, Horace and Gimelshein, Natalia and Jain, Animesh and Voznesensky, Michael and Bao, Bin and Bell, Peter and Berard, David and Burovski, Evgeni and others},
  booktitle={Proceedings of the 29th ACM International Conference on Architectural Support for Programming Languages and Operating Systems, Volume 2},
  pages={929--947},
  year={2024}
}