@article{Watson2023DeND,
  title={De novo design of protein structure and function with RFdiffusion},
  author={Joseph L. Watson and David Juergens and Nathaniel R. Bennett and Brian L. Trippe and Jason Yim and Helen E. Eisenach and Woody Ahern and Andrew J. Borst and Robert J. Ragotte and Lukas F. Milles and Basile I. M. Wicky and Nikita Hanikel and Samuel J. Pellock and Alexis Courbet and William Sheffler and Jue Wang and Preetham Venkatesh and Isaac Sappington and Susana V{\'a}zquez Torres and Anna Lauko and Valentin De Bortoli and Emile Mathieu and Sergey Ovchinnikov and Regina Barzilay and T. Jaakkola and Frank DiMaio and Minkyung Baek and David Baker},
  journal={Nature},
  year={2023},
  volume={620},
  pages={1089 - 1100},
  url={https://api.semanticscholar.org/CorpusID:271161349}
}

@article{adams2022equivariant,
  title={Equivariant shape-conditioned generation of 3d molecules for ligand-based drug design},
  author={Adams, Keir and Coley, Connor W},
  journal={arXiv preprint arXiv:2210.04893},
  year={2022}
}

@inproceedings{alberts2023learning,
  title={Learning the Language of NMR: Structure Elucidation from NMR spectra using Transformer Models},
  author={Alberts, Marvin and Zipoli, Federico and Vaucher, Alain C},
  booktitle={NeurIPS 2023 Workshop},
  year={2023}
}

@article{allen2015cfm-id,
  title={Competitive fragmentation modeling of ESI-MS/MS spectra for putative metabolite identification},
  author={Allen, Felicity and Greiner, Russ and Wishart, David},
  journal={Metabolomics},
  volume={11},
  pages={98--110},
  year={2015},
  publisher={Springer}
}

@misc{austin2023structureddenoisingdiffusionmodels,
      title={Structured Denoising Diffusion Models in Discrete State-Spaces}, 
      author={Jacob Austin and Daniel D. Johnson and Jonathan Ho and Daniel Tarlow and Rianne van den Berg},
      year={2023},
      eprint={2107.03006},
      archivePrefix={arXiv},
      primaryClass={cs.LG},
      url={https://arxiv.org/abs/2107.03006}, 
}

@article{bocker2016fragmentation,
  title={Fragmentation trees reloaded},
  author={B{\"o}cker, Sebastian and D{\"u}hrkop, Kai},
  journal={Journal of cheminformatics},
  volume={8},
  pages={1--26},
  year={2016},
  publisher={Springer}
}

@article{butler2023ms2mol,
  title={MS2Mol: A transformer model for illuminating dark chemical space from mass spectra},
  author={Butler, Thomas and Frandsen, Abraham and Lightheart, Rose and Bargh, Brian and Taylor, James and Bollerman, TJ and Kerby, Thomas and West, Kiana and Voronov, Gennady and Moon, Kevin and others},
  year={2023},
  journal={ChemRxiv}
}

@misc{chen2023efficientdegreeguidedgraphgeneration,
      title={Efficient and Degree-Guided Graph Generation via Discrete Diffusion Modeling}, 
      author={Xiaohui Chen and Jiaxing He and Xu Han and Li-Ping Liu},
      year={2023},
      eprint={2305.04111},
      archivePrefix={arXiv},
      primaryClass={cs.LG},
      url={https://arxiv.org/abs/2305.04111}, 
}

@misc{corso2023diffdockdiffusionstepstwists,
      title={DiffDock: Diffusion Steps, Twists, and Turns for Molecular Docking}, 
      author={Gabriele Corso and Hannes St√§rk and Bowen Jing and Regina Barzilay and Tommi Jaakkola},
      year={2023},
      eprint={2210.01776},
      archivePrefix={arXiv},
      primaryClass={q-bio.BM},
      url={https://arxiv.org/abs/2210.01776}, 
}

@article{dhariwal2021diffusion,
  title={Diffusion models beat gans on image synthesis},
  author={Dhariwal, Prafulla and Nichol, Alexander},
  journal={Advances in neural information processing systems},
  volume={34},
  pages={8780--8794},
  year={2021}
}

@article{duhrkop2015csifingerid,
  title={Searching molecular structure databases with tandem mass spectra using CSI: FingerID},
  author={D{\"u}hrkop, Kai and Shen, Huibin and Meusel, Marvin and Rousu, Juho and B{\"o}cker, Sebastian},
  journal={Proceedings of the National Academy of Sciences},
  volume={112},
  number={41},
  pages={12580--12585},
  year={2015},
  publisher={National Acad Sciences}
}

@article{flam2022scalable,
  title={Scalable fragment-based 3d molecular design with reinforcement learning},
  author={Flam-Shepherd, Daniel and Zhigalin, Alexander and Aspuru-Guzik, Al{\'a}n},
  journal={arXiv preprint arXiv:2202.00658},
  year={2022}
}

@article{goldman2023mist,
  title={Annotating metabolite mass spectra with domain-inspired chemical formula transformers},
  author={Goldman, Samuel and Wohlwend, Jeremy and Stra{\v{z}}ar, Martin and Haroush, Guy and Xavier, Ramnik J and Coley, Connor W},
  journal={Nature Machine Intelligence},
  volume={5},
  number={9},
  pages={965--979},
  year={2023},
  publisher={Nature Publishing Group UK London}
}

@article{goldman2023mist-cf,
  title={MIST-CF: Chemical formula inference from tandem mass spectra},
  author={Goldman, Samuel and Xin, Jiayi and Provenzano, Joules and Coley, Connor W},
  journal={Journal of Chemical Information and Modeling},
  volume={64},
  number={7},
  pages={2421--2431},
  year={2023},
  publisher={ACS Publications}
}

@article{goldman2024iceberg,
  title={Generating molecular fragmentation graphs with autoregressive neural networks},
  author={Goldman, Samuel and Li, Janet and Coley, Connor W},
  journal={Analytical Chemistry},
  volume={96},
  number={8},
  pages={3419--3428},
  year={2024},
  publisher={ACS Publications}
}

@article{gomez2018automatic,
  title={Automatic chemical design using a data-driven continuous representation of molecules},
  author={G{\'o}mez-Bombarelli, Rafael and Wei, Jennifer N and Duvenaud, David and Hern{\'a}ndez-Lobato, Jos{\'e} Miguel and S{\'a}nchez-Lengeling, Benjam{\'\i}n and Sheberla, Dennis and Aguilera-Iparraguirre, Jorge and Hirzel, Timothy D and Adams, Ryan P and Aspuru-Guzik, Al{\'a}n},
  journal={ACS central science},
  volume={4},
  number={2},
  pages={268--276},
  year={2018},
  publisher={ACS Publications}
}

@misc{ho2020denoisingdiffusionprobabilisticmodels,
      title={Denoising Diffusion Probabilistic Models}, 
      author={Jonathan Ho and Ajay Jain and Pieter Abbeel},
      year={2020},
      eprint={2006.11239},
      archivePrefix={arXiv},
      primaryClass={cs.LG},
      url={https://arxiv.org/abs/2006.11239}, 
}

@article{ho2022classifier,
  title={Classifier-free diffusion guidance},
  author={Ho, Jonathan and Salimans, Tim},
  journal={arXiv preprint arXiv:2207.12598},
  year={2022}
}

@article{karras2022elucidating,
  title={Elucidating the design space of diffusion-based generative models},
  author={Karras, Tero and Aittala, Miika and Aila, Timo and Laine, Samuli},
  journal={Advances in neural information processing systems},
  volume={35},
  pages={26565--26577},
  year={2022}
}

@article{le2020neuraldecipher,
  title={Neuraldecipher--reverse-engineering extended-connectivity fingerprints (ECFPs) to their molecular structures},
  author={Le, Tuan and Winter, Robin and No{\'e}, Frank and Clevert, Djork-Arn{\'e}},
  journal={Chemical science},
  volume={11},
  number={38},
  pages={10378--10389},
  year={2020},
  publisher={Royal Society of Chemistry}
}

@article{li2018learning,
  title={Learning deep generative models of graphs},
  author={Li, Yujia and Vinyals, Oriol and Dyer, Chris and Pascanu, Razvan and Battaglia, Peter},
  journal={arXiv preprint arXiv:1803.03324},
  year={2018}
}

@article{li2022diffusion,
  title={Diffusion-lm improves controllable text generation},
  author={Li, Xiang and Thickstun, John and Gulrajani, Ishaan and Liang, Percy S and Hashimoto, Tatsunori B},
  journal={Advances in Neural Information Processing Systems},
  volume={35},
  pages={4328--4343},
  year={2022}
}

@book{lindsay1980dendral,
  title={Applications of artificial intelligence for organic chemistry: the DENDRAL project},
  author={Lindsay, Robert K and B. Buchanan and E. Feigenbaum and J. Lederberg},
  publisher={McGraw-Hill Companies},
  year={1980}
}

@article{litsa2023spec2mol,
  title={An end-to-end deep learning framework for translating mass spectra to de-novo molecules},
  author={Litsa, Eleni E and Chenthamarakshan, Vijil and Das, Payel and Kavraki, Lydia E},
  journal={Communications Chemistry},
  volume={6},
  number={1},
  pages={132},
  year={2023},
  publisher={Nature Publishing Group UK London}
}

@article{liu2018constrained,
  title={Constrained graph variational autoencoders for molecule design},
  author={Liu, Qi and Allamanis, Miltiadis and Brockschmidt, Marc and Gaunt, Alexander},
  journal={Advances in neural information processing systems},
  volume={31},
  year={2018}
}

@misc{liu2022generating3dmoleculestarget,
      title={Generating 3D Molecules for Target Protein Binding}, 
      author={Meng Liu and Youzhi Luo and Kanji Uchino and Koji Maruhashi and Shuiwang Ji},
      year={2022},
      eprint={2204.09410},
      archivePrefix={arXiv},
      primaryClass={q-bio.BM},
      url={https://arxiv.org/abs/2204.09410}, 
}

@misc{lou2024discretediffusionmodelingestimating,
      title={Discrete Diffusion Modeling by Estimating the Ratios of the Data Distribution}, 
      author={Aaron Lou and Chenlin Meng and Stefano Ermon},
      year={2024},
      eprint={2310.16834},
      archivePrefix={arXiv},
      primaryClass={stat.ML},
      url={https://arxiv.org/abs/2310.16834}, 
}

@article{luo20213d,
  title={A 3D generative model for structure-based drug design},
  author={Luo, Shitong and Guan, Jiaqi and Ma, Jianzhu and Peng, Jian},
  journal={Advances in Neural Information Processing Systems},
  volume={34},
  pages={6229--6239},
  year={2021}
}

@inproceedings{luo2022autoregressive,
  title={An autoregressive flow model for 3d molecular geometry generation from scratch},
  author={Luo, Youzhi and Ji, Shuiwang},
  booktitle={International conference on learning representations (ICLR)},
  year={2022}
}

@article{morgan1965generation,
  title={The generation of a unique machine description for chemical structures-a technique developed at chemical abstracts service.},
  author={Morgan, Harry L},
  journal={Journal of chemical documentation},
  volume={5},
  number={2},
  pages={107--113},
  year={1965},
  publisher={ACS Publications}
}

@InProceedings{pmlr-v37-sohl-dickstein15,
  title = 	 {Deep Unsupervised Learning using Nonequilibrium Thermodynamics},
  author = 	 {Sohl-Dickstein, Jascha and Weiss, Eric and Maheswaranathan, Niru and Ganguli, Surya},
  booktitle = 	 {Proceedings of the 32nd International Conference on Machine Learning},
  pages = 	 {2256--2265},
  year = 	 {2015},
  editor = 	 {Bach, Francis and Blei, David},
  volume = 	 {37},
  series = 	 {Proceedings of Machine Learning Research},
  address = 	 {Lille, France},
  month = 	 {07--09 Jul},
  publisher =    {PMLR},
  pdf = 	 {http://proceedings.mlr.press/v37/sohl-dickstein15.pdf},
  url = 	 {https://proceedings.mlr.press/v37/sohl-dickstein15.html},
  abstract = 	 {A central problem in machine learning involves modeling complex data-sets using highly flexible families of probability distributions in which learning, sampling, inference, and evaluation are still analytically or computationally tractable. Here, we develop an approach that simultaneously achieves both flexibility and tractability. The essential idea, inspired by non-equilibrium statistical physics, is to systematically and slowly destroy structure in a data distribution through an iterative forward diffusion process. We then learn a reverse diffusion process that restores structure in data, yielding a highly flexible and tractable generative model of the data. This approach allows us to rapidly learn, sample from, and evaluate probabilities in deep generative models with thousands of layers or time steps, as well as to compute conditional and posterior probabilities under the learned model. We additionally release an open source reference implementation of the algorithm.}
}

@article{roney2022generating,
  title={Generating realistic 3d molecules with an equivariant conditional likelihood model},
  author={Roney, James P and Maragakis, Paul and Skopp, Peter and Shaw, David E},
  year={2022}
}

@article{saharia2022photorealistic,
  title={Photorealistic text-to-image diffusion models with deep language understanding},
  author={Saharia, Chitwan and Chan, William and Saxena, Saurabh and Li, Lala and Whang, Jay and Denton, Emily L and Ghasemipour, Kamyar and Gontijo Lopes, Raphael and Karagol Ayan, Burcu and Salimans, Tim and others},
  journal={Advances in neural information processing systems},
  volume={35},
  pages={36479--36494},
  year={2022}
}

@article{segler2018generating,
  title={Generating focused molecule libraries for drug discovery with recurrent neural networks},
  author={Segler, Marwin HS and Kogej, Thierry and Tyrchan, Christian and Waller, Mark P},
  journal={ACS central science},
  volume={4},
  number={1},
  pages={120--131},
  year={2018},
  publisher={ACS Publications}
}

@article{shrivastava2021massgenie,
  title={MassGenie: A transformer-based deep learning method for identifying small molecules from their mass spectra},
  author={Shrivastava, Aditya Divyakant and Swainston, Neil and Samanta, Soumitra and Roberts, Ivayla and Wright Muelas, Marina and Kell, Douglas B},
  journal={Biomolecules},
  volume={11},
  number={12},
  pages={1793},
  year={2021},
  publisher={MDPI}
}

@inproceedings{simonovsky2018graphvae,
  title={Graphvae: Towards generation of small graphs using variational autoencoders},
  author={Simonovsky, Martin and Komodakis, Nikos},
  booktitle={Artificial Neural Networks and Machine Learning--ICANN 2018: 27th International Conference on Artificial Neural Networks, Rhodes, Greece, October 4-7, 2018, Proceedings, Part I 27},
  pages={412--422},
  year={2018},
  organization={Springer}
}

@article{song2020score,
  title={Score-based generative modeling through stochastic differential equations},
  author={Song, Yang and Sohl-Dickstein, Jascha and Kingma, Diederik P and Kumar, Abhishek and Ermon, Stefano and Poole, Ben},
  journal={arXiv preprint arXiv:2011.13456},
  year={2020}
}

@article{stravs2022msnovelist,
  title={MSNovelist: de novo structure generation from mass spectra},
  author={Stravs, Michael A and D{\"u}hrkop, Kai and B{\"o}cker, Sebastian and Zamboni, Nicola},
  journal={Nature Methods},
  volume={19},
  number={7},
  pages={865--870},
  year={2022},
  publisher={Nature Publishing Group US New York}
}

@inproceedings{vignac2023digress,
  title={Digress: Discrete denoising diffusion for graph generation},
  author={Vignac, Clement and Krawczuk, Igor and Siraudin, Antoine and Wang, Bohan and Cevher, Volkan and Frossard, Pascal},
  booktitle={International Conference on Learning Representations (ICLR)},
  year={2023}
}

@misc{wang2025madgenmassspecattendsnovo,
      title={MADGEN: Mass-Spec attends to De Novo Molecular generation}, 
      author={Yinkai Wang and Xiaohui Chen and Liping Liu and Soha Hassoun},
      year={2025},
      eprint={2501.01950},
      archivePrefix={arXiv},
      primaryClass={cs.LG},
      url={https://arxiv.org/abs/2501.01950}, 
}

@misc{zeni2024mattergengenerativemodelinorganic,
      title={MatterGen: a generative model for inorganic materials design}, 
      author={Claudio Zeni and Robert Pinsler and Daniel Z√ºgner and Andrew Fowler and Matthew Horton and Xiang Fu and Sasha Shysheya and Jonathan Crabb√© and Lixin Sun and Jake Smith and Bichlien Nguyen and Hannes Schulz and Sarah Lewis and Chin-Wei Huang and Ziheng Lu and Yichi Zhou and Han Yang and Hongxia Hao and Jielan Li and Ryota Tomioka and Tian Xie},
      year={2024},
      eprint={2312.03687},
      archivePrefix={arXiv},
      primaryClass={cond-mat.mtrl-sci},
      url={https://arxiv.org/abs/2312.03687}, 
}

@article{zhang2023artificial,
  title={Artificial Intelligence for Science in Quantum, Atomistic, and Continuum Systems},
  author={Xuan Zhang and Limei Wang and Jacob Helwig and Youzhi Luo and Cong Fu and Yaochen Xie and {...} and Shuiwang Ji},
  journal={arXiv preprint arXiv:2307.08423},
  year={2023}
}

