@article{barron1993universal,
  title={Universal approximation bounds for superpositions of a sigmoidal function},
  author={Barron, Andrew R},
  journal={IEEE Transactions on Information theory},
  volume={39},
  number={3},
  pages={930--945},
  year={1993},
  publisher={IEEE}
}

@article{chizat2018global,
  title={On the global convergence of gradient descent for over-parameterized models using optimal transport},
  author={Chizat, Lenaic and Bach, Francis},
  journal={Advances in neural information processing systems},
  volume={31},
  year={2018}
}

@inproceedings{chizat2020implicit,
  title={Implicit bias of gradient descent for wide two-layer neural networks trained with the logistic loss},
  author={Chizat, Lenaic and Bach, Francis},
  booktitle={Conference on learning theory},
  pages={1305--1338},
  year={2020},
  organization={PMLR}
}

@article{li2020complexity,
  title={Complexity measures for neural networks with general activation functions using path-based norms},
  author={Li, Zhong and Ma, Chao and Wu, Lei},
  journal={arXiv preprint arXiv:2009.06132},
  year={2020}
}

@inproceedings{lu2020mean,
  title={A mean field analysis of deep resnet and beyond: Towards provably optimization via overparameterization from depth},
  author={Lu, Yiping and Ma, Chao and Lu, Yulong and Lu, Jianfeng and Ying, Lexing},
  booktitle={International Conference on Machine Learning},
  pages={6426--6436},
  year={2020},
  organization={PMLR}
}

@article{ma2022barron,
  title={The Barron space and the flow-induced function spaces for neural network models},
  author={Ma, Chao and Wu, Lei and others},
  journal={Constructive Approximation},
  volume={55},
  number={1},
  pages={369--406},
  year={2022},
  publisher={Springer}
}

@article{mei2018mean,
  title={A mean field view of the landscape of two-layer neural networks},
  author={Mei, Song and Montanari, Andrea and Nguyen, Phan-Minh},
  journal={Proceedings of the National Academy of Sciences},
  volume={115},
  number={33},
  pages={E7665--E7671},
  year={2018},
  publisher={National Acad Sciences}
}

@article{nitanda2021particle,
  title={Particle dual averaging: Optimization of mean field neural network with global convergence rate analysis},
  author={Nitanda, Atsushi and Wu, Denny and Suzuki, Taiji},
  journal={Advances in Neural Information Processing Systems},
  volume={34},
  pages={19608--19621},
  year={2021}
}

@article{rotskoff2018neural,
  title={Neural networks as interacting particle systems: Asymptotic convexity of the loss landscape and universal scaling of the approximation error},
  author={Rotskoff, Grant M and Vanden-Eijnden, Eric},
  journal={stat},
  volume={1050},
  pages={22},
  year={2018}
}

@book{villani2009optimal,
  title={Optimal transport: old and new},
  author={Villani, C{\'e}dric and others},
  volume={338},
  year={2009},
  publisher={Springer}
}

@article{weinan2022representation,
  title={Representation formulas and pointwise properties for Barron functions},
  author={Weinan, E and Wojtowytsch, Stephan},
  journal={Calculus of Variations and Partial Differential Equations},
  volume={61},
  number={2},
  pages={46},
  year={2022},
  publisher={Springer New York}
}

@article{wojtowytsch2020can,
  title={Can shallow neural networks beat the curse of dimensionality? a mean field training perspective},
  author={Wojtowytsch, Stephan and Weinan, E},
  journal={IEEE Transactions on Artificial Intelligence},
  volume={1},
  number={2},
  pages={121--129},
  year={2020},
  publisher={IEEE}
}

@article{wojtowytsch2020convergence,
  title={On the convergence of gradient descent training for two-layer relu-networks in the mean field regime},
  author={Wojtowytsch, Stephan},
  journal={arXiv preprint arXiv:2005.13530},
  year={2020}
}

