
@article{multiclassERM2015,
  author       = {Amit Daniely and
                  Sivan Sabato and
                  Shai Ben{-}David and
                  Shai Shalev{-}Shwartz},
  title        = {Multiclass learnability and the {ERM} principle},
  journal      = {J. Mach. Learn. Res.},
  volume       = {16},
  pages        = {2377--2404},
  year         = {2015},
  url          = {https://dl.acm.org/doi/10.5555/2789272.2912074},
  doi          = {10.5555/2789272.2912074},
  timestamp    = {Thu, 02 Jun 2022 13:58:57 +0200},
  biburl       = {https://dblp.org/rec/journals/jmlr/DanielySBS15.bib},
  bibsource    = {dblp computer science bibliography, https://dblp.org}
}

@article{krizhevsky2012imagenet,
  title={Imagenet classification with deep convolutional neural networks},
  author={Krizhevsky, Alex and Sutskever, Ilya and Hinton, Geoffrey E},
  journal={Advances in neural information processing systems},
  volume={25},
  year={2012}
}

@article{hanneke2016optimal,
author = {Hanneke, Steve},
title = {The optimal sample complexity OF PAC learning},
year = {2016},
issue_date = {January 2016},
publisher = {JMLR.org},
volume = {17},
number = {1},
issn = {1532-4435},
abstract = {This work establishes a new upper bound on the number of samples sufficient for PAC learning in the realizable case. The bound matches known lower bounds up to numerical constant factors. This solves a long-standing open problem on the sample complexity of PAC learning. The technique and analysis build on a recent breakthrough by Hans Simon.},
journal = {J. Mach. Learn. Res.},
month = {jan},
pages = {1319–1333},
numpages = {15},
keywords = {PAC learning, learning algorithm, minimax analysis, sample complexity, statistical learning theory}
}

@inproceedings{baggingOptimalPAC2023,
  author       = {Kasper Green Larsen},
  editor       = {Gergely Neu and
                  Lorenzo Rosasco},
  title        = {Bagging is an Optimal {PAC} Learner},
  booktitle    = {The Thirty Sixth Annual Conference on Learning Theory, {COLT} 2023,
                  12-15 July 2023, Bangalore, India},
  series       = {Proceedings of Machine Learning Research},
  volume       = {195},
  pages        = {450--468},
  publisher    = {{PMLR}},
  year         = {2023},
  url          = {https://proceedings.mlr.press/v195/larsen23a.html},
  timestamp    = {Wed, 06 Sep 2023 17:49:05 +0200},
  biburl       = {https://dblp.org/rec/conf/colt/Larsen23.bib},
  bibsource    = {dblp computer science bibliography, https://dblp.org}
}

@inproceedings{aden2024majority,
  title={Majority-of-Three: The Simplest Optimal Learner?},
  author={Aden-Ali, Ishaq and H{\o}andgsgaard, Mikael M{\o}ller and Larsen, Kasper Green and Zhivotovskiy, Nikita},
  booktitle={The Thirty Seventh Annual Conference on Learning Theory},
  pages={22--45},
  year={2024},
  organization={PMLR}
}

@inproceedings{brukhim2022characterization,
  title={A characterization of multiclass learnability},
  author={Brukhim, Nataly and Carmon, Daniel and Dinur, Irit and Moran, Shay and Yehudayoff, Amir},
  booktitle={2022 IEEE 63rd Annual Symposium on Foundations of Computer Science (FOCS)},
  pages={943--955},
  year={2022},
  organization={IEEE}
}

@article{haussler1994predicting,
  title={Predicting $\{$0, 1$\}$-functions on randomly drawn points},
  author={Haussler, David and Littlestone, Nick and Warmuth, Manfred K},
  journal={Information and Computation},
  volume={115},
  number={2},
  pages={248--292},
  year={1994},
  publisher={Elsevier}
}

@inproceedings{DS14,
  title={Optimal learners for multiclass problems},
  author={Daniely, Amit and Shalev-Shwartz, Shai},
  booktitle={Conference on Learning Theory},
  pages={287--316},
  year={2014},
  organization={PMLR}
}

@article{breiman1996bagging,
  title={Bagging predictors},
  author={Breiman, Leo},
  journal={Machine learning},
  volume={24},
  pages={123--140},
  year={1996},
  publisher={Springer}
}

@inproceedings{aden2023optimal,
  title={Optimal pac bounds without uniform convergence},
  author={Aden-Ali, Ishaq and Cherapanamjeri, Yeshwanth and Shetty, Abhishek and Zhivotovskiy, Nikita},
  booktitle={2023 IEEE 64th Annual Symposium on Foundations of Computer Science (FOCS)},
  pages={1203--1223},
  year={2023},
  organization={IEEE}
}

@article{couponscollectors,
author = {Kan, Natalia},
year = {2005},
month = {05},
pages = {1737-1744},
title = {Martingale approach to the coupon collection problem},
volume = {127},
journal = {Journal of Mathematical Sciences},
doi = {10.1007/s10958-005-0134-y}
}


@article{AuerO04couponscollectorslower,
  author       = {Peter Auer and
                  Ronald Ortner},
  title        = {A new {PAC} bound for intersection-closed concept classes},
  journal      = {Mach. Learn.},
  volume       = {66},
  number       = {2-3},
  pages        = {151--163},
  year         = {2007},
  url          = {https://doi.org/10.1007/s10994-006-8638-3},
  doi          = {10.1007/S10994-006-8638-3},
  timestamp    = {Thu, 14 Oct 2021 09:06:42 +0200},
  biburl       = {https://dblp.org/rec/journals/ml/AuerO07.bib},
  bibsource    = {dblp computer science bibliography, https://dblp.org}
}

@article{refNatarajan89,
  author       = {B. K. Natarajan},
  title        = {On Learning Sets and Functions},
  journal      = {Mach. Learn.},
  volume       = {4},
  pages        = {67--97},
  year         = {1989},
  url          = {https://doi.org/10.1007/BF00114804},
  doi          = {10.1007/BF00114804},
  timestamp    = {Mon, 02 Mar 2020 16:29:44 +0100},
  biburl       = {https://dblp.org/rec/journals/ml/Natarajan89.bib},
  bibsource    = {dblp computer science bibliography, https://dblp.org}
}

@article{refBen-DavidCHL95,
  author       = {Shai Ben{-}David and
                  Nicol{\`{o}} Cesa{-}Bianchi and
                  David Haussler and
                  Philip M. Long},
  title        = {Characterizations of Learnability for Classes of \{0, ..., n\}-Valued
                  Functions},
  journal      = {J. Comput. Syst. Sci.},
  volume       = {50},
  number       = {1},
  pages        = {74--86},
  year         = {1995},
  url          = {https://doi.org/10.1006/jcss.1995.1008},
  doi          = {10.1006/JCSS.1995.1008},
  timestamp    = {Tue, 16 Feb 2021 14:04:21 +0100},
  biburl       = {https://dblp.org/rec/journals/jcss/Ben-DavidCHL95.bib},
  bibsource    = {dblp computer science bibliography, https://dblp.org}
}

@article{valiant1984theory,
  title={A theory of the learnable},
  author={Valiant, Leslie G},
  journal={Communications of the ACM},
  volume={27},
  number={11},
  pages={1134--1142},
  year={1984},
  publisher={ACM New York, NY, USA}
}

@incollection{natarajan1988two,
  title={Two new frameworks for learning},
  author={Natarajan, Balas K and Tadepalli, Prasad},
  booktitle={Machine Learning Proceedings 1988},
  pages={402--415},
  year={1988},
  publisher={Elsevier}
}

@article{natarajan1989learning,
  title={On learning sets and functions},
  author={Natarajan, Balas K},
  journal={Machine Learning},
  volume={4},
  pages={67--97},
  year={1989},
  publisher={Springer}
}

@inproceedings{ben1992characterizations,
  title={Characterizations of learnability for classes of $\{$O,…, n$\}$-valued functions},
  author={Ben-David, Shai and Cesa-Bianchi, Nicolo and Long, Philip M},
  booktitle={Proceedings of the fifth annual workshop on Computational learning theory},
  pages={333--340},
  year={1992}
}

@article{haussler1995generalization,
  title={A generalization of Sauer's lemma},
  author={Haussler, David and Long, Philip M},
  journal={Journal of Combinatorial Theory, Series A},
  volume={71},
  number={2},
  pages={219--240},
  year={1995},
  publisher={Elsevier}
}

@article{rubinstein2006shifting,
  title={Shifting, one-inclusion mistake bounds and tight multiclass expected risk bounds},
  author={Rubinstein, Benjamin and Bartlett, Peter and Rubinstein, J},
  journal={Advances in Neural Information Processing Systems},
  volume={19},
  year={2006}
}

@article{daniely2012multiclass,
  title={Multiclass learning approaches: A theoretical comparison with implications},
  author={Daniely, Amit and Sabato, Sivan and Shwartz, Shai},
  journal={Advances in Neural Information Processing Systems},
  volume={25},
  year={2012}
}

@article{benedek1991learnability,
  title={Learnability with respect to fixed distributions},
  author={Benedek, Gyora M and Itai, Alon},
  journal={Theoretical Computer Science},
  volume={86},
  number={2},
  pages={377--389},
  year={1991},
  publisher={Elsevier}
}

@inproceedings{asilis2024regularization,
  title={Regularization and optimal multiclass learning},
  author={Asilis, Julian and Devic, Siddartha and Dughmi, Shaddin and Sharan, Vatsal and Teng, Shang-Hua},
  booktitle={The Thirty Seventh Annual Conference on Learning Theory},
  pages={260--310},
  year={2024},
  organization={PMLR}
}

@article{hopkins2023pac,
  title={Do PAC-Learners Learn the Marginal Distribution?},
  author={Hopkins, Max and Kane, Daniel M and Lovett, Shachar and Mahajan, Gaurav},
  journal={arXiv preprint arXiv:2302.06285},
  year={2023}
}

@article{asilis2024transductive,
  title={Transductive Learning is Compact},
  author={Asilis, Julian and Devic, Siddartha and Dughmi, Shaddin and Sharan, Vatsal and Teng, Shang-Hua},
  journal={Advances in Neural Information Processing Systems},
  volume={38},
  year={2024}
}

@article{ben2019learnability,
  title={Learnability can be undecidable},
  author={Ben-David, Shai and Hrube{\v{s}}, Pavel and Moran, Shay and Shpilka, Amir and Yehudayoff, Amir},
  journal={Nature Machine Intelligence},
  volume={1},
  number={1},
  pages={44--48},
  year={2019},
  publisher={Nature Publishing Group UK London}
}

@article{daniely2015multiclass,
  title={Multiclass learnability and the ERM principle.},
  author={Daniely, Amit and Sabato, Sivan and Ben-David, Shai and Shalev-Shwartz, Shai},
  journal={J. Mach. Learn. Res.},
  volume={16},
  number={1},
  pages={2377--2404},
  year={2015}
}

@article{BEHW89,
  title={Learnability and the Vapnik-Chervonenkis dimension},
  author={Blumer, Anselm and Ehrenfeucht, Andrzej and Haussler, David and Warmuth, Manfred K},
  journal={Journal of the ACM (JACM)},
  volume={36},
  number={4},
  pages={929--965},
  year={1989},
  publisher={ACM New York, NY, USA}
}

@book{shalev2014understanding,
  title={Understanding machine learning: From theory to algorithms},
  author={Shalev-Shwartz, Shai and Ben-David, Shai},
  year={2014},
  publisher={Cambridge university press}
}

@inproceedings{larsen2023bagging,
  title={Bagging is an optimal PAC learner},
  author={Larsen, Kasper Green},
  booktitle={The Thirty Sixth Annual Conference on Learning Theory},
  pages={450--468},
  year={2023},
  organization={PMLR}
}

@mastersthesis{lu2009fundamental,
  title={Fundamental limitations of semi-supervised learning},
  author={Lu, Tyler Tian},
  year={2009},
  school={University of Waterloo}
}

@inproceedings{ben2008does,
  title={Does Unlabeled Data Provably Help? Worst-case Analysis of the Sample Complexity of Semi-Supervised Learning.},
  author={Ben-David, Shai and Lu, Tyler and P{\'a}l, D{\'a}vid},
  booktitle={COLT},
  pages={33--44},
  year={2008}
}

@inproceedings{gopfert2019can,
  title={When can unlabeled data improve the learning rate?},
  author={G{\"o}pfert, Christina and Ben-David, Shai and Bousquet, Olivier and Gelly, Sylvain and Tolstikhin, Ilya and Urner, Ruth},
  booktitle={Conference on Learning Theory},
  pages={1500--1518},
  year={2019},
  organization={PMLR}
}


@article{van2020survey,
  title={A survey on semi-supervised learning},
  author={Van Engelen, Jesper E and Hoos, Holger H},
  journal={Machine learning},
  volume={109},
  number={2},
  pages={373--440},
  year={2020},
  publisher={Springer}
}

@article{zhu2005semi,
  title={Semi-supervised learning literature survey},
  author={Zhu, Xiaojin Jerry},
  year={2005},
  publisher={University of Wisconsin-Madison Department of Computer Sciences}
}

@misc{chapelle2006semi,
  title={Semi-Supervised Learning (Adaptive Computation and Machine Learning)},
  author={Chapelle, Olivier and Sch{\"o}lkopf, Bernhard and Zien, Alexander},
  year={2006},
  publisher={The MIT Press}
}

@article{rigollet2007generalization,
  title={Generalization Error Bounds in Semi-supervised Classification Under the Cluster Assumption.},
  author={Rigollet, Philippe},
  journal={Journal of Machine Learning Research},
  volume={8},
  number={7},
  year={2007}
}

@article{singh2008unlabeled,
  title={Unlabeled data: Now it helps, now it doesn't},
  author={Singh, Aarti and Nowak, Robert and Zhu, Jerry},
  journal={Advances in neural information processing systems},
  volume={21},
  year={2008}
}

@article{seeger2000learning,
  title={Learning with labeled and unlabeled data},
  author={Seeger, Matthias},
  year={2000}
}


@article{darnstadt2011smart,
  title={Smart PAC-learners},
  author={Darnst{\"a}dt, Malte and Simon, Hans Ulrich},
  journal={Theoretical Computer Science},
  volume={412},
  number={19},
  pages={1756--1766},
  year={2011},
  publisher={Elsevier}
}


@inproceedings{kaariainen2005generalization,
  title={Generalization error bounds using unlabeled data},
  author={K{\"a}{\"a}ri{\"a}inen, Matti},
  booktitle={Learning Theory: 18th Annual Conference on Learning Theory, COLT 2005, Bertinoro, Italy, June 27-30, 2005. Proceedings 18},
  pages={127--142},
  year={2005},
  organization={Springer}
}

@article{castelli1995exponential,
  title={On the exponential value of labeled samples},
  author={Castelli, Vittorio and Cover, Thomas M},
  journal={Pattern Recognition Letters},
  volume={16},
  number={1},
  pages={105--111},
  year={1995},
  publisher={Elsevier}
}

@article{niyogi2013manifold,
  title={Manifold Regularization and Semi-supervised Learning: Some Theoretical Analyses.},
  author={Niyogi, Partha},
  journal={Journal of Machine Learning Research},
  volume={14},
  number={5},
  year={2013}
}

@inproceedings{asilis2024open,
  title={Open Problem: Can Local Regularization Learn All Multiclass Problems?},
  author={Asilis, Julian and Devic, Siddartha and Dughmi, Shaddin and Sharan, Vatsal and Teng, Shang-Hua},
  booktitle={The Thirty Seventh Annual Conference on Learning Theory},
  pages={5301--5305},
  year={2024},
  organization={PMLR}
}

@inproceedings{bousquet2020proper,
  title={Proper learning, Helly number, and an optimal SVM bound},
  author={Bousquet, Olivier and Hanneke, Steve and Moran, Shay and Zhivotovskiy, Nikita},
  booktitle={Conference on Learning Theory},
  pages={582--609},
  year={2020},
  organization={PMLR}
}

@inproceedings{darnstadt2013unlabeled,
  title={Unlabeled data does provably help},
  author={Darnst{\"a}dt, Malte and Simon, Hans Ulrich and Sz{\"o}r{\'e}nyi, Bal{\'a}zs},
  booktitle={30th International Symposium on Theoretical Aspects of Computer Science (STACS 2013)},
  year={2013},
  organization={Schloss-Dagstuhl-Leibniz Zentrum f{\"u}r Informatik}
}

@inproceedings{agarwal2020learnability,
  title={On learnability wih computable learners},
  author={Agarwal, Sushant and Ananthakrishnan, Nivasini and Ben-David, Shai and Lechner, Tosca and Urner, Ruth},
  booktitle={Algorithmic Learning Theory},
  pages={48--60},
  year={2020},
  organization={PMLR}
}

@InProceedings{bandit-undecidable,
  title = 	 {Bandit Learnability can be Undecidable},
  author =       {Hanneke, Steve and Yang, Liu},
  booktitle = 	 {Proceedings of Thirty Sixth Conference on Learning Theory},
  pages = 	 {5813--5849},
  year = 	 {2023},
  editor = 	 {Neu, Gergely and Rosasco, Lorenzo},
  volume = 	 {195},
  series = 	 {Proceedings of Machine Learning Research},
  month = 	 {12--15 Jul},
  publisher =    {PMLR},
  pdf = 	 {https://proceedings.mlr.press/v195/hanneke23d/hanneke23d.pdf},
  url = 	 {https://proceedings.mlr.press/v195/hanneke23d.html}
}

@inproceedings{sterkenburg2022characterizations,
  title={On characterizations of learnability with computable learners},
  author={Sterkenburg, Tom F},
  booktitle={Conference on Learning Theory},
  pages={3365--3379},
  year={2022},
  organization={PMLR}
}

@inproceedings{delle2023find,
  title={Find a witness or shatter: the landscape of computable PAC learning.},
  author={Delle Rose, Valentino and Kozachinskiy, Alexander and Rojas, Crist{\'o}bal and Steifer, Tomasz},
  booktitle={The Thirty Sixth Annual Conference on Learning Theory},
  pages={511--524},
  year={2023},
  organization={PMLR}
}

@article{caro2023undecidability,
  title={From undecidability of non-triviality and finiteness to undecidability of learnability},
  author={Caro, Matthias C},
  journal={International Journal of Approximate Reasoning},
  volume={163},
  pages={109057},
  year={2023},
  publisher={Elsevier}
}

@inproceedings{hasrati2023computable,
  title={On computable online learning},
  author={Hasrati, Niki and Ben-David, Shai},
  booktitle={International Conference on Algorithmic Learning Theory},
  pages={707--725},
  year={2023},
  organization={PMLR}
}

@inproceedings{gourdeau2024computability,
  title={On the computability of robust pac learning},
  author={Gourdeau, Pascale and Tosca, Lechner and Urner, Ruth},
  booktitle={The Thirty Seventh Annual Conference on Learning Theory},
  pages={2092--2121},
  year={2024},
  organization={PMLR}
}

@inproceedings{ackerman2022computable,
  title={Computable pac learning of continuous features},
  author={Ackerman, Nathanael and Asilis, Julian and Di, Jieqi and Freer, Cameron and Tristan, Jean-Baptiste},
  booktitle={Proceedings of the 37th Annual ACM/IEEE Symposium on Logic in Computer Science},
  pages={1--12},
  year={2022}
}

@inproceedings{asilisunderstanding,
  title={Understanding Aggregations of Proper Learners in Multiclass Classification},
  author={Asilis, Julian and H{\o}gsgaard, Mikael M{\o}ller and Velegkas, Grigoris},
  booktitle={36th International Conference on Algorithmic Learning Theory},
  year={2025}
}