@inproceedings{horvitz1999principles,
author = {Horvitz, Eric},
title = {Principles of mixed-initiative user interfaces},
year = {1999},
isbn = {0201485591},
publisher = {Association for Computing Machinery},
address = {New York, NY, USA},
url = {https://doi.org/10.1145/302979.303030},
doi = {10.1145/302979.303030},
booktitle = {Proceedings of the SIGCHI Conference on Human Factors in Computing Systems},
pages = {159â€“166},
numpages = {8},
keywords = {user modeling, probability, intelligent agents, direct manipulaton, decision theory, UI design},
location = {Pittsburgh, Pennsylvania, USA},
series = {CHI '99}
}

