@article{bai2023qwen,
  title={Qwen technical report},
  author={Bai, Jinze and Bai, Shuai and Chu, Yunfei and Cui, Zeyu and Dang, Kai and Deng, Xiaodong and Fan, Yang and Ge, Wenbin and Han, Yu and Huang, Fei and others},
  journal={arXiv preprint arXiv:2309.16609},
  year={2023}
}

@article{bai2023qwen-vl,
  title={Qwen-vl: A frontier large vision-language model with versatile abilities},
  author={Bai, Jinze and Bai, Shuai and Yang, Shusheng and Wang, Shijie and Tan, Sinan and Wang, Peng and Lin, Junyang and Zhou, Chang and Zhou, Jingren},
  journal={arXiv preprint arXiv:2308.12966},
  year={2023}
}

@inproceedings{cha2024honeybee,
  title={Honeybee: Locality-enhanced projector for multimodal llm},
  author={Cha, Junbum and Kang, Wooyoung and Mun, Jonghwan and Roh, Byungseok},
  booktitle={Proceedings of the IEEE/CVF Conference on Computer Vision and Pattern Recognition},
  pages={13817--13827},
  year={2024}
}

@inproceedings{chen2024spatialvlm,
  title={Spatialvlm: Endowing vision-language models with spatial reasoning capabilities},
  author={Chen, Boyuan and Xu, Zhuo and Kirmani, Sean and Ichter, Brain and Sadigh, Dorsa and Guibas, Leonidas and Xia, Fei},
  booktitle={Proceedings of the IEEE/CVF Conference on Computer Vision and Pattern Recognition},
  pages={14455--14465},
  year={2024}
}

@inproceedings{darcet2024vit-flaw,
  title={Vision Transformers Need Registers},
  author={Darcet, Timoth{\'e}e and Oquab, Maxime and Mairal, Julien and Bojanowski, Piotr},
  booktitle={The Twelfth International Conference on Learning Representations},
  year={2024}
}

@article{dosovitskiy2020vit,
  title={An image is worth 16x16 words: Transformers for image recognition at scale},
  author={Dosovitskiy, Alexey},
  journal={arXiv preprint arXiv:2010.11929},
  year={2020}
}

@inproceedings{fu2025blink,
  title={Blink: Multimodal large language models can see but not perceive},
  author={Fu, Xingyu and Hu, Yushi and Li, Bangzheng and Feng, Yu and Wang, Haoyu and Lin, Xudong and Roth, Dan and Smith, Noah A and Ma, Wei-Chiu and Krishna, Ranjay},
  booktitle={European Conference on Computer Vision},
  pages={148--166},
  year={2025},
  organization={Springer}
}

@inproceedings{gunjal2024fdpo,
  title={Detecting and preventing hallucinations in large vision language models},
  author={Gunjal, Anisha and Yin, Jihan and Bas, Erhan},
  booktitle={Proceedings of the AAAI Conference on Artificial Intelligence},
  volume={38},
  number={16},
  pages={18135--18143},
  year={2024}
}

@inproceedings{lai2024lisa,
  title={Lisa: Reasoning segmentation via large language model},
  author={Lai, Xin and Tian, Zhuotao and Chen, Yukang and Li, Yanwei and Yuan, Yuhui and Liu, Shu and Jia, Jiaya},
  booktitle={Proceedings of the IEEE/CVF Conference on Computer Vision and Pattern Recognition},
  pages={9579--9589},
  year={2024}
}

@inproceedings{leng2024vcd,
  title={Mitigating object hallucinations in large vision-language models through visual contrastive decoding},
  author={Leng, Sicong and Zhang, Hang and Chen, Guanzheng and Li, Xin and Lu, Shijian and Miao, Chunyan and Bing, Lidong},
  booktitle={Proceedings of the IEEE/CVF Conference on Computer Vision and Pattern Recognition},
  pages={13872--13882},
  year={2024}
}

@inproceedings{li2023cd,
  title={Contrastive Decoding: Open-ended Text Generation as Optimization},
  author={Li, Xiang Lisa and Holtzman, Ari and Fried, Daniel and Liang, Percy and Eisner, Jason and Hashimoto, Tatsunori B and Zettlemoyer, Luke and Lewis, Mike},
  booktitle={Proceedings of the 61st Annual Meeting of the Association for Computational Linguistics (Volume 1: Long Papers)},
  pages={12286--12312},
  year={2023}
}

@inproceedings{liu2024improved-llava,
  title={Improved baselines with visual instruction tuning},
  author={Liu, Haotian and Li, Chunyuan and Li, Yuheng and Lee, Yong Jae},
  booktitle={Proceedings of the IEEE/CVF Conference on Computer Vision and Pattern Recognition},
  pages={26296--26306},
  year={2024}
}

@article{liu2024llava,
  title={Visual instruction tuning},
  author={Liu, Haotian and Li, Chunyuan and Wu, Qingyang and Lee, Yong Jae},
  journal={Advances in neural information processing systems},
  volume={36},
  year={2024}
}

@misc{liu2024llavanext,
    title={LLaVA-NeXT: Improved reasoning, OCR, and world knowledge},
    url={https://llava-vl.github.io/blog/2024-01-30-llava-next/},
    author={Liu, Haotian and Li, Chunyuan and Li, Yuheng and Li, Bo and Zhang, Yuanhan and Shen, Sheng and Lee, Yong Jae},
    month={January},
    year={2024}
}

@inproceedings{liu2025pai,
  title={Paying more attention to image: A training-free method for alleviating hallucination in lvlms},
  author={Liu, Shi and Zheng, Kecheng and Chen, Wei},
  booktitle={European Conference on Computer Vision},
  pages={125--140},
  year={2025},
  organization={Springer}
}

@inproceedings{radford2021clip,
  title={Learning transferable visual models from natural language supervision},
  author={Radford, Alec and Kim, Jong Wook and Hallacy, Chris and Ramesh, Aditya and Goh, Gabriel and Agarwal, Sandhini and Sastry, Girish and Askell, Amanda and Mishkin, Pamela and Clark, Jack and others},
  booktitle={International conference on machine learning},
  pages={8748--8763},
  year={2021},
  organization={PMLR}
}

@inproceedings{tong2024mmvp,
  title={Eyes wide shut? exploring the visual shortcomings of multimodal llms},
  author={Tong, Shengbang and Liu, Zhuang and Zhai, Yuexiang and Ma, Yi and LeCun, Yann and Xie, Saining},
  booktitle={Proceedings of the IEEE/CVF Conference on Computer Vision and Pattern Recognition},
  pages={9568--9578},
  year={2024}
}

@article{touvron2023llama,
  title={Llama: Open and efficient foundation language models},
  author={Touvron, Hugo and Lavril, Thibaut and Izacard, Gautier and Martinet, Xavier and Lachaux, Marie-Anne and Lacroix, Timoth{\'e}e and Rozi{\`e}re, Baptiste and Goyal, Naman and Hambro, Eric and Azhar, Faisal and others},
  journal={arXiv preprint arXiv:2302.13971},
  year={2023}
}

@misc{vicuna2023,
    title = {Vicuna: An Open-Source Chatbot Impressing GPT-4 with 90\%* ChatGPT Quality},
    url = {https://lmsys.org/blog/2023-03-30-vicuna/},
    author = {Chiang, Wei-Lin and Li, Zhuohan and Lin, Zi and Sheng, Ying and Wu, Zhanghao and Zhang, Hao and Zheng, Lianmin and Zhuang, Siyuan and Zhuang, Yonghao and Gonzalez, Joseph E. and Stoica, Ion and Xing, Eric P.},
    month = {March},
    year = {2023}
}

@article{wang2024ICD,
  title={Mitigating hallucinations in large vision-language models with instruction contrastive decoding},
  author={Wang, Xintong and Pan, Jingheng and Ding, Liang and Biemann, Chris},
  journal={arXiv preprint arXiv:2403.18715},
  year={2024}
}

@inproceedings{wu2024q-instruct,
  title={Q-instruct: Improving low-level visual abilities for multi-modality foundation models},
  author={Wu, Haoning and Zhang, Zicheng and Zhang, Erli and Chen, Chaofeng and Liao, Liang and Wang, Annan and Xu, Kaixin and Li, Chunyi and Hou, Jingwen and Zhai, Guangtao and others},
  booktitle={Proceedings of the IEEE/CVF Conference on Computer Vision and Pattern Recognition},
  pages={25490--25500},
  year={2024}
}

@inproceedings{wu2024vstar,
  title={V*: Guided Visual Search as a Core Mechanism in Multimodal LLMs},
  author={Wu, Penghao and Xie, Saining},
  booktitle={Proceedings of the IEEE/CVF Conference on Computer Vision and Pattern Recognition},
  pages={13084--13094},
  year={2024}
}

@article{yao2024deco,
  title={DeCo: Decoupling Token Compression from Semantic Abstraction in Multimodal Large Language Models},
  author={Yao, Linli and Li, Lei and Ren, Shuhuai and Wang, Lean and Liu, Yuanxin and Sun, Xu and Hou, Lu},
  journal={arXiv preprint arXiv:2405.20985},
  year={2024}
}

@inproceedings{yu2024rlhf,
  title={Rlhf-v: Towards trustworthy mllms via behavior alignment from fine-grained correctional human feedback},
  author={Yu, Tianyu and Yao, Yuan and Zhang, Haoye and He, Taiwen and Han, Yifeng and Cui, Ganqu and Hu, Jinyi and Liu, Zhiyuan and Zheng, Hai-Tao and Sun, Maosong and others},
  booktitle={Proceedings of the IEEE/CVF Conference on Computer Vision and Pattern Recognition},
  pages={13807--13816},
  year={2024}
}

@inproceedings{zhang2025llava-grounded,
  title={Llava-grounding: Grounded visual chat with large multimodal models},
  author={Zhang, Hao and Li, Hongyang and Li, Feng and Ren, Tianhe and Zou, Xueyan and Liu, Shilong and Huang, Shijia and Gao, Jianfeng and Li, Chunyuan and Yang, Jainwei and others},
  booktitle={European Conference on Computer Vision},
  pages={19--35},
  year={2025},
  organization={Springer}
}

