@article{benidis2022deep,
	title        = {{Deep Learning for Time Series Forecasting: Tutorial and Literature Survey}},
	author       = {Benidis, Konstantinos and Rangapuram, Syama Sundar and Flunkert, Valentin and Wang, Yuyang and Maddix, Danielle and Turkmen, Caner and Gasthaus, Jan and Bohlke-Schneider, Michael and Salinas, David and Stella, Lorenzo and Aubet, Fran\c{c}ois-Xavier and Callot, Laurent and Januschowski, Tim},
	year         = 2022,
	month        = {dec},
	journal      = {ACM Comput. Surv.},
	publisher    = {Association for Computing Machinery},
	address      = {New York, NY, USA},
	volume       = 55,
	number       = 6,
	doi          = {10.1145/3533382},
	issn         = {0360-0300},
	url          = {https://doi.org/10.1145/3533382},
	issue_date   = {June 2023},
	articleno    = 121,
	numpages     = 36,
	keywords     = {forecasting, Time series, neural networks}
}

@article{cini2023graphdeep,
	title        = {{Graph Deep Learning for Time Series Forecasting}},
	author       = {Cini, Andrea and Marisca, Ivan and Zambon, Daniele and Alippi, Cesare},
	year         = 2023,
	journal      = {arXiv preprint arXiv:2310.15978}
}

@inproceedings{clarkson2023distribution,
  title={Distribution free prediction sets for node classification},
  author={Clarkson, Jase},
  booktitle={International Conference on Machine Learning},
  pages={6268--6278},
  year={2023},
  organization={PMLR}
}

@article{davis2024valid,
  title={Valid Conformal Prediction for Dynamic {GNNs}},
  author={Davis, Ed and Gallagher, Ian and Lawson, Daniel John and Rubin-Delanchy, Patrick},
  journal={arXiv preprint arXiv:2405.19230},
  year={2024}
}

@article{debezenac2020normalizing,
	title        = {{Normalizing kalman filters for multivariate time series analysis}},
	author       = {de B{\'e}zenac, Emmanuel and Rangapuram, Syama Sundar and Benidis, Konstantinos and Bohlke-Schneider, Michael and Kurle, Richard and Stella, Lorenzo and Hasson, Hilaf and Gallinari, Patrick and Januschowski, Tim},
	year         = 2020,
	journal      = {Advances in Neural Information Processing Systems},
	volume       = 33,
	pages        = {2995--3007}
}

@inproceedings{gasthaus2019probabilistic,
	title        = {{Probabilistic forecasting with spline quantile function RNNs}},
	author       = {Gasthaus, Jan and Benidis, Konstantinos and Wang, Yuyang and Rangapuram, Syama Sundar and Salinas, David and Flunkert, Valentin and Januschowski, Tim},
	year         = 2019,
	booktitle    = {The 22nd international conference on artificial intelligence and statistics},
	pages        = {1901--1910},
	organization = {PMLR}
}

@article{gouttes2021probabilistic,
  title={Probabilistic time series forecasting with implicit quantile networks},
  author={Gouttes, Ad{\`e}le and Rasul, Kashif and Koren, Mateusz and Stephan, Johannes and Naghibi, Tofigh},
  journal={arXiv preprint arXiv:2107.03743},
  year={2021}
}

@article{ho2020denoising,
  title={Denoising diffusion probabilistic models},
  author={Ho, Jonathan and Jain, Ajay and Abbeel, Pieter},
  journal={Advances in neural information processing systems},
  volume={33},
  pages={6840--6851},
  year={2020}
}

@article{huang2024uncertainty,
  title={Uncertainty quantification over graph with conformalized graph neural networks},
  author={Huang, Kexin and Jin, Ying and Candes, Emmanuel and Leskovec, Jure},
  journal={Advances in Neural Information Processing Systems},
  volume={36},
  year={2024}
}

@book{hyndman2018forecasting,
	title        = {{Forecasting: principles and practice}},
	author       = {Hyndman, Rob J and Athanasopoulos, George},
	year         = 2018,
	publisher    = {OTexts}
}

@article{jiang2024spatio,
  title={Spatio-Temporal Conformal Prediction for Power Outage Data},
  author={Jiang, Hanyang and Xie, Yao and Qiu, Feng},
  journal={arXiv preprint arXiv:2411.17099},
  year={2024}
}

@article{jin2023survey,
	title        = {{A Survey on Graph Neural Networks for Time Series: Forecasting, Classification, Imputation, and Anomaly Detection}},
	author       = {Jin, Ming and Koh, Huan Yee and Wen, Qingsong and Zambon, Daniele and Alippi, Cesare and Webb, Geoffrey I and King, Irwin and Pan, Shirui},
	year         = 2023,
	journal      = {arXiv preprint arXiv:2307.03759}
}

@inproceedings{kan2022multivariate,
  title={Multivariate quantile function forecaster},
  author={Kan, Kelvin and Aubet, Fran{\c{c}}ois-Xavier and Januschowski, Tim and Park, Youngsuk and Benidis, Konstantinos and Ruthotto, Lars and Gasthaus, Jan},
  booktitle={International Conference on Artificial Intelligence and Statistics},
  pages={10603--10621},
  year={2022},
  organization={PMLR}
}

@article{mao2024valid,
  title={Valid model-free spatial prediction},
  author={Mao, Huiying and Martin, Ryan and Reich, Brian J},
  journal={Journal of the American Statistical Association},
  volume={119},
  number={546},
  pages={904--914},
  year={2024},
  publisher={Taylor \& Francis}
}

@article{meinshausen2006quantile,
  title={Quantile regression forests.},
  author={Meinshausen, Nicolai and Ridgeway, Greg},
  journal={Journal of machine learning research},
  volume={7},
  number={6},
  year={2006}
}

@inproceedings{pal2021rnn,
	title        = {{RNN with Particle Flow for Probabilistic Spatio-temporal Forecasting}},
	author       = {Pal, Soumyasundar and Ma, Liheng and Zhang, Yingxue and Coates, Mark},
	year         = 2021,
	month        = {18--24 Jul},
	booktitle    = {Proceedings of the 38th International Conference on Machine Learning},
	publisher    = {PMLR},
	series       = {Proceedings of Machine Learning Research},
	volume       = 139,
	pages        = {8336--8348}
}

@article{petropoulos2022forecasting,
title = {Forecasting: theory and practice},
journal = {International Journal of Forecasting},
volume = {38},
number = {3},
pages = {705-871},
year = {2022},
issn = {0169-2070},
doi = {https://doi.org/10.1016/j.ijforecast.2021.11.001},
author = {Fotios Petropoulos and Daniele Apiletti and Vassilios Assimakopoulos and Mohamed Zied Babai and Devon K. Barrow and Souhaib {Ben Taieb} and Christoph Bergmeir and Ricardo J. Bessa and Jakub Bijak and John E. Boylan and Jethro Browell and Claudio Carnevale and Jennifer L. Castle and Pasquale Cirillo and Michael P. Clements and Clara Cordeiro and Fernando Luiz {Cyrino Oliveira} and Shari {De Baets} and Alexander Dokumentov and Joanne Ellison and Piotr Fiszeder and Philip Hans Franses and David T. Frazier and Michael Gilliland and M. Sinan Gönül and Paul Goodwin and Luigi Grossi and Yael Grushka-Cockayne and Mariangela Guidolin and Massimo Guidolin and Ulrich Gunter and Xiaojia Guo and Renato Guseo and Nigel Harvey and David F. Hendry and Ross Hollyman and Tim Januschowski and Jooyoung Jeon and Victor Richmond R. Jose and Yanfei Kang and Anne B. Koehler and Stephan Kolassa and Nikolaos Kourentzes and Sonia Leva and Feng Li and Konstantia Litsiou and Spyros Makridakis and Gael M. Martin and Andrew B. Martinez and Sheik Meeran and Theodore Modis and Konstantinos Nikolopoulos and Dilek Önkal and Alessia Paccagnini and Anastasios Panagiotelis and Ioannis Panapakidis and Jose M. Pavía and Manuela Pedio and Diego J. Pedregal and Pierre Pinson and Patrícia Ramos and David E. Rapach and J. James Reade and Bahman Rostami-Tabar and Michał Rubaszek and Georgios Sermpinis and Han Lin Shang and Evangelos Spiliotis and Aris A. Syntetos and Priyanga Dilini Talagala and Thiyanga S. Talagala and Len Tashman and Dimitrios Thomakos and Thordis Thorarinsdottir and Ezio Todini and Juan Ramón {Trapero Arenas} and Xiaoqian Wang and Robert L. Winkler and Alisa Yusupova and Florian Ziel},
keywords = {Review, Encyclopedia, Methods, Applications, Principles, Time series, Prediction},
}

@article{rangapuram2018deep,
	title        = {{Deep state space models for time series forecasting}},
	author       = {Rangapuram, Syama Sundar and Seeger, Matthias W and Gasthaus, Jan and Stella, Lorenzo and Wang, Yuyang and Januschowski, Tim},
	year         = 2018,
	journal      = {Advances in Neural Information Processing Systems},
	volume       = 31,
	pages        = {7785--7794}
}

@inproceedings{rasul2021autoregressive,
	title        = {{Autoregressive denoising diffusion models for multivariate probabilistic time series forecasting}},
	author       = {Rasul, Kashif and Seward, Calvin and Schuster, Ingmar and Vollgraf, Roland},
	year         = 2021,
	booktitle    = {International Conference on Machine Learning},
	pages        = {8857--8868},
	organization = {PMLR}
}

@article{salinas2020deepar,
	title        = {{DeepAR: Probabilistic forecasting with autoregressive recurrent networks}},
	author       = {Salinas, David and Flunkert, Valentin and Gasthaus, Jan and Januschowski, Tim},
	year         = 2020,
	journal      = {International Journal of Forecasting},
	publisher    = {Elsevier},
	volume       = 36,
	number       = 3,
	pages        = {1181--1191}
}

@article{smyl2020hybrid,
	title        = {{A hybrid method of exponential smoothing and recurrent neural networks for time series forecasting}},
	author       = {Smyl, Slawek},
	year         = 2020,
	journal      = {International Journal of Forecasting},
	publisher    = {Elsevier},
	volume       = 36,
	number       = 1,
	pages        = {75--85}
}

@inproceedings{sun2024copula,
  title={Copula Conformal prediction for multi-step time series prediction},
  author={Sun, Sophia Huiwen and Yu, Rose},
  booktitle={The Twelfth International Conference on Learning Representations},
  year={2024}
}

@article{wen2017multi,
	title        = {{A multi-horizon quantile recurrent forecaster}},
	author       = {Wen, Ruofeng and Torkkola, Kari and Narayanaswamy, Balakrishnan and Madeka, Dhruv},
	year         = 2017,
	journal      = {arXiv preprint arXiv:1711.11053}
}

@inproceedings{wen2023diffstg,
  title={Diff{STG}: Probabilistic spatio-temporal graph forecasting with denoising diffusion models},
  author={Wen, Haomin and Lin, Youfang and Xia, Yutong and Wan, Huaiyu and Wen, Qingsong and Zimmermann, Roger and Liang, Yuxuan},
  booktitle={Proceedings of the 31st ACM International Conference on Advances in Geographic Information Systems},
  pages={1--12},
  year={2023}
}

@inproceedings{wu2021quantifying,
	title        = {{Quantifying uncertainty in deep spatiotemporal forecasting}},
	author       = {Wu, Dongxia and Gao, Liyao and Chinazzi, Matteo and Xiong, Xinyue and Vespignani, Alessandro and Ma, Yi-An and Yu, Rose},
	year         = 2021,
	booktitle    = {Proceedings of the 27th ACM SIGKDD Conference on Knowledge Discovery \& Data Mining},
	pages        = {1841--1851}
}

@inproceedings{xu2023sequential,
  title={Sequential predictive conformal inference for time series},
  author={Xu, Chen and Xie, Yao},
  booktitle={International Conference on Machine Learning},
  pages={38707--38727},
  year={2023},
  organization={PMLR}
}

@article{xu2024conformal,
  title={Conformal prediction for multi-dimensional time series by ellipsoidal sets},
  author={Xu, Chen and Jiang, Hanyang and Xie, Yao},
  journal={arXiv preprint arXiv:2403.03850},
  year={2024}
}

@article{zambon2023graph,
	title        = {{Graph state-space models}},
	author       = {Zambon, Daniele and Cini, Andrea and Livi, Lorenzo and Alippi, Cesare},
	year         = 2023,
	journal      = {arXiv preprint arXiv:2301.01741}
}

@inproceedings{zargarbashi2023conformal,
  title={Conformal prediction sets for graph neural networks},
  author={Zargarbashi, Soroush H and Antonelli, Simone and Bojchevski, Aleksandar},
  booktitle={International Conference on Machine Learning},
  pages={12292--12318},
  year={2023},
  organization={PMLR}
}

