@inproceedings{b22d,
 author = {Brown, William and Agarwal, Arpit},
 booktitle = {Advances in Neural Information Processing Systems},
 editor = {S. Koyejo and S. Mohamed and A. Agarwal and D. Belgrave and K. Cho and A. Oh},
 pages = {26066--26077},
 publisher = {Curran Associates, Inc.},
 title = {Diversified Recommendations for Agents with Adaptive Preferences},
 _url = {https://proceedings.neurips.cc/paper_files/paper/2022/file/a75db7d2ee1e4bee8fb819979b0a6cad-Paper-Conference.pdf},
 volume = {35},
 year = {2022}
}

@inproceedings{b22p,
    title = {{Performative Prediction in a Stateful World}},
    author = {Brown, Gavin and Hod, Shlomi and Kalemaj, Iden},
    booktitle = {Proceedings of The 25th International Conference on Artificial
        Intelligence and Statistics},
    pages = {6045--6061},
    year = {2022},
    editor = {Camps-Valls, Gustau and Ruiz, Francisco J. R. and Valera, Isabel},
    volume = {151},
    series = {Proceedings of Machine Learning Research},
    month = {28--30 Mar},
    publisher = {PMLR},
    pdf = {https://proceedings.mlr.press/v151/brown22a/brown22a.pdf},
    _url = {https://proceedings.mlr.press/v151/brown22a.html},
}

@article{bechavod2019equal,
  title={Equal opportunity in online classification with partial feedback},
  author={Bechavod, Yahav and Ligett, Katrina and Roth, Aaron and Waggoner, Bo and Wu, Steven Z},
  journal=NeurIPS,
  year={2019}
}

@phdthesis{c22i,
  title={The impact of information-aware routing on road traffic, from case
      studies to game-theoretical analysis and simulations},
  author={Cabannes, Theophile},
  year={2022},
  school={UC Berkeley}
}

@inproceedings{d04a,
    author = {Dalvi, Nilesh and Domingos, Pedro and Mausam and Sanghai, Sumit and Verma, Deepak},
    title = {Adversarial classification},
    year = {2004},
    isbn = {1581138881},
    publisher = {Association for Computing Machinery},
    address = {New York, NY, USA},
    _url = {https://doi.org/10.1145/1014052.1014066},
    doi = {10.1145/1014052.1014066},
    booktitle = {Proceedings of the Tenth ACM SIGKDD International Conference on Knowledge Discovery and Data Mining},
    pages = {99--108},
    numpages = {10},
    keywords = {spam detection, naive Bayes, integer linear programming, game theory, cost-sensitive learning},
    location = {Seattle, WA, USA},
    series = {KDD '04}
}

@inproceedings{d22p,
    author = {Dean, Sarah and Morgenstern, Jamie},
    title = {{Preference Dynamics Under Personalized Recommendations}},
    year = {2022},
    isbn = {9781450391504},
    publisher = {Association for Computing Machinery},
    address = {New York, NY, USA},
    _url = {https://doi.org/10.1145/3490486.3538346},
    doi = {10.1145/3490486.3538346},
    booktitle = {Proceedings of the 23rd ACM Conference on Economics and Computation},
    pages = {795â€“816},
    numpages = {22},
    keywords = {preference dynamics, recommender systems},
    location = {Boulder, CO, USA},
    series = {EC '22}
}

@InProceedings{e18r,
  title = 	 {Runaway Feedback Loops in Predictive Policing},
  author = 	 {Ensign, Danielle and Friedler, Sorelle A. and Neville, Scott and Scheidegger, Carlos and Venkatasubramanian, Suresh},
  booktitle = 	 {Proceedings of the 1st Conference on Fairness, Accountability and Transparency},
  pages = 	 {160--171},
  year = 	 {2018},
  editor = 	 {Friedler, Sorelle A. and Wilson, Christo},
  volume = 	 {81},
  series = 	 {Proceedings of Machine Learning Research},
  month = 	 {23--24 Feb},
  publisher =    {PMLR},
  pdf = 	 {http://proceedings.mlr.press/v81/ensign18a/ensign18a.pdf},
  _url = 	 {https://proceedings.mlr.press/v81/ensign18a.html},
}

@inproceedings{ensign2018runaway,
  title={Runaway feedback loops in predictive policing},
  author={Ensign, Danielle and Friedler, Sorelle A and Neville, Scott and Scheidegger, Carlos and Venkatasubramanian, Suresh},
  booktitle=FAccT,
  year={2018}
}

@inproceedings{h16s,
    author = {Hardt, Moritz and Megiddo, Nimrod and Papadimitriou, Christos and Wootters, Mary},
    title = {{Strategic Classification}},
    year = {2016},
    isbn = {9781450340571},
    publisher = {Association for Computing Machinery},
    address = {New York, NY, USA},
    _url = {https://doi.org/10.1145/2840728.2840730},
    doi = {10.1145/2840728.2840730},
    booktitle = {Proceedings of the 2016 ACM Conference on Innovations in Theoretical Computer Science},
    pages = {111--122},
    numpages = {12},
    keywords = {classification, game theory, learning theory},
    location = {Cambridge, Massachusetts, USA},
    series = {ITCS '16}
}

@article{hardt2023performative,
  title={Performative prediction: Past and future},
  author={Hardt, Moritz and Mendler-D{\"u}nner, Celestine},
  journal={arXiv preprint arXiv:2310.16608},
  year={2023}
}

@inproceedings{izzo2022learn,
  title={How to learn when data gradually reacts to your model},
  author={Izzo, Zachary and Zou, James and Ying, Lexing},
  booktitle=AISTATS,
  year={2022}
}

@article{jin2024addressing,
  title={Addressing Polarization and Unfairness in Performative Prediction},
  author={Jin, Kun and Xie, Tian and Liu, Yang and Zhang, Xueru},
  journal={arXiv preprint arXiv:2406.16756},
  year={2024}
}

@article{l76e,
    title = {{Econometric policy evaluation: A critique}},
    journal = {Carnegie-Rochester Conference Series on Public Policy},
    volume = {1},
    pages = {19-46},
    year = {1976},
    issn = {0167-2231},
    doi = {https://doi.org/10.1016/S0167-2231(76)80003-6},
    _url = {https://www.sciencedirect.com/science/article/pii/S0167223176800036},
    author = {Robert E. Lucas}
}

@inproceedings{lin2024plugin,
  title = 	 {Plug-in Performative Optimization},
  author =       {Lin, Licong and Zrnic, Tijana},
  booktitle = 	 {Proceedings of the 41st International Conference on Machine Learning},
  year = 	 {2024}
}

@inproceedings{liu2020disparate,
  title={The disparate equilibria of algorithmic decision making when individuals invest rationally},
  author={Liu, Lydia T and Wilson, Ashia and Haghtalab, Nika and Kalai, Adam Tauman and Borgs, Christian and Chayes, Jennifer},
  booktitle=FAccT,
  year={2020}
}

@ARTICLE{m19w,
  author={Macfarlane, Jane},
  journal={IEEE Spectrum}, 
  title={When apps rule the road: The proliferation of navigation apps is
      causing traffic chaos. It's time to restore order},
  year={2019},
  volume={56},
  number={10},
  pages={22-27},
  keywords={Roads;Urban areas;Automobiles;Navigation;Real-time systems;Accidents},
  doi={10.1109/MSPEC.2019.8847586}
}

@article{mendler2020stochastic,
  title={Stochastic optimization for performative prediction},
  author={Mendler-D{\"u}nner, Celestine and Perdomo, Juan and Zrnic, Tijana and Hardt, Moritz},
  journal=NeurIPS,
  year={2020}
}

@article{r22d,
    title={{Decision-Dependent Risk Minimization in Geometrically Decaying
        Dynamic Environments}},
    volume={36},
    _url={https://ojs.aaai.org/index.php/AAAI/article/view/20780},
    DOI={10.1609/aaai.v36i7.20780},
    number={7},
    journal={Proceedings of the AAAI Conference on Artificial Intelligence},
    author={Ray, Mitas and Ratliff, Lillian J. and Drusvyatskiy, Dmitriy and
        Fazel, Maryam},
    year={2022},
    month={Jun.},
    pages={8081--8088}
}

@inproceedings{ray2022decision,
  title={Decision-dependent risk minimization in geometrically decaying dynamic environments},
  author={Ray, Mitas and Ratliff, Lillian J and Drusvyatskiy, Dmitriy and Fazel, Maryam},
  booktitle=AAAI,
  year={2022}
}

@article{williams2019dynamic,
  title={Dynamic modeling and equilibria in fair decision making},
  author={Williams, Joshua and Kolter, J Zico},
  journal={arXiv preprint arXiv:1911.06837},
  year={2019}
}

