% ML venues
@string{JMLR = "Journal of Machine Learning Research (JMLR)"}
@string{ML = "Machine Learning"}
@string{NeurIPS = "Conference on Neural Information Processing Systems (NeurIPS)"}
@string{NIPS = "Conference on Neural Information Processing Systems (NIPS)"}
@string{ICML = "International Conference on Machine Learing (ICML)"}
@string{AISTATS = "Conference on Uncertainty in Artificial Intelligence (AISTATS)"}
@string{ICLR = "International Conference on Learning Representations (ICLR)"}
@string{COLT = "Conference on Computational Learning Theory (COLT)"}

@string{AAAI = "AAAI Conference on Artificial Intelligence"}
@string{ECMLPKDD = "Joint European Conference on Machine Learning and Knowledge Discovery in Databases (ECML PKDD)"}
@string{FAccT = "Conference on Fairness, Accountability, and Transparency (FAccT)"}
@string{KDD = "Conference on Knowledge Discovery and Data Mining (KDD)"}
@string{ECML = "European Conference on Machine Learning (ECML)"}
@string{UAI = "Uncertainty in Artificial Intelligence (UAI)"}

% Vision, NLP, applied ML
@string{TPAMI = "IEEE Transactions on Pattern Analysis and Machine Intelligence (T-PAMI)"}
@string{IJCV = "International Journal of Computer Vision (IJCV)"}
@string{PR = "Pattern Recognition"}
@string{PRL = "Pattern Recognition Letters"}
@string{TNN = "IEEE Transactions on Neural Networks (T-NN)"}
@string{PNAS = "Proceedings of the National Academy of Sciences (PNAS)"}
@string{CVPR = "Conference on Computer Vision and Pattern Recognition (CVPR)"}
@string{ECCV = "European Conference on Computer Vision (ECCV)"}
@string{ICCV = "International Conference on Computer Vision (ICCV)"}
@string{IJCAI = "International Joint Conference on Artificial Intelligence (IJCAI)"}
@string{MM = "International Conference on Multimedia (ACM MM)"}
@string{GCPR = "German Conference on Pattern Recognition (GCPR)"}
@string{WACV = "Winter Conference on Applications of Computer Vision (WACV)"},
@string{ACL = "Annual Meeting of the Association for Computational Linguistics (ACL)"}
@string{ICASSP = "IEEE International Conference on Acoustics, Speech and Signal Processing (ICASSP)"}
@string{ICDM = "IEEE International Conference on Data Mining (ICDM)"}
@string{ICPR = "International Conference on Pattern Recognition (ICPR)"}
@string{Interspeech = "Conference of the International Speech Communication Association (Interspeech)"}
@string{PODC = "ACM Symposium on Principles of Distributed Computing (PODC)"}
@string{SICOMP = "SIAM Journal of Computing (SICOMP)"}
@string{EMNLP = "Empirical Methods in Natural Language Processing (EMNLP)"}


@string{ITCS = "Innovations of Theoretical Computer Science (ITCS)"}
@string{FOCS = "IEEE Symposium on Foundations of Computer Science (FOCS)"}
@string{STOC = "ACM Symposium on Theory of Computing (STOC) "}
@string{SODA = "ACM-SIAM Symposium on Discrete Algorithms (SODA)"}
@string{SnP = "IEEE Symposium on Security and Privacy (S\&P)"}
@string{PODC = "ACM Symposium on Principles of Distributed Computing (PODC)"}





@inproceedings{p20p,
    title = {{Performative Prediction}},
    author = {Perdomo, Juan and Zrnic, Tijana and Mendler-D{\"u}nner, Celestine
        and Hardt, Moritz},
    booktitle = {Proceedings of the 37th International Conference on Machine
        Learning},
    pages = {7599--7609},
    year = {2020},
    editor = {III, Hal Daumé and Singh, Aarti},
    volume = {119},
    series = {Proceedings of Machine Learning Research},
    month = {13--18 Jul},
    publisher = {PMLR},
    pdf = {http://proceedings.mlr.press/v119/perdomo20a/perdomo20a.pdf},
    _url = {https://proceedings.mlr.press/v119/perdomo20a.html}
}

@inproceedings{d04a,
    author = {Dalvi, Nilesh and Domingos, Pedro and Mausam and Sanghai, Sumit and Verma, Deepak},
    title = {Adversarial classification},
    year = {2004},
    isbn = {1581138881},
    publisher = {Association for Computing Machinery},
    address = {New York, NY, USA},
    _url = {https://doi.org/10.1145/1014052.1014066},
    doi = {10.1145/1014052.1014066},
    booktitle = {Proceedings of the Tenth ACM SIGKDD International Conference on Knowledge Discovery and Data Mining},
    pages = {99--108},
    numpages = {10},
    keywords = {spam detection, naive Bayes, integer linear programming, game theory, cost-sensitive learning},
    location = {Seattle, WA, USA},
    series = {KDD '04}
}

@inproceedings{h16s,
    author = {Hardt, Moritz and Megiddo, Nimrod and Papadimitriou, Christos and Wootters, Mary},
    title = {{Strategic Classification}},
    year = {2016},
    isbn = {9781450340571},
    publisher = {Association for Computing Machinery},
    address = {New York, NY, USA},
    _url = {https://doi.org/10.1145/2840728.2840730},
    doi = {10.1145/2840728.2840730},
    booktitle = {Proceedings of the 2016 ACM Conference on Innovations in Theoretical Computer Science},
    pages = {111--122},
    numpages = {12},
    keywords = {classification, game theory, learning theory},
    location = {Cambridge, Massachusetts, USA},
    series = {ITCS '16}
}

@inproceedings{u19a,
    author = {Ustun, Berk and Spangher, Alexander and Liu, Yang},
    title = {{Actionable Recourse in Linear Classification}},
    year = {2019},
    isbn = {9781450361255},
    publisher = {Association for Computing Machinery},
    address = {New York, NY, USA},
    _url = {https://doi.org/10.1145/3287560.3287566},
    doi = {10.1145/3287560.3287566},
    booktitle = {Proceedings of the Conference on Fairness, Accountability, and
        Transparency},
    pages = {10--19},
    numpages = {10},
    keywords = {recourse, integer programming, credit scoring, classification,
        audit, accountability},
    location = {Atlanta, GA, USA},
    series = {FAT* '19}
}

@inproceedings{b22p,
    title = {{Performative Prediction in a Stateful World}},
    author = {Brown, Gavin and Hod, Shlomi and Kalemaj, Iden},
    booktitle = {Proceedings of The 25th International Conference on Artificial
        Intelligence and Statistics},
    pages = {6045--6061},
    year = {2022},
    editor = {Camps-Valls, Gustau and Ruiz, Francisco J. R. and Valera, Isabel},
    volume = {151},
    series = {Proceedings of Machine Learning Research},
    month = {28--30 Mar},
    publisher = {PMLR},
    pdf = {https://proceedings.mlr.press/v151/brown22a/brown22a.pdf},
    _url = {https://proceedings.mlr.press/v151/brown22a.html},
}

@book{s89r,
 ISBN = {9780674750968},
 _URL = {http://www.jstor.org/stable/j.ctvjnrt76},
 author = {Nancy L. Stokey and Robert E. Lucas and Edward C. Prescott},
 publisher = {Harvard University Press},
 title = {Recursive Methods in Economic Dynamics},
 urldate = {2024-03-06},
 year = {1989}
}

@book{e01l,
    _url = {https://doi.org/10.1515/9781400824267},
    title = {{Learning and Expectations in Macroeconomics}},
    author = {George W. Evans and Seppo Honkapohja},
    publisher = {Princeton University Press},
    address = {Princeton},
    doi = {doi:10.1515/9781400824267},
    isbn = {9781400824267},
    year = {2001},
    lastchecked = {2024-09-25}
}

@article{r22d,
    title={{Decision-Dependent Risk Minimization in Geometrically Decaying
        Dynamic Environments}},
    volume={36},
    _url={https://ojs.aaai.org/index.php/AAAI/article/view/20780},
    DOI={10.1609/aaai.v36i7.20780},
    number={7},
    journal={Proceedings of the AAAI Conference on Artificial Intelligence},
    author={Ray, Mitas and Ratliff, Lillian J. and Drusvyatskiy, Dmitriy and
        Fazel, Maryam},
    year={2022},
    month={Jun.},
    pages={8081--8088}
}

@article{d85c,
 ISSN = {00028282},
 _URL = {http://www.jstor.org/stable/1805621},
 author = {Paul A. David},
 journal = {The American Economic Review},
 number = {2},
 pages = {332--337},
 publisher = {American Economic Association},
 title = {{Clio and the Economics of QWERTY}},
 urldate = {2024-03-14},
 volume = {75},
 year = {1985}
}

@article{g22e,
    title={{Ensembles of Classifiers: a Bias-Variance Perspective}},
    author={Neha Gupta and Jamie Smith and Ben Adlam and Zelda E Mariet},
    journal={Transactions on Machine Learning Research},
    issn={2835-8856},
    year={2022},
    _url={https://openreview.net/forum?id=lIOQFVncY9},
    note={}
}

@article{p58t,
    author = {Phillips, A. W.},
    title = {{The Relation Between Unemployment and the Rate of Change of Money
        Wage Rates in the United Kingdom, 1861–1957}},
    journal = {Economica},
    volume = {25},
    number = {100},
    pages = {283-299},
    doi = {https://doi.org/10.1111/j.1468-0335.1958.tb00003.x},
    _url = {https://onlinelibrary.wiley.com/doi/abs/10.1111/j.1468-0335.1958.tb00003.x},
    eprint = {https://onlinelibrary.wiley.com/doi/pdf/10.1111/j.1468-0335.1958.tb00003.x},
    year = {1958}
}

@article{l76e,
    title = {{Econometric policy evaluation: A critique}},
    journal = {Carnegie-Rochester Conference Series on Public Policy},
    volume = {1},
    pages = {19-46},
    year = {1976},
    issn = {0167-2231},
    doi = {https://doi.org/10.1016/S0167-2231(76)80003-6},
    _url = {https://www.sciencedirect.com/science/article/pii/S0167223176800036},
    author = {Robert E. Lucas}
}

@book{g15m,
  title={{Monetary Policy, Inflation, and the Business Cycle: An Introduction
      to the New Keynesian Framework and Its Applications}},
  author={Gali, Jordi},
  year={2015},
  publisher={Princeton University Press}
}

@book{p15t,
  title={{The Traffic Assignment Problem: Models and Methods}},
  author={Patriksson, Michael},
  year={2015},
  publisher={Courier Dover Publications}
}

@ARTICLE{m19w,
  author={Macfarlane, Jane},
  journal={IEEE Spectrum}, 
  title={When apps rule the road: The proliferation of navigation apps is
      causing traffic chaos. It's time to restore order},
  year={2019},
  volume={56},
  number={10},
  pages={22-27},
  keywords={Roads;Urban areas;Automobiles;Navigation;Real-time systems;Accidents},
  doi={10.1109/MSPEC.2019.8847586}
}

@phdthesis{c22i,
  title={The impact of information-aware routing on road traffic, from case
      studies to game-theoretical analysis and simulations},
  author={Cabannes, Theophile},
  year={2022},
  school={UC Berkeley}
}

@inproceedings{d22p,
    author = {Dean, Sarah and Morgenstern, Jamie},
    title = {{Preference Dynamics Under Personalized Recommendations}},
    year = {2022},
    isbn = {9781450391504},
    publisher = {Association for Computing Machinery},
    address = {New York, NY, USA},
    _url = {https://doi.org/10.1145/3490486.3538346},
    doi = {10.1145/3490486.3538346},
    booktitle = {Proceedings of the 23rd ACM Conference on Economics and Computation},
    pages = {795–816},
    numpages = {22},
    keywords = {preference dynamics, recommender systems},
    location = {Boulder, CO, USA},
    series = {EC '22}
}

@inproceedings{b22d,
 author = {Brown, William and Agarwal, Arpit},
 booktitle = {Advances in Neural Information Processing Systems},
 editor = {S. Koyejo and S. Mohamed and A. Agarwal and D. Belgrave and K. Cho and A. Oh},
 pages = {26066--26077},
 publisher = {Curran Associates, Inc.},
 title = {Diversified Recommendations for Agents with Adaptive Preferences},
 _url = {https://proceedings.neurips.cc/paper_files/paper/2022/file/a75db7d2ee1e4bee8fb819979b0a6cad-Paper-Conference.pdf},
 volume = {35},
 year = {2022}
}

@InProceedings{e18r,
  title = 	 {Runaway Feedback Loops in Predictive Policing},
  author = 	 {Ensign, Danielle and Friedler, Sorelle A. and Neville, Scott and Scheidegger, Carlos and Venkatasubramanian, Suresh},
  booktitle = 	 {Proceedings of the 1st Conference on Fairness, Accountability and Transparency},
  pages = 	 {160--171},
  year = 	 {2018},
  editor = 	 {Friedler, Sorelle A. and Wilson, Christo},
  volume = 	 {81},
  series = 	 {Proceedings of Machine Learning Research},
  month = 	 {23--24 Feb},
  publisher =    {PMLR},
  pdf = 	 {http://proceedings.mlr.press/v81/ensign18a/ensign18a.pdf},
  _url = 	 {https://proceedings.mlr.press/v81/ensign18a.html},
}


@article{jin2024addressing,
  title={Addressing Polarization and Unfairness in Performative Prediction},
  author={Jin, Kun and Xie, Tian and Liu, Yang and Zhang, Xueru},
  journal={arXiv preprint arXiv:2406.16756},
  year={2024}
}


@article{hardt2023performative,
  title={Performative prediction: Past and future},
  author={Hardt, Moritz and Mendler-D{\"u}nner, Celestine},
  journal={arXiv preprint arXiv:2310.16608},
  year={2023}
}


@article{williams2019dynamic,
  title={Dynamic modeling and equilibria in fair decision making},
  author={Williams, Joshua and Kolter, J Zico},
  journal={arXiv preprint arXiv:1911.06837},
  year={2019}
}


@inproceedings{liu2020disparate,
  title={The disparate equilibria of algorithmic decision making when individuals invest rationally},
  author={Liu, Lydia T and Wilson, Ashia and Haghtalab, Nika and Kalai, Adam Tauman and Borgs, Christian and Chayes, Jennifer},
  booktitle=FAccT,
  year={2020}
}



@inproceedings{ensign2018runaway,
  title={Runaway feedback loops in predictive policing},
  author={Ensign, Danielle and Friedler, Sorelle A and Neville, Scott and Scheidegger, Carlos and Venkatasubramanian, Suresh},
  booktitle=FAccT,
  year={2018}
}



@article{bechavod2019equal,
  title={Equal opportunity in online classification with partial feedback},
  author={Bechavod, Yahav and Ligett, Katrina and Roth, Aaron and Waggoner, Bo and Wu, Steven Z},
  journal=NeurIPS,
  year={2019}
}


@article{mendler2020stochastic,
  title={Stochastic optimization for performative prediction},
  author={Mendler-D{\"u}nner, Celestine and Perdomo, Juan and Zrnic, Tijana and Hardt, Moritz},
  journal=NeurIPS,
  year={2020}
}

@inproceedings{izzo2021learn,
  title={How to learn when data reacts to your model: performative gradient descent},
  author={Izzo, Zachary and Ying, Lexing and Zou, James},
  booktitle=ICML,
  year={2021}
}

@inproceedings{izzo2022learn,
  title={How to learn when data gradually reacts to your model},
  author={Izzo, Zachary and Zou, James and Ying, Lexing},
  booktitle=AISTATS,
  year={2022}
}

@inproceedings{ray2022decision,
  title={Decision-dependent risk minimization in geometrically decaying dynamic environments},
  author={Ray, Mitas and Ratliff, Lillian J and Drusvyatskiy, Dmitriy and Fazel, Maryam},
  booktitle=AAAI,
  year={2022}
}

@article{drusvyatskiy2023stochastic,
  title={Stochastic optimization with decision-dependent distributions},
  author={Drusvyatskiy, Dmitriy and Xiao, Lin},
  journal={Mathematics of Operations Research},
  year={2023}
}

@inproceedings{lin2024plugin,
  title = 	 {Plug-in Performative Optimization},
  author =       {Lin, Licong and Zrnic, Tijana},
  booktitle = 	 {Proceedings of the 41st International Conference on Machine Learning},
  year = 	 {2024}
}

@InProceedings{l22w,
  title = 	 {{When Is Partially Observable Reinforcement Learning Not Scary?}},
  author =       {Liu, Qinghua and Chung, Alan and Szepesvari, Csaba and Jin, Chi},
  booktitle = 	 {Proceedings of Thirty Fifth Conference on Learning Theory},
  pages = 	 {5175--5220},
  year = 	 {2022},
  editor = 	 {Loh, Po-Ling and Raginsky, Maxim},
  volume = 	 {178},
  series = 	 {Proceedings of Machine Learning Research},
  month = 	 {02--05 Jul},
  publisher =    {PMLR},
  _pdf = 	 {https://proceedings.mlr.press/v178/liu22f/liu22f.pdf},
  _url = 	 {https://proceedings.mlr.press/v178/liu22f.html}
}

@article{r18t,
author = {Rodamar, Jeffery},
title = {{There ought to be a law! Campbell versus Goodhart}},
journal = {Significance},
volume = {15},
number = {6},
pages = {9--9},
_doi = {https://doi.org/10.1111/j.1740-9713.2018.01205.x},
_url = {https://rss.onlinelibrary.wiley.com/doi/abs/10.1111/j.1740-9713.2018.01205.x},
_eprint = {https://rss.onlinelibrary.wiley.com/doi/pdf/10.1111/j.1740-9713.2018.01205.x},
year = {2018}
}


@book{young2005essentials,
  title={Essentials of statistical inference},
  author={Young, G Alastair and Smith, Richard L and Smith, Richard L},
  year={2005},
  publisher={Cambridge University Press}
}
