@article{CFANet,
  author       = {Tao Zhou and
                  Yi Zhou and
                  Kelei He and
                  Chen Gong and
                  Jian Yang and
                  Huazhu Fu and
                  Dinggang Shen},
  title        = {Cross-level Feature Aggregation Network for Polyp Segmentation},
  journal      = {Pattern Recognit.},
  volume       = {140},
  pages        = {109555},
  year         = {2023}
}

@inproceedings{Dual-SAM,
  author       = {Pingping Zhang and
                  Tianyu Yan and
                  Yang Liu and
                  Huchuan Lu},
  title        = {Fantastic Animals and Where to Find Them: Segment Any Marine Animal
                  with Dual {SAM}},
  booktitle    = {{CVPR} 2024},
  pages        = {2578--2587},
  publisher    = {{IEEE}},
  year         = {2024}
}

@article{ECDNet,
  author       = {Lin Li and
                  Bo Dong and
                  Eric Rigall and
                  Tao Zhou and
                  Junyu Dong and
                  Geng Chen},
  title        = {Marine Animal Segmentation},
  journal      = {{IEEE} Trans. Circuits Syst. Video Technol.},
  volume       = {32},
  number       = {4},
  pages        = {2303--2314},
  year         = {2022}
}

@ARTICLE{Frequency_related_1,
  author={Cooley, James W. and Lewis, Peter A. W. and Welch, Peter D.},
  journal={IEEE Transactions on Education}, 
  title={The Fast Fourier Transform and Its Applications}, 
  year={1969},
  volume={12},
  number={1},
  pages={27-34}}

@INPROCEEDINGS{Frequency_related_2,
  author={Deng, G. and Cahill, L.W.},
  booktitle={1993 IEEE Conference Record Nuclear Science Symposium and Medical Imaging Conference}, 
  title={An adaptive Gaussian filter for noise reduction and edge detection}, 
  year={1993},
  volume={},
  number={},
  pages={1615-1619 vol.3}}

@inproceedings{Frequency_related_3,
  author       = {Vincent Tonkes and
                  Matthia Sabatelli},
  title        = {How Well Do Vision Transformers (VTs) Transfer to the Non-natural
                  Image Domain? An Empirical Study Involving Art Classification},
  booktitle    = {{ECCV} 2022},
  volume       = {13801},
  pages        = {234--250},
  publisher    = {Springer},
  year         = {2022}
}

@inproceedings{Frequency_related_4,
  author       = {Jiawang Bai and
                  Li Yuan and
                  Shu{-}Tao Xia and
                  Shuicheng Yan and
                  Zhifeng Li and
                  Wei Liu},
  title        = {Improving Vision Transformers by Revisiting High-Frequency Components},
  booktitle    = {{ECCV} 2022},
  volume       = {13684},
  pages        = {1--18},
  publisher    = {Springer},
  year         = {2022}
}

@inproceedings{Frequency_related_5,
  author       = {Zizheng Pan and
                  Jianfei Cai and
                  Bohan Zhuang},
  title        = {Fast Vision Transformers with HiLo Attention},
  booktitle    = {{NeurIPS} 2022},
  year         = {2022}
}

@inproceedings{Frequency_related_7,
  author       = {Shahaf E. Finder and
                  Roy Amoyal and
                  Eran Treister and
                  Oren Freifeld},
  title        = {Wavelet Convolutions for Large Receptive Fields},
  booktitle    = {{ECCV} 2024},
  volume       = {15112},
  pages        = {363--380},
  publisher    = {Springer},
  year         = {2024}
}

@article{H2Former,
  author       = {Along He and
                  Kai Wang and
                  Tao Li and
                  Chengkun Du and
                  Shuang Xia and
                  Huazhu Fu},
  title        = {H2Former: An Efficient Hierarchical Hybrid Transformer for Medical
                  Image Segmentation},
  journal      = {{IEEE} Trans. Medical Imaging},
  volume       = {42},
  number       = {9},
  pages        = {2763--2775},
  year         = {2023}
}

@inproceedings{MAS-SAM,
  author       = {Tianyu Yan and
                  Zifu Wan and
                  Xinhao Deng and
                  Pingping Zhang and
                  Yang Liu and
                  Huchuan Lu},
  title        = {{MAS-SAM:} Segment Any Marine Animal with Aggregated Features},
  booktitle    = {{IJCAI} 2024},
  pages        = {6886--6894},
  publisher    = {ijcai.org},
  year         = {2024}
}

@ARTICLE{MASNet,
  author={Fu, Zhenqi and Chen, Ruizhe and Huang, Yue and Cheng, En and Ding, Xinghao and Ma, Kai-Kuang},
  journal={IEEE Journal of Oceanic Engineering}, 
  title={MASNet: A Robust Deep Marine Animal Segmentation Network}, 
  year={2024},
  volume={49},
  number={3},
  pages={1104-1115}}

@article{Marine_Related_2,
  author       = {Gongyang Li and
                  Zhi Liu and
                  Minyu Chen and
                  Zhen Bai and
                  Weisi Lin and
                  Haibin Ling},
  title        = {Hierarchical Alternate Interaction Network for {RGB-D} Salient Object
                  Detection},
  journal      = {{IEEE} Trans. Image Process.},
  volume       = {30},
  pages        = {3528--3542},
  year         = {2021}
}

@inproceedings{SAM,
  author       = {Alexander Kirillov and
                  Eric Mintun and
                  Nikhila Ravi and
                  Hanzi Mao and
                  Chlo{\'{e}} Rolland and
                  Laura Gustafson and
                  Tete Xiao and
                  Spencer Whitehead and
                  Alexander C. Berg and
                  Wan{-}Yen Lo and
                  Piotr Doll{\'{a}}r and
                  Ross B. Girshick},
  title        = {Segment Anything},
  booktitle    = {{ICCV} 2023},
  pages        = {3992--4003},
  publisher    = {{IEEE}},
  year         = {2023}
}

@inproceedings{SPANet,
  author       = {Guhnoo Yun and
                  Juhan Yoo and
                  Kijung Kim and
                  Jeongho Lee and
                  Dong Hwan Kim},
  title        = {SPANet: Frequency-balancing Token Mixer using Spectral Pooling Aggregation
                  Modulation},
  booktitle    = {{ICCV} 2023},
  pages        = {6090--6101},
  publisher    = {{IEEE}},
  year         = {2023}
}

