@inproceedings{kvasir,
  author       = {Debesh Jha and
                  Pia H. Smedsrud and
                  Michael A. Riegler and
                  P{\aa}l Halvorsen and
                  Thomas de Lange and
                  Dag Johansen and
                  H{\aa}vard D. Johansen},
  title        = {Kvasir-SEG: {A} Segmented Polyp Dataset},
  booktitle    = {{MMM} 2020},
  pages        = {451--462},
  publisher    = {Springer},
  year         = {2020},
}
@article{ClinicDB,
  author       = {Jorge Bernal and
                  Francisco Javier S{\'{a}}nchez and
                  Gloria Fern{\'{a}}ndez{-}Esparrach and
                  Debora Gil and
                  Cristina Rodr{\'{\i}}guez de Miguel and
                  Fernando Vilari{\~{n}}o},
  title        = {{WM-DOVA} maps for accurate polyp highlighting in colonoscopy: Validation
                  vs. saliency maps from physicians},
  journal      = {Comput. Medical Imaging Graph.},
  volume       = {43},
  pages        = {99--111},
  year         = {2015}
}
@article{ColonDB,
  author       = {Nima Tajbakhsh and
                  Suryakanth R. Gurudu and
                  Jianming Liang},
  title        = {Automated Polyp Detection in Colonoscopy Videos Using Shape and Context
                  Information},
  journal      = {{IEEE} Trans. Medical Imaging},
  volume       = {35},
  number       = {2},
  pages        = {630--644},
  year         = {2016}
}
@article{CVC-300,
  author       = {David V{\'{a}}zquez and
                  Jorge Bernal and
                  Francisco Javier S{\'{a}}nchez and
                  Gloria Fern{\'{a}}ndez{-}Esparrach and
                  Antonio M. L{\'{o}}pez and
                  Adriana Romero and
                  Michal Drozdzal and
                  Aaron C. Courville},
  title        = {A Benchmark for Endoluminal Scene Segmentation of Colonoscopy Images},
  journal      = {CoRR},
  volume       = {abs/1612.00799},
  year         = {2016}
}
@article{ETIS,
  author       = {Juan Silva and
                  Aymeric Histace and
                  Olivier Romain and
                  Xavier Dray and
                  Bertrand Granado},
  title        = {Toward embedded detection of polyps in {WCE} images for early diagnosis
                  of colorectal cancer},
  journal      = {Int. J. Comput. Assist. Radiol. Surg.},
  volume       = {9},
  number       = {2},
  pages        = {283--293},
  year         = {2014}
}
@inproceedings{PraNet,
  author       = {Deng{-}Ping Fan and
                  Ge{-}Peng Ji and
                  Tao Zhou and
                  Geng Chen and
                  Huazhu Fu and
                  Jianbing Shen and
                  Ling Shao},
  title        = {PraNet: Parallel Reverse Attention Network for Polyp Segmentation},
  booktitle    = {{MICCAI} 2020},
  volume       = {12266},
  pages        = {263--273},
  publisher    = {Springer},
  year         = {2020}
}
@inproceedings{SANet,
  author       = {Jun Wei and
                  Yiwen Hu and
                  Ruimao Zhang and
                  Zhen Li and
                  S. Kevin Zhou and
                  Shuguang Cui},
  title        = {Shallow Attention Network for Polyp Segmentation},
  booktitle    = {{MICCAI} 2021},
  volume       = {12901},
  pages        = {699--708},
  publisher    = {Springer},
  year         = {2021}
}
@article{CaraNet,
  author       = {Ange Lou and
                  Shuyue Guan and
                  Murray H. Loew},
  title        = {CaraNet: Context Axial Reverse Attention Network for Segmentation
                  of Small Medical Objects},
  journal      = {CoRR},
  volume       = {abs/2301.13366},
  year         = {2023}
}
@article{CFANet,
  author       = {Tao Zhou and
                  Yi Zhou and
                  Kelei He and
                  Chen Gong and
                  Jian Yang and
                  Huazhu Fu and
                  Dinggang Shen},
  title        = {Cross-level Feature Aggregation Network for Polyp Segmentation},
  journal      = {Pattern Recognit.},
  volume       = {140},
  pages        = {109555},
  year         = {2023}
}
@article{SAM2-UNet,
  author       = {Xinyu Xiong and
                  Zihuang Wu and
                  Shuangyi Tan and
                  Wenxue Li and
                  Feilong Tang and
                  Ying Chen and
                  Siying Li and
                  Jie Ma and
                  Guanbin Li},
  title        = {SAM2-UNet: Segment Anything 2 Makes Strong Encoder for Natural and
                  Medical Image Segmentation},
  journal      = {CoRR},
  volume       = {abs/2408.08870},
  year         = {2024}
}
@inproceedings{C2FNet,
  author       = {Yujia Sun and
                  Geng Chen and
                  Tao Zhou and
                  Yi Zhang and
                  Nian Liu},
  title        = {Context-aware Cross-level Fusion Network for Camouflaged Object Detection},
  booktitle    = {{IJCAI} 2021},
  pages        = {1025--1031},
  publisher    = {ijcai.org},
  year         = {2021}
}
@inproceedings{OCENet,
  author       = {Jiawei Liu and
                  Jing Zhang and
                  Nick Barnes},
  title        = {Modeling Aleatoric Uncertainty for Camouflaged Object Detection},
  booktitle    = {{WACV} 2022},
  pages        = {2613--2622},
  publisher    = {{IEEE}},
  year         = {2022}
}
@inproceedings{ZoomNet,
  author       = {Youwei Pang and
                  Xiaoqi Zhao and
                  Tian{-}Zhu Xiang and
                  Lihe Zhang and
                  Huchuan Lu},
  title        = {Zoom In and Out: {A} Mixed-scale Triplet Network for Camouflaged Object
                  Detection},
  booktitle    = {{CVPR} 2022},
  pages        = {2150--2160},
  publisher    = {{IEEE}},
  year         = {2022}
}
@ARTICLE{MASNet,
  author={Fu, Zhenqi and Chen, Ruizhe and Huang, Yue and Cheng, En and Ding, Xinghao and Ma, Kai-Kuang},
  journal={IEEE Journal of Oceanic Engineering}, 
  title={MASNet: A Robust Deep Marine Animal Segmentation Network}, 
  year={2024},
  volume={49},
  number={3},
  pages={1104-1115}}
@inproceedings{MAS-SAM,
  author       = {Tianyu Yan and
                  Zifu Wan and
                  Xinhao Deng and
                  Pingping Zhang and
                  Yang Liu and
                  Huchuan Lu},
  title        = {{MAS-SAM:} Segment Any Marine Animal with Aggregated Features},
  booktitle    = {{IJCAI} 2024},
  pages        = {6886--6894},
  publisher    = {ijcai.org},
  year         = {2024}
}
@inproceedings{U-Net,
  author       = {Olaf Ronneberger and
                  Philipp Fischer and
                  Thomas Brox},
  title        = {U-Net: Convolutional Networks for Biomedical Image Segmentation},
  booktitle    = {{MICCAI} 2015},
  volume       = {9351},
  pages        = {234--241},
  publisher    = {Springer},
  year         = {2015}
}
@article{UNet++,
  author       = {Zongwei Zhou and
                  Md Mahfuzur Rahman Siddiquee and
                  Nima Tajbakhsh and
                  Jianming Liang},
  title        = {UNet++: Redesigning Skip Connections to Exploit Multiscale Features
                  in Image Segmentation},
  journal      = {{IEEE} Trans. Medical Imaging},
  volume       = {39},
  number       = {6},
  pages        = {1856--1867},
  year         = {2020}
}
@inproceedings{SFA,
  author       = {Yuqi Fang and
                  Cheng Chen and
                  Yixuan Yuan and
                  Raymond Kai{-}Yu Tong},
  title        = {Selective Feature Aggregation Network with Area-Boundary Constraints
                  for Polyp Segmentation},
  booktitle    = {{MICCAI} 2019},
  volume       = {11764},
  pages        = {302--310},
  publisher    = {Springer},
  year         = {2019}
}
@article{ACSNet,
  author       = {Ruifei Zhang and
                  Guanbin Li and
                  Zhen Li and
                  Shuguang Cui and
                  Dahong Qian and
                  Yizhou Yu},
  title        = {Adaptive Context Selection for Polyp Segmentation},
  journal      = {CoRR},
  volume       = {abs/2301.04799},
  year         = {2023}
}
@inproceedings{MSEG,
  author       = {Ting{-}Yu Liao and
                  Ching{-}Hui Yang and
                  Yu{-}Wen Lo and
                  Kuan{-}Ying Lai and
                  Po{-}Huai Shen and
                  Youn{-}Long Lin},
  title        = {HarDNet-DFUS: Enhancing Backbone and Decoder of HarDNet-MSEG for Diabetic
                  Foot Ulcer Image Segmentation},
  booktitle    = {{MICCAI} 2022},
  volume       = {13797},
  pages        = {21--30},
  publisher    = {Springer},
  year         = {2022}
}
@inproceedings{DCRNet,
  author       = {Zijin Yin and
                  Kongming Liang and
                  Zhanyu Ma and
                  Jun Guo},
  title        = {Duplex Contextual Relation Network For Polyp Segmentation},
  booktitle    = {{ISBI} 2022},
  pages        = {1--5},
  publisher    = {{IEEE}},
  year         = {2022}
}
@inproceedings{EU-Net,
  author       = {Krushi Patel and
                  Andr{\'{e}}s M. Bur and
                  Guanghui Wang},
  title        = {Enhanced U-Net: {A} Feature Enhancement Network for Polyp Segmentation},
  booktitle    = {{CRV} 2021},
  pages        = {181--188},
  publisher    = {{IEEE}},
  year         = {2021}
}
@inproceedings{MSNet,
  author       = {Xiaoqi Zhao and
                  Lihe Zhang and
                  Huchuan Lu},
  title        = {Automatic Polyp Segmentation via Multi-scale Subtraction Network},
  booktitle    = {{MICCAI} 2021},
  volume       = {12901},
  pages        = {120--130},
  publisher    = {Springer},
  year         = {2021}
}
@inproceedings{LDNet,
  author       = {Ruifei Zhang and
                  Peiwen Lai and
                  Xiang Wan and
                  De{-}Jun Fan and
                  Feng Gao and
                  Xiao{-}Jian Wu and
                  Guanbin Li},
  title        = {Lesion-Aware Dynamic Kernel for Polyp Segmentation},
  booktitle    = {{MICCAI} 2022},
  volume       = {13433},
  pages        = {99--109},
  publisher    = {Springer},
  year         = {2022}
}
@article{FAPNet,
  author       = {Tao Zhou and
                  Yi Zhou and
                  Chen Gong and
                  Jian Yang and
                  Yu Zhang},
  title        = {Feature Aggregation and Propagation Network for Camouflaged Object
                  Detection},
  journal      = {{IEEE} Trans. Image Process.},
  volume       = {31},
  pages        = {7036--7047},
  year         = {2022}
}
@inproceedings{BASNet,
  author       = {Yongri Piao and
                  Jian Wang and
                  Miao Zhang and
                  Huchuan Lu},
  title        = {MFNet: Multi-filter Directive Network for Weakly Supervised Salient
                  Object Detection},
  booktitle    = {{ICCV} 2021},
  pages        = {4116--4125},
  publisher    = {{IEEE}},
  year         = {2021}
}
@inproceedings{PFANet,
  author       = {Ting Zhao and
                  Xiangqian Wu},
  title        = {Pyramid Feature Attention Network for Saliency Detection},
  booktitle    = {{CVPR} 2019},
  pages        = {3085--3094},
  publisher    = {Computer Vision Foundation / {IEEE}},
  year         = {2019}
}
@inproceedings{SCRN,
  author       = {Zhe Wu and
                  Li Su and
                  Qingming Huang},
  title        = {Stacked Cross Refinement Network for Edge-Aware Salient Object Detection},
  booktitle    = {{ICCV} 2019},
  pages        = {7263--7272},
  publisher    = {{IEEE}},
  year         = {2019}
}
@article{U2-Net,
  author       = {Xuebin Qin and
                  Zichen Zhang and
                  Chenyang Huang and
                  Masood Dehghan and
                  Osmar R. Za{\"{\i}}ane and
                  Martin J{\"{a}}gersand},
  title        = {U\({}^{\mbox{2}}\)-Net: Going deeper with nested U-structure for salient
                  object detection},
  journal      = {Pattern Recognit.},
  volume       = {106},
  pages        = {107404},
  year         = {2020}
}
@inproceedings{SINet,
  author       = {Deng{-}Ping Fan and
                  Ge{-}Peng Ji and
                  Guolei Sun and
                  Ming{-}Ming Cheng and
                  Jianbing Shen and
                  Ling Shao},
  title        = {Camouflaged Object Detection},
  booktitle    = {{CVPR} 2020},
  pages        = {2774--2784},
  publisher    = {Computer Vision Foundation / {IEEE}},
  year         = {2020}
}
@inproceedings{PFNet,
  author       = {Haiyang Mei and
                  Ge{-}Peng Ji and
                  Ziqi Wei and
                  Xin Yang and
                  Xiaopeng Wei and
                  Deng{-}Ping Fan},
  title        = {Camouflaged Object Segmentation With Distraction Mining},
  booktitle    = {{CVPR} 2021},
  pages        = {8772--8781},
  publisher    = {Computer Vision Foundation / {IEEE}},
  year         = {2021}
}
@inproceedings{RankNet,
  author       = {Yunqiu Lv and
                  Jing Zhang and
                  Yuchao Dai and
                  Aixuan Li and
                  Bowen Liu and
                  Nick Barnes and
                  Deng{-}Ping Fan},
  title        = {Simultaneously Localize, Segment and Rank the Camouflaged Objects},
  booktitle    = {{CVPR} 2021},
  pages        = {11591--11601},
  publisher    = {Computer Vision Foundation / {IEEE}},
  year         = {2021}
}
@article{ECDNet,
  author       = {Lin Li and
                  Bo Dong and
                  Eric Rigall and
                  Tao Zhou and
                  Junyu Dong and
                  Geng Chen},
  title        = {Marine Animal Segmentation},
  journal      = {{IEEE} Trans. Circuits Syst. Video Technol.},
  volume       = {32},
  number       = {4},
  pages        = {2303--2314},
  year         = {2022}
}
@inproceedings{SETR,
  author       = {Sixiao Zheng and
                  Jiachen Lu and
                  Hengshuang Zhao and
                  Xiatian Zhu and
                  Zekun Luo and
                  Yabiao Wang and
                  Yanwei Fu and
                  Jianfeng Feng and
                  Tao Xiang and
                  Philip H. S. Torr and
                  Li Zhang},
  title        = {Rethinking Semantic Segmentation From a Sequence-to-Sequence Perspective
                  With Transformers},
  booktitle    = {{CVPR} 2021},
  pages        = {6881--6890},
  publisher    = {Computer Vision Foundation / {IEEE}},
  year         = {2021}
}
@article{TransUNet,
  author       = {Jieneng Chen and
                  Yongyi Lu and
                  Qihang Yu and
                  Xiangde Luo and
                  Ehsan Adeli and
                  Yan Wang and
                  Le Lu and
                  Alan L. Yuille and
                  Yuyin Zhou},
  title        = {TransUNet: Transformers Make Strong Encoders for Medical Image Segmentation},
  journal      = {CoRR},
  volume       = {abs/2102.04306},
  year         = {2021}
}
@article{H2Former,
  author       = {Along He and
                  Kai Wang and
                  Tao Li and
                  Chengkun Du and
                  Shuang Xia and
                  Huazhu Fu},
  title        = {H2Former: An Efficient Hierarchical Hybrid Transformer for Medical
                  Image Segmentation},
  journal      = {{IEEE} Trans. Medical Imaging},
  volume       = {42},
  number       = {9},
  pages        = {2763--2775},
  year         = {2023}
}
@inproceedings{SAM,
  author       = {Alexander Kirillov and
                  Eric Mintun and
                  Nikhila Ravi and
                  Hanzi Mao and
                  Chlo{\'{e}} Rolland and
                  Laura Gustafson and
                  Tete Xiao and
                  Spencer Whitehead and
                  Alexander C. Berg and
                  Wan{-}Yen Lo and
                  Piotr Doll{\'{a}}r and
                  Ross B. Girshick},
  title        = {Segment Anything},
  booktitle    = {{ICCV} 2023},
  pages        = {3992--4003},
  publisher    = {{IEEE}},
  year         = {2023}
}
@article{SAM-Adapter,
  author       = {Tianrun Chen and
                  Lanyun Zhu and
                  Chaotao Ding and
                  Runlong Cao and
                  Yan Wang and
                  Zejian Li and
                  Lingyun Sun and
                  Papa Mao and
                  Ying Zang},
  title        = {{SAM} Fails to Segment Anything? - SAM-Adapter: Adapting {SAM} in
                  Underperformed Scenes: Camouflage, Shadow, and More},
  journal      = {CoRR},
  volume       = {abs/2304.09148},
  year         = {2023}
}
@inproceedings{SAM-DADF,
  author       = {Yingxin Lai and
                  Zhiming Luo and
                  Zitong Yu},
  title        = {Detect Any Deepfakes: Segment Anything Meets Face Forgery Detection
                  and Localization},
  booktitle    = {{CCBR} 2023},
  volume       = {14463},
  pages        = {180--190},
  publisher    = {Springer},
  year         = {2023}
}
@inproceedings{Dual-SAM,
  author       = {Pingping Zhang and
                  Tianyu Yan and
                  Yang Liu and
                  Huchuan Lu},
  title        = {Fantastic Animals and Where to Find Them: Segment Any Marine Animal
                  with Dual {SAM}},
  booktitle    = {{CVPR} 2024},
  pages        = {2578--2587},
  publisher    = {{IEEE}},
  year         = {2024}
}
@inproceedings{I-MedSAM,
  author       = {Xiaobao Wei and
                  Jiajun Cao and
                  Yizhu Jin and
                  Ming Lu and
                  Guangyu Wang and
                  Shanghang Zhang},
  title        = {I-MedSAM: Implicit Medical Image Segmentation with Segment Anything},
  booktitle    = {{ECCV} 2024},
  volume       = {15068},
  pages        = {90--107},
  publisher    = {Springer},
  year         = {2024}
}
@article{Med-SAM,
  author       = {Junde Wu and
                  Rao Fu and
                  Huihui Fang and
                  Yuanpei Liu and
                  Zhaowei Wang and
                  Yanwu Xu and
                  Yueming Jin and
                  Tal Arbel},
  title        = {Medical {SAM} Adapter: Adapting Segment Anything Model for Medical
                  Image Segmentation},
  journal      = {CoRR},
  volume       = {abs/2304.12620},
  year         = {2023}
}
@inproceedings{UFO120,
  author       = {Md Jahidul Islam and
                  Peigen Luo and
                  Junaed Sattar},
  title        = {Simultaneous Enhancement and Super-Resolution of Underwater Imagery
                  for Improved Visual Perception},
  booktitle    = {{RSS} 2020},
  year         = {2020}
}
@article{RUWI,
  author       = {Paulo Drews Jr. and
                  Isadora de Souza and
                  Igor P. Maurell and
                  {\'{E}}glen Protas and
                  Silvia S. C. Botelho},
  title        = {Underwater image segmentation in the wild using deep learning},
  journal      = {J. Braz. Comput. Soc.},
  volume       = {27},
  number       = {1},
  pages        = {12},
  year         = {2021}
}
@ARTICLE{Frequency_related_1,
  author={Cooley, James W. and Lewis, Peter A. W. and Welch, Peter D.},
  journal={IEEE Transactions on Education}, 
  title={The Fast Fourier Transform and Its Applications}, 
  year={1969},
  volume={12},
  number={1},
  pages={27-34}}
@INPROCEEDINGS{Frequency_related_2,
  author={Deng, G. and Cahill, L.W.},
  booktitle={1993 IEEE Conference Record Nuclear Science Symposium and Medical Imaging Conference}, 
  title={An adaptive Gaussian filter for noise reduction and edge detection}, 
  year={1993},
  volume={},
  number={},
  pages={1615-1619 vol.3}}
@inproceedings{Frequency_related_3,
  author       = {Vincent Tonkes and
                  Matthia Sabatelli},
  title        = {How Well Do Vision Transformers (VTs) Transfer to the Non-natural
                  Image Domain? An Empirical Study Involving Art Classification},
  booktitle    = {{ECCV} 2022},
  volume       = {13801},
  pages        = {234--250},
  publisher    = {Springer},
  year         = {2022}
}
@inproceedings{Frequency_related_4,
  author       = {Jiawang Bai and
                  Li Yuan and
                  Shu{-}Tao Xia and
                  Shuicheng Yan and
                  Zhifeng Li and
                  Wei Liu},
  title        = {Improving Vision Transformers by Revisiting High-Frequency Components},
  booktitle    = {{ECCV} 2022},
  volume       = {13684},
  pages        = {1--18},
  publisher    = {Springer},
  year         = {2022}
}
@inproceedings{Frequency_related_5,
  author       = {Zizheng Pan and
                  Jianfei Cai and
                  Bohan Zhuang},
  title        = {Fast Vision Transformers with HiLo Attention},
  booktitle    = {{NeurIPS} 2022},
  year         = {2022}
}
@inproceedings{Frequency_related_7,
  author       = {Shahaf E. Finder and
                  Roy Amoyal and
                  Eran Treister and
                  Oren Freifeld},
  title        = {Wavelet Convolutions for Large Receptive Fields},
  booktitle    = {{ECCV} 2024},
  volume       = {15112},
  pages        = {363--380},
  publisher    = {Springer},
  year         = {2024}
}
@article{Marine_Related_2,
  author       = {Gongyang Li and
                  Zhi Liu and
                  Minyu Chen and
                  Zhen Bai and
                  Weisi Lin and
                  Haibin Ling},
  title        = {Hierarchical Alternate Interaction Network for {RGB-D} Salient Object
                  Detection},
  journal      = {{IEEE} Trans. Image Process.},
  volume       = {30},
  pages        = {3528--3542},
  year         = {2021}
}
@article{CIFAR-10,
author = {Krizhevsky, Alex},
year = {2012},
month = {05},
pages = {},
title = {Learning Multiple Layers of Features from Tiny Images},
journal = {University of Toronto}
}
@inproceedings{CSF_3,
  author       = {Kresimir Matkovic and
                  L{\'{a}}szl{\'{o}} Neumann and
                  Attila Neumann and
                  Thomas Psik and
                  Werner Purgathofer},
  title        = {Global Contrast Factor - a New Approach to Image Contrast},
  booktitle    = {{CAe} 2005},
  pages        = {159--167},
  publisher    = {Eurographics Association},
  year         = {2005}
}
@inproceedings{Adapter_1,
  author       = {Neil Houlsby and
                  Andrei Giurgiu and
                  Stanislaw Jastrzebski and
                  Bruna Morrone and
                  Quentin de Laroussilhe and
                  Andrea Gesmundo and
                  Mona Attariyan and
                  Sylvain Gelly},
  title        = {Parameter-Efficient Transfer Learning for {NLP}},
  booktitle    = {{ICML} 2019},
  volume       = {97},
  pages        = {2790--2799},
  publisher    = {{PMLR}},
  year         = {2019}
}
@article{Adapter_2,
  author       = {Zhongxi Qiu and
                  Yan Hu and
                  Heng Li and
                  Jiang Liu},
  title        = {Learnable Ophthalmology {SAM}},
  journal      = {CoRR},
  volume       = {abs/2304.13425},
  year         = {2023}
}
@inproceedings{DataSet_1,
  author       = {Jianwei Yang and
                  Chunyuan Li and
                  Xiyang Dai and
                  Jianfeng Gao},
  title        = {Focal Modulation Networks},
  booktitle    = {{NeurIPS} 2022},
  year         = {2022}
}
@inproceedings{SPANet,
  author       = {Guhnoo Yun and
                  Juhan Yoo and
                  Kijung Kim and
                  Jeongho Lee and
                  Dong Hwan Kim},
  title        = {SPANet: Frequency-balancing Token Mixer using Spectral Pooling Aggregation
                  Modulation},
  booktitle    = {{ICCV} 2023},
  pages        = {6090--6101},
  publisher    = {{IEEE}},
  year         = {2023}
}
@article{SOTA_Polyp_1,
  author       = {Tao Zhou and
                  Yizhe Zhang and
                  Yi Zhou and
                  Ye Wu and
                  Chen Gong},
  title        = {Can {SAM} Segment Polyps?},
  journal      = {CoRR},
  volume       = {abs/2304.07583},
  year         = {2023}
}
