@inproceedings{attentionisallyouneed,
    author = {Vaswani, Ashish and Shazeer, Noam and Parmar, Niki and Uszkoreit, Jakob and Jones, Llion and Gomez, Aidan N and Kaiser, \L{}ukasz and Polosukhin, Illia},
    booktitle = {Advances in Neural Information Processing Systems},
    title = {Attention is all you Need},
    url = {https://proceedings.neurips.cc/paper/2017/file/3f5ee243547dee91fbd053c1c4a845aa-Paper.pdf},
    year = {2017},
    pages = {6000â€“6010},
}

@inproceedings{rush-etal-2015-neural,
    title = "A Neural Attention Model for Abstractive Sentence Summarization",
    author = "Rush, Alexander M.  and
      Chopra, Sumit  and
      Weston, Jason",
    booktitle = "Proceedings of the 2015 Conference on Empirical Methods in Natural Language Processing",
    month = sep,
    year = "2015",
    url = "https://aclanthology.org/D15-1044",
    pages = "379--389",
}

@inproceedings{nenkova-etal-2011-automatic,
    title = "Automatic Summarization",
    author = "Nenkova, Ani  and
      Maskey, Sameer  and
      Liu, Yang",
    booktitle = "Proceedings of the 49th Annual Meeting of the Association for Computational Linguistics: Tutorial Abstracts",
    year = "2011",
    url = "https://aclanthology.org/volumes/P11-5/",
    pages = "3",
}

@inproceedings{liu-etal-2018-controlling,
    title = "Controlling Length in Abstractive Summarization Using a Convolutional Neural Network",
    author = "Liu, Yizhu  and
      Luo, Zhiyi  and
      Zhu, Kenny",
    booktitle = "Proceedings of the 2018 Conference on Empirical Methods in Natural Language Processing",
    month = oct # "-" # nov,
    year = "2018",
    url = "https://aclanthology.org/D18-1444",
    pages = "4110--4119",
}
@inproceedings{takase-okazaki-2019-positional,
    title = "Positional Encoding to Control Output Sequence Length",
    author = "Takase, Sho  and
      Okazaki, Naoaki",
    booktitle = "Proceedings of the 2019 Conference of the North {A}merican Chapter of the Association for Computational Linguistics: Human Language Technologies, Volume 1 (Long and Short Papers)",
    month = jun,
    year = "2019",
    url = "https://aclanthology.org/N19-1401",
    pages = "3999--4004",
}
@inproceedings{SutskeverVL14,
  author       = {Ilya Sutskever and
                  Oriol Vinyals and
                  Quoc V. Le},
  title        = {Sequence to Sequence Learning with Neural Networks},
  booktitle    = {Advances in Neural Information Processing Systems},
  pages        = {3104--3112},
  year         = {2014},
  url          = {https://proceedings.neurips.cc/paper/2014/hash/a14ac55a4f27472c5d894ec1c3c743d2-Abstract.html},
}

@inproceedings{gu2018nonautoregressive,
    title={Non-autoregressive neural machine translation},
    author={Jiatao Gu and James Bradbury and Caiming Xiong and Victor O.K. Li and Richard Socher},
    booktitle={International Conference on Learning Representations},
    year={2018},
    url={https://openreview.net/forum?id=B1l8BtlCb},
}

@inproceedings{lee-etal-2018-deterministic,
    title = "Deterministic non-autoregressive neural sequence modeling by iterative refinement",
    author = "Lee, Jason  and
      Mansimov, Elman  and
      Cho, Kyunghyun",
    booktitle = "Proceedings of the 2018 Conference on Empirical Methods in Natural Language Processing",
    month = oct # "-" # nov,
    year = "2018",
    url = "https://www.aclweb.org/anthology/D18-1149",
    pages = "1173--1182"
}

@inproceedings{liu-etal-2022-learning,
    title = "Learning Non-Autoregressive Models from Search for Unsupervised Sentence Summarization",
    author = "Liu, Puyuan  and
      Huang, Chenyang  and
      Mou, Lili",
    booktitle = "Proceedings of the 60th Annual Meeting of the Association for Computational Linguistics (Volume 1: Long Papers)",
    month = may,
    year = "2022",
    url = "https://aclanthology.org/2022.acl-long.545",
    pages = "7916--7929",
}
@inproceedings{su-etal-2021-non,
    title = "Non-Autoregressive Text Generation with Pre-trained Language Models",
    author = "Su, Yixuan  and
      Cai, Deng  and
      Wang, Yan  and
      Vandyke, David  and
      Baker, Simon  and
      Li, Piji  and
      Collier, Nigel",
    booktitle = "Proceedings of the 16th Conference of the European Chapter of the Association for Computational Linguistics: Main Volume",
    month = apr,
    year = "2021",
    url = "https://aclanthology.org/2021.eacl-main.18",
    pages = "234--243",
}

@inproceedings{liucharacter,
  title={A Character-Level Length-Control Algorithm for Non-Autoregressive Sentence Summarization},
  author={Liu, Puyuan and Zhang, Xiang and Mou, Lili},
  booktitle={Advances in Neural Information Processing Systems},
  year={2022},
  url={https://openreview.net/forum?id=KXybrIUJnya},
  pages={29101--29112},
}

@inproceedings{graves2006connectionist,
  title={Connectionist temporal classification: labelling unsegmented sequence data with recurrent neural networks},
  author={Graves, Alex and Fern{\'a}ndez, Santiago and Gomez, Faustino and Schmidhuber, J{\"u}rgen},
  booktitle={Proceedings of the 23rd International Conference on Machine learning},
  pages={369--376},
  year={2006},
  url={https://dl.acm.org/doi/abs/10.1145/1143844.1143891}
}
@inproceedings{huang2022directed,
  title={Directed acyclic transformer for non-autoregressive machine translation},
  author={Huang, Fei and Zhou, Hao and Liu, Yang and Li, Hang and Huang, Minlie},
  booktitle={International Conference on Machine Learning},
  pages={9410--9428},
  year={2022},
  url={https://icml.cc/virtual/2022/spotlight/17958}  
}
@inproceedings{shao-etal-2022-viterbi,
    title = "{V}iterbi Decoding of Directed Acyclic Transformer for Non-Autoregressive Machine Translation",
    author = "Shao, Chenze  and
      Ma, Zhengrui  and
      Feng, Yang",
    booktitle = "Findings of the Association for Computational Linguistics: EMNLP 2022",
    month = dec,
    year = "2022",
    url = "https://aclanthology.org/2022.findings-emnlp.322",
    pages = "4390--4397"
}

@book{bickel1977mathematical,
  title={Mathematical Statistics: Basic Ideas and Selected Topics},
  author={Bickel, P.J. and Doksum, K.A.},
  url={https://books.google.ca/books?id=M2oPAQAAMAAJ},
  year={1977},
  publisher={Holden-Day}
}
@inproceedings{zhouunderstanding,
  title={Understanding Knowledge Distillation in Non-autoregressive Machine Translation},
  author={Zhou, Chunting and Gu, Jiatao and Neubig, Graham},
  booktitle={International Conference on Learning Representations},
  year={2020}
}

@inproceedings{saharia-etal-2020-non,
    title = "Non-Autoregressive Machine Translation with Latent Alignments",
    author = "Saharia, Chitwan  and
      Chan, William  and
      Saxena, Saurabh  and
      Norouzi, Mohammad",
    booktitle = "Proceedings of the 2020 Conference on Empirical Methods in Natural Language Processing",
    month = nov,
    year = "2020",
    url = "https://aclanthology.org/2020.emnlp-main.83",
    pages = "1098--1108",
}
@inproceedings{gu-kong-2021-fully,
    title = "Fully non-autoregressive neural machine translation: Tricks of the trade",
    author = "Gu, Jiatao  and
      Kong, Xiang",
    booktitle = "Findings of the Association for Computational Linguistics: ACL-IJCNLP 2021",
    year = "2021",
    url = "https://aclanthology.org/2021.findings-acl.11",
    pages = "120--133",
}
@inproceedings{bao-etal-2021-non,
    title = "Non-autoregressive translation by learning target categorical codes",
    author = "Bao, Yu  and
      Huang, Shujian  and
      Xiao, Tong  and
      Wang, Dongqi  and
      Dai, Xinyu  and
      Chen, Jiajun",
    booktitle = "Proceedings of the 2021 Conference of the North American Chapter of the Association for Computational Linguistics: Human Language Technologies",
    year = "2021",
    url = "https://aclanthology.org/2021.naacl-main.458",
    pages = "5749--5759"
}
@inproceedings{
    zheng2021duplex,
    title={Duplex sequence-to-sequence learning for reversible machine translation},
    author={Zaixiang Zheng and Hao Zhou and Shujian Huang and Jiajun Chen and Jingjing Xu and Lei Li},
    booktitle={Advances on Neural Information Processing Systems},
    year={2021},
    url={https://openreview.net/forum?id=2BbDxFtDht7}
}
@inproceedings{hao-etal-2021-multi,
    title = "Multi-task learning with shared encoder for non-autoregressive machine translation",
    author = "Hao, Yongchang  and
      He, Shilin  and
      Jiao, Wenxiang  and
      Tu, Zhaopeng  and
      Lyu, Michael  and
      Wang, Xing",
    booktitle = "Proceedings of the 2021 Conference of the North American Chapter of the Association for Computational Linguistics: Human Language Technologies",
    year = "2021",
    url = "https://aclanthology.org/2021.naacl-main.313"
}

@inproceedings{qian2020glancing,
    title = "Glancing Transformer for non-autoregressive neural machine translation",
    author = "Qian, Lihua  and
      Zhou, Hao  and
      Bao, Yu  and
      Wang, Mingxuan  and
      Qiu, Lin  and
      Zhang, Weinan  and
      Yu, Yong  and
      Li, Lei",
    booktitle = "Proceedings of the 59th Annual Meeting of the Association for Computational Linguistics and the 11th International Joint Conference on Natural Language Processing",
    year = "2021",
    url = "https://aclanthology.org/2021.acl-long.155",
    pages = "1993--2003"
}

@inproceedings{du2021order,
  title={Order-agnostic cross entropy for non-autoregressive machine translation},
  author={Du, Cunxiao and Tu, Zhaopeng and Jiang, Jing},
  booktitle={International Conference on Machine Learning},
  pages={2849--2859},
  year={2021},
  url={https://arxiv.org/abs/2106.05093}
}

@inproceedings{huang2022non,
  title={Non-autoregressive translation with layer-wise prediction and deep supervision},
  author={Huang, Chenyang and Zhou, Hao and Za{\"\i}ane, Osmar R and Mou, Lili and Li, Lei},
  booktitle={Proceedings of the AAAI Conference on Artificial Intelligence},
  pages={10776--10784},
  url={https://ojs.aaai.org/index.php/AAAI/article/view/21323},
  year={2022}
}
% number={10},

@inproceedings{ghazvininejad-etal-2019-mask,
    title = "Mask-predict: Parallel decoding of conditional masked language models",
    author = "Ghazvininejad, Marjan  and
      Levy, Omer  and
      Liu, Yinhan  and
      Zettlemoyer, Luke",
    booktitle = "Proceedings of the 2019 Conference on Empirical Methods in Natural Language Processing and the 9th International Joint Conference on Natural Language Processing",
    year = "2019",
    url = "https://www.aclweb.org/anthology/D19-1633",
    pages = "6112--6121"
}

@inproceedings{filippova-etal-2015-sentence,
    title = "Sentence Compression by Deletion with {LSTM}s",
    author = "Filippova, Katja  and
      Alfonseca, Enrique  and
      Colmenares, Carlos A.  and
      Kaiser, Lukasz  and
      Vinyals, Oriol",
    booktitle = "Proceedings of the 2015 Conference on Empirical Methods in Natural Language Processing",
    month = sep,
    year = "2015",
    url = "https://aclanthology.org/D15-1042",
    pages = "360--368",
}
@inproceedings{zhang-etal-2018-abstractiveness,
    title = "On the Abstractiveness of Neural Document Summarization",
    author = "Zhang, Fangfang  and
      Yao, Jin-ge  and
      Yan, Rui",
    booktitle = "Proceedings of the 2018 Conference on Empirical Methods in Natural Language Processing",
    month = oct # "-" # nov,
    year = "2018",
    url = "https://aclanthology.org/D18-1089",
    doi = "10.18653/v1/D18-1089",
    pages = "785--790",
}

@inproceedings{xu-durrett-2019-neural,
    title = "Neural Extractive Text Summarization with Syntactic Compression",
    author = "Xu, Jiacheng  and
      Durrett, Greg",
    booktitle = "Proceedings of the 2019 Conference on Empirical Methods in Natural Language Processing and the 9th International Joint Conference on Natural Language Processing",
    month = nov,
    year = "2019",
    url = "https://aclanthology.org/D19-1324",
    pages = "3292--3303",
}
@inproceedings{tsvigun-etal-2022-active,
    title = "Active Learning for Abstractive Text Summarization",
    author = "Tsvigun, Akim  and
      Lysenko, Ivan  and
      Sedashov, Danila  and
      Lazichny, Ivan  and
      Damirov, Eldar  and
      Karlov, Vladimir  and
      Belousov, Artemy  and
      Sanochkin, Leonid  and
      Panov, Maxim  and
      Panchenko, Alexander  and
      Burtsev, Mikhail  and
      Shelmanov, Artem",
    booktitle = "Findings of the Association for Computational Linguistics: EMNLP 2022",
    month = dec,
    year = "2022",
    url = "https://aclanthology.org/2022.findings-emnlp.377",
    pages = "5128--5152",
}




@incollection{NEURIPS2019_9015,
  title = {PyTorch: An Imperative Style, High-Performance Deep Learning Library},
  author = {Paszke, Adam and Gross, Sam and Massa, Francisco and Lerer, Adam and Bradbury, James and Chanan, Gregory and Killeen, Trevor and Lin, Zeming and Gimelshein, Natalia and Antiga, Luca and Desmaison, Alban and Kopf, Andreas and Yang, Edward and DeVito, Zachary and Raison, Martin and Tejani, Alykhan and Chilamkurthy, Sasank and Steiner, Benoit and Fang, Lu and Bai, Junjie and Chintala, Soumith},
  booktitle = {Advances in Neural Information Processing Systems},
  pages = {8024--8035},
  year = {2019},
  url = {http://papers.neurips.cc/paper/9015-pytorch-an-imperative-style-high-performance-deep-learning-library.pdf}
}

@inproceedings{shao2022,
  title={Non-Monotonic Latent Alignments for {CTC}-Based Non-Autoregressive Machine Translation},
  author={Chenze Shao and Yang Feng},
  booktitle={Advances in Neural Information Processing Systems},
  editor={Alice H. Oh and Alekh Agarwal and Danielle Belgrave and Kyunghyun Cho},
  year={2022},
  url={https://openreview.net/forum?id=Qvh0SAPrYzH},
  pages={8159--8173},
}

@inproceedings{chuang-etal-2021-investigating,
    title = "Investigating the Reordering Capability in {CTC}-based Non-Autoregressive End-to-End Speech Translation",
    author = "Chuang, Shun-Po  and
      Chuang, Yung-Sung  and
      Chang, Chih-Chiang  and
      Lee, Hung-yi",
    booktitle = "Findings of the Association for Computational Linguistics: ACL-IJCNLP 2021",
    year = "2021",
    url = "https://aclanthology.org/2021.findings-acl.92",
    pages = "1068--1077",
}
@inproceedings{shen-etal-2004-discriminative,
    title = "Discriminative Reranking for Machine Translation",
    author = "Shen, Libin  and
      Sarkar, Anoop  and
      Och, Franz Josef",
    booktitle = "Proceedings of the Human Language Technology Conference of the North {A}merican Chapter of the Association for Computational Linguistics",
    month = may,  
    year = "2004",
    url = "https://aclanthology.org/N04-1023",
    pages = "177--184",
}

@article{huang2023directed,
    title = {Directed Acyclic Transformer Pre-training for High-quality Non-autoregressive Text Generation},
    author = {Huang, Fei and Ke, Pei and Huang, Minlie},
    journal = {Transactions of the Association for Computational Linguistics},
    volume = {11},
    pages = {941-959},
    year = {2023},
    url = {https://doi.org/10.1162/tacl\_a\_00582},
}
@article{graff2003english,
  title={English {G}igaword},
  author={Graff, David and Kong, Junbo and Chen, Ke and Maeda, Kazuaki},
  journal={Linguistic Data Consortium},
  volume={4},
  pages={34},
  year={2003},
  url={https://catalog.ldc.upenn.edu/LDC2003T05}
}

@inproceedings{schumann-etal-2020-discrete,
    title = "Discrete Optimization for Unsupervised Sentence Summarization with Word-Level Extraction",
    author = "Schumann, Raphael  and
      Mou, Lili  and
      Lu, Yao  and
      Vechtomova, Olga  and
      Markert, Katja",
    booktitle = "Proceedings of the 58th Annual Meeting of the Association for Computational Linguistics",
    month = jul,
    year = "2020",
    url = "https://aclanthology.org/2020.acl-main.452",
    pages = "5032--5042",
}
@inproceedings{ls,
  author={Szegedy, Christian and Vanhoucke, Vincent and Ioffe, Sergey and Shlens, Jon and Wojna, Zbigniew},
  booktitle={2016 IEEE Conference on Computer Vision and Pattern Recognition}, 
  title={Rethinking the Inception Architecture for Computer Vision}, 
  year={2016},
  pages={2818-2826},
  doi={10.1109/CVPR.2016.308}
}

@inproceedings{devlin-etal-2019-bert,
    title = "{BERT}: Pre-training of Deep Bidirectional Transformers for Language Understanding",
    author = "Devlin, Jacob  and
      Chang, Ming-Wei  and
      Lee, Kenton  and
      Toutanova, Kristina",
    booktitle = "Proceedings of the 2019 Conference of the North {A}merican Chapter of the Association for Computational Linguistics: Human Language Technologies, Volume 1 (Long and Short Papers)",
    month = jun,
    year = "2019",
    url = "https://aclanthology.org/N19-1423",
    pages = "4171--4186",
}
@inproceedings{zhuang-etal-2021-robustly,
    title = "A Robustly Optimized {BERT} Pre-training Approach with Post-training",
    author = "Zhuang, Liu  and
      Wayne, Lin  and
      Ya, Shi  and
      Jun, Zhao",
    booktitle = "Proceedings of the 20th Chinese National Conference on Computational Linguistics",
    month = aug,
    year = "2021",
    url = "https://aclanthology.org/2021.ccl-1.108",
    pages = "1218--1227",
}

@inproceedings{resnet,
  author={He, Kaiming and Zhang, Xiangyu and Ren, Shaoqing and Sun, Jian},
  booktitle={2016 IEEE Conference on Computer Vision and Pattern Recognition}, 
  title={Deep Residual Learning for Image Recognition}, 
  year={2016},
  pages={770-778},
  url={https://ieeexplore.ieee.org/document/7780459/}
}
@article{layernorm,
  title={Layer normalization},
  author={Ba, Jimmy Lei and Kiros, Jamie Ryan and Hinton, Geoffrey E},
  journal={arXiv preprint},
  year={2016},
  url={http://arxiv.org/abs/1607.06450},
}

@inproceedings{lin-2004-rouge,
    title = "{ROUGE}: A Package for Automatic Evaluation of Summaries",
    author = "Lin, Chin-Yew",
    booktitle = "Text Summarization Branches Out",
    month = jul,
    year = "2004",
    url = "https://aclanthology.org/W04-1013",
    pages = "74--81",
}


@article{Wagner1974TheSC,
  title={The string-to-string correction problem},
  author={Robert A. Wagner and Michael J. Fischer},
  journal={Journal of the ACM},
  year={1974},
  volume={21},
  pages={168-173},
  url={https://dl.acm.org/doi/10.1145/321796.321811}
}

@inproceedings{holtzmancurious,
  title={The Curious Case of Neural Text Degeneration},
  author={Holtzman, Ari and Buys, Jan and Du, Li and Forbes, Maxwell and Choi, Yejin},
  booktitle={International Conference on Learning Representations},
  year={2020},
  url={https://openreview.net/forum?id=rygGQyrFvH}
}

@inproceedings{meister-etal-2020-beam,
    title = "If beam search is the answer, what was the question?",
    author = "Meister, Clara  and
      Cotterell, Ryan  and
      Vieira, Tim",
    booktitle = "Proceedings of the 2020 Conference on Empirical Methods in Natural Language Processing",
    month = nov,
    year = "2020",
    url = "https://aclanthology.org/2020.emnlp-main.170",
    pages = "2173--2185",
}

@inproceedings{stahlberg-byrne-2019-nmt,
    title = "On {NMT} Search Errors and Model Errors: Cat Got Your Tongue?",
    author = "Stahlberg, Felix  and
      Byrne, Bill",
    booktitle = "Proceedings of the 2019 Conference on Empirical Methods in Natural Language Processing and the 9th International Joint Conference on Natural Language Processing",
    month = nov,
    year = "2019",
    url = "https://aclanthology.org/D19-1331",
    pages = "3356--3362",
}

@InProceedings{pmlr-v97-cohen19a,
  title = 	 {Empirical Analysis of Beam Search Performance Degradation in Neural Sequence Models},
  author =       {Cohen, Eldan and Beck, Christopher},
  booktitle = 	 {Proceedings of the 36th International Conference on Machine Learning},
  pages = 	 {1290--1299},
  year = 	 {2019},
  month = 	 {09--15 Jun},
  url = 	 {https://proceedings.mlr.press/v97/cohen19a.html},
}

@inproceedings{lee-etal-2021-discriminative,
    title = "Discriminative Reranking for Neural Machine Translation",
    author = "Lee, Ann  and
      Auli, Michael  and
      Ranzato, Marc{'}Aurelio",
    booktitle = "Proceedings of the 59th Annual Meeting of the Association for Computational Linguistics and the 11th International Joint Conference on Natural Language Processing (Volume 1: Long Papers)",
    month = aug,
    year = "2021",
    url = "https://aclanthology.org/2021.acl-long.563",
    pages = "7250--7264",
}

@inproceedings{och-etal-2004-smorgasbord,
    title = "A Smorgasbord of Features for Statistical Machine Translation",
    author = "Och, Franz Josef  and
      Gildea, Daniel  and
      Khudanpur, Sanjeev  and
      Sarkar, Anoop  and
      Yamada, Kenji  and
      Fraser, Alex  and
      Kumar, Shankar  and
      Shen, Libin  and
      Smith, David  and
      Eng, Katherine  and
      Jain, Viren  and
      Jin, Zhen  and
      Radev, Dragomir",
    booktitle = "Proceedings of the Human Language Technology Conference of the North {A}merican Chapter of the Association for Computational Linguistics",
    month = may # " 2 - " # may # " 7",
    year = "2004",
    url = "https://aclanthology.org/N04-1021",
    pages = "161--168",
}

@article{brown2020language,
  title={Language models are few-shot learners},
  author={Brown, Tom and Mann, Benjamin and Ryder, Nick and Subbiah, Melanie and Kaplan, Jared D and Dhariwal, Prafulla and Neelakantan, Arvind and Shyam, Pranav and Sastry, Girish and Askell, Amanda and others},
  journal={Advances in Neural Information Processing Systems},
  volume={33},
  pages={1877--1901},
  year={2020},
  url={https://papers.nips.cc/paper/2020/hash/1457c0d6bfcb4967418bfb8ac142f64a-Abstract.html}
}


@article{wang2023large,
  title={Large language models are not fair evaluators},
  author={Wang, Peiyi and Li, Lei and Chen, Liang and Zhu, Dawei and Lin, Binghuai and Cao, Yunbo and Liu, Qi and Liu, Tianyu and Sui, Zhifang},
  journal={ArXiv Preprint},
  url={https://arxiv.org/abs/2305.17926},
  year={2023}
}



@article{cuda,
  title={Scalable parallel programming with cuda: Is cuda the parallel programming model that application developers have been waiting for?},
  author={Nickolls, John and Buck, Ian and Garland, Michael and Skadron, Kevin},
  journal={Queue},
  volume={6},
  pages={40--53},
  year={2008},
  url={https://dl.acm.org/doi/10.1145/1365490.1365500}
}


@article{lecun2015deep,
  title={Deep learning},
  author={LeCun, Yann and Bengio, Yoshua and Hinton, Geoffrey},
  journal={Nature},
  volume={521},
  number={7553},
  pages={436--444},
  year={2015},
  url={https://www.nature.com/articles/nature14539}
}

@article{mapmpe,
author = {Park, James D. and Darwiche, Adnan},
title = {Complexity results and approximation strategies for MAP explanations},
year = {2004},
volume = {21},
number = {1},
journal = {Journal of Artificial Intelligence Research},
pages = {101â€“133},
url = {https://dl.acm.org/doi/10.5555/1622467.1622472}
}

@inproceedings{zhang-etal-2019-bridging,
    title = "Bridging the Gap between Training and Inference for Neural Machine Translation",
    author = "Zhang, Wen  and
      Feng, Yang  and
      Meng, Fandong  and
      You, Di  and
      Liu, Qun",
    editor = "Korhonen, Anna  and
      Traum, David  and
      M{\`a}rquez, Llu{\'\i}s",
    booktitle = "Proceedings of the 57th Annual Meeting of the Association for Computational Linguistics",
    month = jul,
    year = "2019",
    url = "https://aclanthology.org/P19-1426",
    pages = "4334--4343",
}

@inproceedings{bengio2015scheduled,
  title={Scheduled sampling for sequence prediction with recurrent neural networks},
  author={Bengio, Samy and Vinyals, Oriol and Jaitly, Navdeep and Shazeer, Noam},
  booktitle={Advances in Neural Information Processing Systems},
  year={2015},
  pages  = {1171--1179},
  url={https://proceedings.neurips.cc/paper/2015/file/e995f98d56967d946471af29d7bf99f1-Paper.pdf}
}


@inproceedings{dyer-etal-2013-simple,
    title = "A Simple, Fast, and Effective Reparameterization of {IBM} {M}odel 2",
    author = "Dyer, Chris  and
      Chahuneau, Victor  and
      Smith, Noah A.",
    editor = "Vanderwende, Lucy  and
      Daum{\'e} III, Hal  and
      Kirchhoff, Katrin",
    booktitle = "Proceedings of the 2013 Conference of the North {A}merican Chapter of the Association for Computational Linguistics: Human Language Technologies",
    month = jun,
    year = "2013",
    url = "https://aclanthology.org/N13-1073",
    pages = "644--648",
}

@article{liu2013variational,
  title={Variational Algorithms for Marginal MAP},
  author={Liu, Qiang and Ihler, Alexander},
  journal={Journal of Machine Learning Research},
  volume={14},
  pages={3165--3200},
  year={2013}
}

@inproceedings{de2011new,
  title={New complexity results for MAP in Bayesian networks},
  author={de Campos, Cassio P},
  booktitle={Proceedings of the International Joint Conference on Artificial Intelligence},
  pages={2100--2106},
  year={2011},
  url={https://arxiv.org/abs/1007.3884}
}

@inproceedings{bommasani-cardie-2020-intrinsic,
    title = "Intrinsic Evaluation of Summarization Datasets",
    author = "Bommasani, Rishi  and
      Cardie, Claire",
    booktitle = "Proceedings of the 2020 Conference on Empirical Methods in Natural Language Processing",
    month = nov,
    year = "2020",
    url = "https://aclanthology.org/2020.emnlp-main.649",
    pages = "8075--8096",
    
}

@inproceedings{shen-etal-2023-large,
    title = "Large Language Models are Not Yet Human-Level Evaluators for Abstractive Summarization",
    author = "Shen, Chenhui  and
      Cheng, Liying  and
      Nguyen, Xuan-Phi  and
      You, Yang  and
      Bing, Lidong",
    editor = "Bouamor, Houda  and
      Pino, Juan  and
      Bali, Kalika",
    booktitle = "Findings of the Association for Computational Linguistics: EMNLP 2023",
    month = dec,
    year = "2023",
    url = "https://aclanthology.org/2023.findings-emnlp.278",
    pages = "4215--4233",
}

@inproceedings{zheng2023large,
  title={Large language models are not robust multiple choice selectors},
  author={Zheng, Chujie and Zhou, Hao and Meng, Fandong and Zhou, Jie and Huang, Minlie},
  booktitle={International Conference on Learning Representations},
  year={2023},
  url={https://openreview.net/forum?id=shr9PXz7T0}
}


@inproceedings{ravaut-etal-2022-summareranker,
    title = "{S}umma{R}eranker: {A} Multi-Task Mixture-of-Experts Re-ranking Framework for Abstractive Summarization",
    author = "Ravaut, Mathieu  and
      Joty, Shafiq  and
      Chen, Nancy",
    editor = "Muresan, Smaranda  and
      Nakov, Preslav  and
      Villavicencio, Aline",
    booktitle = "Proceedings of the 60th Annual Meeting of the Association for Computational Linguistics (Volume 1: Long Papers)",
    month = may,
    year = "2022",
    url = "https://aclanthology.org/2022.acl-long.309",
    pages = "4504--4524",
}

@inproceedings{huang-etal-2023-multilingual,
    title = "Multilingual Non-Autoregressive Machine Translation without Knowledge Distillation",
    author = {Huang, Chenyang  and
      Huang, Fei  and
      Zheng, Zaixiang  and
      Za{\"\i}ane, Osmar  and
      Zhou, Hao  and
      Mou, Lili},
    booktitle = "Findings of the Association for Computational Linguistics: IJCNLP-AACL 2023",
    month = nov,
    year = "2023",
    url = "https://aclanthology.org/2023.findings-ijcnlp.14",
    pages = "161--170",
}


@inproceedings{huang-etal-2021-globally,
    title = "A Globally Normalized Neural Model for Semantic Parsing",
    author = {Huang, Chenyang  and
      Yang, Wei  and
      Cao, Yanshuai  and
      Za{\"\i}ane, Osmar  and
      Mou, Lili},
    booktitle = "Proceedings of the 5th Workshop on Structured Prediction for NLP",
    month = aug,
    year = "2021",
    url = "https://aclanthology.org/2021.spnlp-1.7",
    pages = "61--66",
}

@inproceedings{crf,
    author = {Lafferty, John D. and McCallum, Andrew and Pereira, Fernando C. N.},
    title = {Conditional Random Fields: {P}robabilistic Models for Segmenting and Labeling Sequence Data},
    year = {2001},
    booktitle = {Proceedings of the Eighteenth International Conference on Machine Learning},
    pages = {282â€“289},
    url = {https://dl.acm.org/doi/10.5555/645530.655813},
    numpages = {8},
}

@book{koller2009probabilistic,
  author = {Koller, D. and Friedman, N.},
  publisher = {MIT Press},
  timestamp = {2018-04-06T07:07:25.000+0200},
  title = {Probabilistic Graphical Models: Principles and Techniques},
  url = {https://books.google.co.in/books?id=7dzpHCHzNQ4C},
  year = 2009
}


@article{wen2024ebbs,
  title={{EBBS}: An Ensemble with Bi-Level Beam Search for Zero-Shot Machine Translation},
  author={Wen, Yuqiao and Shayegh, Behzad and Huang, Chenyang and Cao, Yanshuai and Mou, Lili},
    journal={arXiv preprint arXiv:2403.00144},
  year={2024},
   url={https://arxiv.org/abs/2403.00144}
}
