@inproceedings{chuang-etal-2021-investigating,
    title = "Investigating the Reordering Capability in {CTC}-based Non-Autoregressive End-to-End Speech Translation",
    author = "Chuang, Shun-Po  and
      Chuang, Yung-Sung  and
      Chang, Chih-Chiang  and
      Lee, Hung-yi",
    booktitle = "Findings of the Association for Computational Linguistics: ACL-IJCNLP 2021",
    year = "2021",
    url = "https://aclanthology.org/2021.findings-acl.92",
    pages = "1068--1077",
}

@inproceedings{graves2006connectionist,
  title={Connectionist temporal classification: labelling unsegmented sequence data with recurrent neural networks},
  author={Graves, Alex and Fern{\'a}ndez, Santiago and Gomez, Faustino and Schmidhuber, J{\"u}rgen},
  booktitle={Proceedings of the 23rd International Conference on Machine learning},
  pages={369--376},
  year={2006},
  url={https://dl.acm.org/doi/abs/10.1145/1143844.1143891}
}

@inproceedings{gu-kong-2021-fully,
    title = "Fully non-autoregressive neural machine translation: Tricks of the trade",
    author = "Gu, Jiatao  and
      Kong, Xiang",
    booktitle = "Findings of the Association for Computational Linguistics: ACL-IJCNLP 2021",
    year = "2021",
    url = "https://aclanthology.org/2021.findings-acl.11",
    pages = "120--133",
}

@inproceedings{gu2018nonautoregressive,
    title={Non-autoregressive neural machine translation},
    author={Jiatao Gu and James Bradbury and Caiming Xiong and Victor O.K. Li and Richard Socher},
    booktitle={International Conference on Learning Representations},
    year={2018},
    url={https://openreview.net/forum?id=B1l8BtlCb},
}

@inproceedings{huang-etal-2023-multilingual,
    title = "Multilingual Non-Autoregressive Machine Translation without Knowledge Distillation",
    author = {Huang, Chenyang  and
      Huang, Fei  and
      Zheng, Zaixiang  and
      Za{\"\i}ane, Osmar  and
      Zhou, Hao  and
      Mou, Lili},
    booktitle = "Findings of the Association for Computational Linguistics: IJCNLP-AACL 2023",
    month = nov,
    year = "2023",
    url = "https://aclanthology.org/2023.findings-ijcnlp.14",
    pages = "161--170",
}

@inproceedings{huang2022directed,
  title={Directed acyclic transformer for non-autoregressive machine translation},
  author={Huang, Fei and Zhou, Hao and Liu, Yang and Li, Hang and Huang, Minlie},
  booktitle={International Conference on Machine Learning},
  pages={9410--9428},
  year={2022},
  url={https://icml.cc/virtual/2022/spotlight/17958}  
}

@inproceedings{lee-etal-2018-deterministic,
    title = "Deterministic non-autoregressive neural sequence modeling by iterative refinement",
    author = "Lee, Jason  and
      Mansimov, Elman  and
      Cho, Kyunghyun",
    booktitle = "Proceedings of the 2018 Conference on Empirical Methods in Natural Language Processing",
    month = oct # "-" # nov,
    year = "2018",
    url = "https://www.aclweb.org/anthology/D18-1149",
    pages = "1173--1182"
}

@inproceedings{lee-etal-2021-discriminative,
    title = "Discriminative Reranking for Neural Machine Translation",
    author = "Lee, Ann  and
      Auli, Michael  and
      Ranzato, Marc{'}Aurelio",
    booktitle = "Proceedings of the 59th Annual Meeting of the Association for Computational Linguistics and the 11th International Joint Conference on Natural Language Processing (Volume 1: Long Papers)",
    month = aug,
    year = "2021",
    url = "https://aclanthology.org/2021.acl-long.563",
    pages = "7250--7264",
}

@inproceedings{liu-etal-2022-learning,
    title = "Learning Non-Autoregressive Models from Search for Unsupervised Sentence Summarization",
    author = "Liu, Puyuan  and
      Huang, Chenyang  and
      Mou, Lili",
    booktitle = "Proceedings of the 60th Annual Meeting of the Association for Computational Linguistics (Volume 1: Long Papers)",
    month = may,
    year = "2022",
    url = "https://aclanthology.org/2022.acl-long.545",
    pages = "7916--7929",
}

@inproceedings{liucharacter,
  title={A Character-Level Length-Control Algorithm for Non-Autoregressive Sentence Summarization},
  author={Liu, Puyuan and Zhang, Xiang and Mou, Lili},
  booktitle={Advances in Neural Information Processing Systems},
  year={2022},
  url={https://openreview.net/forum?id=KXybrIUJnya},
  pages={29101--29112},
}

@inproceedings{och-etal-2004-smorgasbord,
    title = "A Smorgasbord of Features for Statistical Machine Translation",
    author = "Och, Franz Josef  and
      Gildea, Daniel  and
      Khudanpur, Sanjeev  and
      Sarkar, Anoop  and
      Yamada, Kenji  and
      Fraser, Alex  and
      Kumar, Shankar  and
      Shen, Libin  and
      Smith, David  and
      Eng, Katherine  and
      Jain, Viren  and
      Jin, Zhen  and
      Radev, Dragomir",
    booktitle = "Proceedings of the Human Language Technology Conference of the North {A}merican Chapter of the Association for Computational Linguistics",
    month = may # " 2 - " # may # " 7",
    year = "2004",
    url = "https://aclanthology.org/N04-1021",
    pages = "161--168",
}

@inproceedings{qian2020glancing,
    title = "Glancing Transformer for non-autoregressive neural machine translation",
    author = "Qian, Lihua  and
      Zhou, Hao  and
      Bao, Yu  and
      Wang, Mingxuan  and
      Qiu, Lin  and
      Zhang, Weinan  and
      Yu, Yong  and
      Li, Lei",
    booktitle = "Proceedings of the 59th Annual Meeting of the Association for Computational Linguistics and the 11th International Joint Conference on Natural Language Processing",
    year = "2021",
    url = "https://aclanthology.org/2021.acl-long.155",
    pages = "1993--2003"
}

@inproceedings{ravaut-etal-2022-summareranker,
    title = "{S}umma{R}eranker: {A} Multi-Task Mixture-of-Experts Re-ranking Framework for Abstractive Summarization",
    author = "Ravaut, Mathieu  and
      Joty, Shafiq  and
      Chen, Nancy",
    editor = "Muresan, Smaranda  and
      Nakov, Preslav  and
      Villavicencio, Aline",
    booktitle = "Proceedings of the 60th Annual Meeting of the Association for Computational Linguistics (Volume 1: Long Papers)",
    month = may,
    year = "2022",
    url = "https://aclanthology.org/2022.acl-long.309",
    pages = "4504--4524",
}

@inproceedings{shao-etal-2022-viterbi,
    title = "{V}iterbi Decoding of Directed Acyclic Transformer for Non-Autoregressive Machine Translation",
    author = "Shao, Chenze  and
      Ma, Zhengrui  and
      Feng, Yang",
    booktitle = "Findings of the Association for Computational Linguistics: EMNLP 2022",
    month = dec,
    year = "2022",
    url = "https://aclanthology.org/2022.findings-emnlp.322",
    pages = "4390--4397"
}

@inproceedings{shao2022,
  title={Non-Monotonic Latent Alignments for {CTC}-Based Non-Autoregressive Machine Translation},
  author={Chenze Shao and Yang Feng},
  booktitle={Advances in Neural Information Processing Systems},
  editor={Alice H. Oh and Alekh Agarwal and Danielle Belgrave and Kyunghyun Cho},
  year={2022},
  url={https://openreview.net/forum?id=Qvh0SAPrYzH},
  pages={8159--8173},
}

