% Use this file for citations not found in the ACL Anthology (contained in "anthology.bib").

@misc{li2025testtimepreferenceoptimizationonthefly,
      title={Test-Time Preference Optimization: On-the-Fly Alignment via Iterative Textual Feedback}, 
      author={Yafu Li and Xuyang Hu and Xiaoye Qu and Linjie Li and Yu Cheng},
      year={2025},
      eprint={2501.12895},
      archivePrefix={arXiv},
      primaryClass={cs.CL},
      url={https://arxiv.org/abs/2501.12895}, 
}

@article{zhang2023multimodal,
  title={Multimodal chain-of-thought reasoning in language models},
  author={Zhang, Zhuosheng and Zhang, Aston and Li, Mu and Zhao, Hai and Karypis, George and Smola, Alex},
  journal={arXiv preprint arXiv:2302.00923},
  year={2023}
}

@article{yao2023tree,
  title={Tree of thoughts: Deliberate problem solving with large language models},
  author={Yao, Shunyu and Yu, Dian and Zhao, Jeffrey and Shafran, Izhak and Griffiths, Tom and Cao, Yuan and Narasimhan, Karthik},
  journal={Advances in neural information processing systems},
  volume={36},
  pages={11809--11822},
  year={2023}
}
@article{wang2022self,
  title={Self-consistency improves chain of thought reasoning in language models},
  author={Wang, Xuezhi and Wei, Jason and Schuurmans, Dale and Le, Quoc and Chi, Ed and Narang, Sharan and Chowdhery, Aakanksha and Zhou, Denny},
  journal={arXiv preprint arXiv:2203.11171},
  year={2022}
}

@misc{reduce_overthinking_2025,
  author       = {NovaSky Team},
  title        = {Think Less, Achieve More: Cut Reasoning Costs by 50% Without Sacrificing Accuracy},
  howpublished = {https://novasky-ai.github.io/posts/reduce-overthinking},
  note         = {Accessed: 2025-01-23},
  year         = {2025}
}


@misc{openthoughts,
  author = {Team, OpenThoughts},
  month = jan,
  title = {{Open Thoughts}},
  howpublished = {https://open-thoughts.ai},
  year = {2025}
}

@article{zhao2023brain,
  title={When brain-inspired ai meets agi},
  author={Zhao, Lin and Zhang, Lu and Wu, Zihao and Chen, Yuzhong and Dai, Haixing and Yu, Xiaowei and Liu, Zhengliang and Zhang, Tuo and Hu, Xintao and Jiang, Xi and others},
  journal={Meta-Radiology},
  pages={100005},
  year={2023},
  publisher={Elsevier}
}
@article{wijmans2019dd,
  title={Dd-ppo: Learning near-perfect pointgoal navigators from 2.5 billion frames},
  author={Wijmans, Erik and Kadian, Abhishek and Morcos, Ari and Lee, Stefan and Essa, Irfan and Parikh, Devi and Savva, Manolis and Batra, Dhruv},
  journal={arXiv preprint arXiv:1911.00357},
  year={2019}
}
@article{huang2022a2c,
  title={A2C is a special case of PPO},
  author={Huang, Shengyi and Kanervisto, Anssi and Raffin, Antonin and Wang, Weixun and Onta{\~n}{\'o}n, Santiago and Dossa, Rousslan Fernand Julien},
  journal={arXiv preprint arXiv:2205.09123},
  year={2022}
}
@inproceedings{engstrom2019implementation,
  title={Implementation matters in deep rl: A case study on ppo and trpo},
  author={Engstrom, Logan and Ilyas, Andrew and Santurkar, Shibani and Tsipras, Dimitris and Janoos, Firdaus and Rudolph, Larry and Madry, Aleksander},
  booktitle={International conference on learning representations},
  year={2019}
}
@article{xiao2024comprehensive,
  title={A Comprehensive Survey of Direct Preference Optimization: Datasets, Theories, Variants, and Applications},
  author={Xiao, Wenyi and Wang, Zechuan and Gan, Leilei and Zhao, Shuai and He, Wanggui and Tuan, Luu Anh and Chen, Long and Jiang, Hao and Zhao, Zhou and Wu, Fei},
  journal={arXiv preprint arXiv:2410.15595},
  year={2024}
}

@article{ping2025longdpo,
  title={LongDPO: Unlock Better Long-form Generation Abilities for LLMs via Critique-augmented Stepwise Information},
  author={Ping, Bowen and Zeng, Jiali and Meng, Fandong and Wang, Shuo and Zhou, Jie and Zhang, Shanghang},
  journal={arXiv preprint arXiv:2502.02095},
  year={2025}
}

@article{lai2024step,
  title={Step-dpo: Step-wise preference optimization for long-chain reasoning of llms},
  author={Lai, Xin and Tian, Zhuotao and Chen, Yukang and Yang, Senqiao and Peng, Xiangru and Jia, Jiaya},
  journal={arXiv preprint arXiv:2406.18629},
  year={2024}
}

@article{su2025reveal,
  title={Reveal the Mystery of DPO: The Connection between DPO and RL Algorithms},
  author={Su, Xuerui and Wang, Yue and Zhu, Jinhua and Yi, Mingyang and Xu, Feng and Ma, Zhiming and Liu, Yuting},
  journal={arXiv preprint arXiv:2502.03095},
  year={2025}
}
@article{zhong2024dpo,
  title={Dpo meets ppo: Reinforced token optimization for rlhf},
  author={Zhong, Han and Feng, Guhao and Xiong, Wei and Cheng, Xinle and Zhao, Li and He, Di and Bian, Jiang and Wang, Liwei},
  journal={arXiv preprint arXiv:2404.18922},
  year={2024}
}
@article{sun2024inverse,
  title={Inverse-RLignment: Inverse Reinforcement Learning from Demonstrations for LLM Alignment},
  author={Sun, Hao and van der Schaar, Mihaela},
  journal={arXiv preprint arXiv:2405.15624},
  year={2024}
}

@article{yang2024bayesian,
  title={Bayesian reward models for LLM alignment},
  author={Yang, Adam X and Robeyns, Maxime and Coste, Thomas and Shi, Zhengyan and Wang, Jun and Bou-Ammar, Haitham and Aitchison, Laurence},
  journal={arXiv preprint arXiv:2402.13210},
  year={2024}
}

@inproceedings{naseem2024grounded,
  title={A grounded preference model for LLM alignment},
  author={Naseem, Tahira and Xu, Guangxuan and Swaminathan, Sarathkrishna and Yehudai, Asaf and Chaudhury, Subhajit and Florian, Radu and Astudillo, Ram{\'o}n Fernandez and Munawar, Asim},
  booktitle={Findings of the Association for Computational Linguistics ACL 2024},
  pages={151--162},
  year={2024}
}

@article{xu2024dpo,
  title={Is dpo superior to ppo for llm alignment? a comprehensive study},
  author={Xu, Shusheng and Fu, Wei and Gao, Jiaxuan and Ye, Wenjie and Liu, Weilin and Mei, Zhiyu and Wang, Guangju and Yu, Chao and Wu, Yi},
  journal={arXiv preprint arXiv:2404.10719},
  year={2024}
}

@article{bi2024deepseek,
  title={Deepseek llm: Scaling open-source language models with longtermism},
  author={Bi, Xiao and Chen, Deli and Chen, Guanting and Chen, Shanhuang and Dai, Damai and Deng, Chengqi and Ding, Honghui and Dong, Kai and Du, Qiushi and Fu, Zhe and others},
  journal={arXiv preprint arXiv:2401.02954},
  year={2024}
}

@article{neha2025survey,
  title={A Survey of DeepSeek Models},
  author={Neha, Fnu and Bhati, Deepshikha},
  journal={Authorea Preprints},
  year={2025},
  publisher={Authorea}
}

@article{liu2024deepseek,
  title={Deepseek-v3 technical report},
  author={Liu, Aixin and Feng, Bei and Xue, Bing and Wang, Bingxuan and Wu, Bochao and Lu, Chengda and Zhao, Chenggang and Deng, Chengqi and Zhang, Chenyu and Ruan, Chong and others},
  journal={arXiv preprint arXiv:2412.19437},
  year={2024}
}
@article{chu2024qwen2,
  title={Qwen2-audio technical report},
  author={Chu, Yunfei and Xu, Jin and Yang, Qian and Wei, Haojie and Wei, Xipin and Guo, Zhifang and Leng, Yichong and Lv, Yuanjun and He, Jinzheng and Lin, Junyang and others},
  journal={arXiv preprint arXiv:2407.10759},
  year={2024}
}

@article{bai2023qwens,
  title={Qwen-vl: A frontier large vision-language model with versatile abilities},
  author={Bai, Jinze and Bai, Shuai and Yang, Shusheng and Wang, Shijie and Tan, Sinan and Wang, Peng and Lin, Junyang and Zhou, Chang and Zhou, Jingren},
  journal={arXiv preprint arXiv:2308.12966},
  year={2023}
}

@article{bai2023qwen,
  title={Qwen technical report},
  author={Bai, Jinze and Bai, Shuai and Chu, Yunfei and Cui, Zeyu and Dang, Kai and Deng, Xiaodong and Fan, Yang and Ge, Wenbin and Han, Yu and Huang, Fei and others},
  journal={arXiv preprint arXiv:2309.16609},
  year={2023}
}

@article{goertzel2014artificial,
  title={Artificial general intelligence: concept, state of the art, and future prospects},
  author={Goertzel, Ben},
  journal={Journal of Artificial General Intelligence},
  volume={5},
  number={1},
  pages={1},
  year={2014},
  publisher={De Gruyter Poland}
}

@article{lu2023agi,
  title={Agi for agriculture},
  author={Lu, Guoyu and Li, Sheng and Mai, Gengchen and Sun, Jin and Zhu, Dajiang and Chai, Lilong and Sun, Haijian and Wang, Xianqiao and Dai, Haixing and Liu, Ninghao and others},
  journal={arXiv preprint arXiv:2304.06136},
  year={2023}
}

@article{latif2023artificial,
  title={Artificial general intelligence (AGI) for education},
  author={Latif, Ehsan and Mai, Gengchen and Nyaaba, Matthew and Wu, Xuansheng and Liu, Ninghao and Lu, Guoyu and Li, Sheng and Liu, Tianming and Zhai, Xiaoming},
  journal={arXiv preprint arXiv:2304.12479},
  volume={1},
  year={2023}
}

@article{sotala2014responses,
  title={Responses to catastrophic AGI risk: a survey},
  author={Sotala, Kaj and Yampolskiy, Roman V},
  journal={Physica Scripta},
  volume={90},
  number={1},
  pages={018001},
  year={2014},
  publisher={IOP Publishing}
}

@article{arrieta2025o3,
  title={o3-mini vs DeepSeek-R1: Which One is Safer?},
  author={Arrieta, Aitor and Ugarte, Miriam and Valle, Pablo and Parejo, Jos{\'e} Antonio and Segura, Sergio},
  journal={arXiv preprint arXiv:2501.18438},
  year={2025}
}

@article{pfister2025understanding,
  title={Understanding and Benchmarking Artificial Intelligence: OpenAI's o3 Is Not AGI},
  author={Pfister, Rolf and Jud, Hansueli},
  journal={arXiv preprint arXiv:2501.07458},
  year={2025}
}

@article{krishnan2025artificial,
  title={From Artificial intelligence (AI) to Artificial General Intelligence (AGI)--the road ahead},
  author={Krishnan, Vinod},
  journal={Journal of the World Federation of Orthodontists},
  volume={14},
  number={1},
  pages={1--2},
  year={2025},
  publisher={Elsevier}
}

@article{chia2023contrastive,
  title={Contrastive chain-of-thought prompting},
  author={Chia, Yew Ken and Chen, Guizhen and Tuan, Luu Anh and Poria, Soujanya and Bing, Lidong},
  journal={arXiv preprint arXiv:2311.09277},
  year={2023}
}

@article{lyu2023faithful,
  title={Faithful chain-of-thought reasoning},
  author={Lyu, Qing and Havaldar, Shreya and Stein, Adam and Zhang, Li and Rao, Delip and Wong, Eric and Apidianaki, Marianna and Callison-Burch, Chris},
  journal={arXiv preprint arXiv:2301.13379},
  year={2023}
}

@article{chu2023survey,
  title={A survey of chain of thought reasoning: Advances, frontiers and future},
  author={Chu, Zheng and Chen, Jingchang and Chen, Qianglong and Yu, Weijiang and He, Tao and Wang, Haotian and Peng, Weihua and Liu, Ming and Qin, Bing and Liu, Ting},
  journal={arXiv preprint arXiv:2309.15402},
  year={2023}
}

@article{wu2025agentic,
  title={Agentic Reasoning: Reasoning LLMs with Tools for the Deep Research},
  author={Wu, Junde and Zhu, Jiayuan and Liu, Yuyuan},
  journal={arXiv preprint arXiv:2502.04644},
  year={2025}
}

@article{liu2024your,
  title={Are Your LLMs Capable of Stable Reasoning?},
  author={Liu, Junnan and Liu, Hongwei and Xiao, Linchen and Wang, Ziyi and Liu, Kuikun and Gao, Songyang and Zhang, Wenwei and Zhang, Songyang and Chen, Kai},
  journal={arXiv preprint arXiv:2412.13147},
  year={2024}
}

@article{chen2024not,
  title={Do not think that much for 2+ 3=? on the overthinking of o1-like llms},
  author={Chen, Xingyu and Xu, Jiahao and Liang, Tian and He, Zhiwei and Pang, Jianhui and Yu, Dian and Song, Linfeng and Liu, Qiuzhi and Zhou, Mengfei and Zhang, Zhuosheng and others},
  journal={arXiv preprint arXiv:2412.21187},
  year={2024}
}

@article{arulkumaran2017deep,
  title={Deep reinforcement learning: A brief survey},
  author={Arulkumaran, Kai and Deisenroth, Marc Peter and Brundage, Miles and Bharath, Anil Anthony},
  journal={IEEE Signal Processing Magazine},
  volume={34},
  number={6},
  pages={26--38},
  year={2017},
  publisher={IEEE}
}

@article{li2017deep,
  title={Deep Reinforcement Learning: An Overview},
  author={Li, Yuxi},
  journal={arXiv preprint arXiv:1701.07274},
  year={2017}
}

@article{harmon1996reinforcement,
  title={Reinforcement learning: A tutorial},
  author={Harmon, Mance E and Harmon, Stephanie S},
  journal={WL/AAFC, WPAFB Ohio},
  volume={45433},
  pages={237--285},
  year={1996}
}

@incollection{cunningham2008supervised,
  title={Supervised learning},
  author={Cunningham, P{\'a}draig and Cord, Matthieu and Delany, Sarah Jane},
  booktitle={Machine learning techniques for multimedia: case studies on organization and retrieval},
  pages={21--49},
  year={2008},
  publisher={Springer}
}

@article{hastie2009overview,
  title={Overview of supervised learning},
  author={Hastie, Trevor and Tibshirani, Robert and Friedman, Jerome and Hastie, Trevor and Tibshirani, Robert and Friedman, Jerome},
  journal={The elements of statistical learning: Data mining, inference, and prediction},
  pages={9--41},
  year={2009},
  publisher={Springer}
}

@article{wang2023aligning,
  title={Aligning large language models with human: A survey},
  author={Wang, Yufei and Zhong, Wanjun and Li, Liangyou and Mi, Fei and Zeng, Xingshan and Huang, Wenyong and Shang, Lifeng and Jiang, Xin and Liu, Qun},
  journal={arXiv preprint arXiv:2307.12966},
  year={2023}
}

@article{jiang2024survey,
  title={A Survey on Human Preference Learning for Large Language Models},
  author={Jiang, Ruili and Chen, Kehai and Bai, Xuefeng and He, Zhixuan and Li, Juntao and Yang, Muyun and Zhao, Tiejun and Nie, Liqiang and Zhang, Min},
  journal={arXiv preprint arXiv:2406.11191},
  year={2024}
}

@article{kaufmann2023survey,
  title={A survey of reinforcement learning from human feedback},
  author={Kaufmann, Timo and Weng, Paul and Bengs, Viktor and H{\"u}llermeier, Eyke},
  journal={arXiv preprint arXiv:2312.14925},
  year={2023}
}

@article{sun2023survey,
  title={A survey of reasoning with foundation models},
  author={Sun, Jiankai and Zheng, Chuanyang and Xie, Enze and Liu, Zhengying and Chu, Ruihang and Qiu, Jianing and Xu, Jiaqi and Ding, Mingyu and Li, Hongyang and Geng, Mengzhe and others},
  journal={arXiv preprint arXiv:2312.11562},
  year={2023}
}

@article{wang2024exploring,
  title={Exploring the reasoning abilities of multimodal large language models (mllms): A comprehensive survey on emerging trends in multimodal reasoning},
  author={Wang, Yiqi and Chen, Wentao and Han, Xiaotian and Lin, Xudong and Zhao, Haiteng and Liu, Yongfei and Zhai, Bohan and Yuan, Jianbo and You, Quanzeng and Yang, Hongxia},
  journal={arXiv preprint arXiv:2401.06805},
  year={2024}
}

@article{wang2024comprehensive,
  title={A comprehensive survey of LLM alignment techniques: RLHF, RLAIF, PPO, DPO and more},
  author={Wang, Zhichao and Bi, Bin and Pentyala, Shiva Kumar and Ramnath, Kiran and Chaudhuri, Sougata and Mehrotra, Shubham and Mao, Xiang-Bo and Asur, Sitaram and others},
  journal={arXiv preprint arXiv:2407.16216},
  year={2024}
}

@article{meng2024simpo,
  title={Simpo: Simple preference optimization with a reference-free reward},
  author={Meng, Yu and Xia, Mengzhou and Chen, Danqi},
  journal={arXiv preprint arXiv:2405.14734},
  year={2024}
}

@article{ethayarajh2024kto,
  title={Kto: Model alignment as prospect theoretic optimization},
  author={Ethayarajh, Kawin and Xu, Winnie and Muennighoff, Niklas and Jurafsky, Dan and Kiela, Douwe},
  journal={arXiv preprint arXiv:2402.01306},
  year={2024}
}

@article{qi2024online,
  title={Online DPO: Online Direct Preference Optimization with Fast-Slow Chasing},
  author={Qi, Biqing and Li, Pengfei and Li, Fangyuan and Gao, Junqi and Zhang, Kaiyan and Zhou, Bowen},
  journal={arXiv preprint arXiv:2406.05534},
  year={2024}
}

@article{wu2024alpha,
  title={$\alpha$-DPO: Adaptive Reward Margin is What Direct Preference Optimization Needs},
  author={Wu, Junkang and Wang, Xue and Yang, Zhengyi and Wu, Jiancan and Gao, Jinyang and Ding, Bolin and Wang, Xiang and He, Xiangnan},
  journal={arXiv preprint arXiv:2410.10148},
  year={2024}
}

@article{wu2024beta,
  title={$\beta$-DPO: Direct Preference Optimization with Dynamic $\beta$},
  author={Wu, Junkang and Xie, Yuexiang and Yang, Zhengyi and Wu, Jiancan and Gao, Jinyang and Ding, Bolin and Wang, Xiang and He, Xiangnan},
  journal={arXiv preprint arXiv:2407.08639},
  year={2024}
}

@article{chaudhari2024rlhf,
  title={RLHF Deciphered: A Critical Analysis of Reinforcement Learning from Human Feedback for LLMs},
  author={Chaudhari, Shreyas and Aggarwal, Pranjal and Murahari, Vishvak and Rajpurohit, Tanmay and Kalyan, Ashwin and Narasimhan, Karthik and Deshpande, Ameet and da Silva, Bruno Castro},
  journal={arXiv preprint arXiv:2404.08555},
  year={2024}
}
@article{kirk2023understanding,
  title={Understanding the effects of rlhf on llm generalisation and diversity},
  author={Kirk, Robert and Mediratta, Ishita and Nalmpantis, Christoforos and Luketina, Jelena and Hambro, Eric and Grefenstette, Edward and Raileanu, Roberta},
  journal={arXiv preprint arXiv:2310.06452},
  year={2023}
}

@article{wang2025thoughts,
  title={Thoughts Are All Over the Place: On the Underthinking of o1-Like LLMs},
  author={Wang, Yue and Liu, Qiuzhi and Xu, Jiahao and Liang, Tian and Chen, Xingyu and He, Zhiwei and Song, Linfeng and Yu, Dian and Li, Juntao and Zhang, Zhuosheng and others},
  journal={arXiv preprint arXiv:2501.18585},
  year={2025}
}

@article{alonso2025mathematics,
  title={The Mathematics of Group Relative Policy Optimization: A Multi-Agent Reinforcement Learning Approach},
  author={Alonso, Noguer I and others},
  journal={The Mathematics of Group Relative Policy Optimization: A Multi-Agent Reinforcement Learning Approach (January 03, 2025)},
  year={2025}
}

@article{shao2024deepseekmath,
  title={Deepseekmath: Pushing the limits of mathematical reasoning in open language models},
  author={Shao, Zhihong and Wang, Peiyi and Zhu, Qihao and Xu, Runxin and Song, Junxiao and Bi, Xiao and Zhang, Haowei and Zhang, Mingchuan and Li, YK and Wu, Y and others},
  journal={arXiv preprint arXiv:2402.03300},
  year={2024}
}

@article{hu2025reinforce++,
  title={REINFORCE++: A Simple and Efficient Approach for Aligning Large Language Models},
  author={Hu, Jian},
  journal={arXiv preprint arXiv:2501.03262},
  year={2025}
}

@article{ramesh2024group,
  title={Group Robust Preference Optimization in Reward-free RLHF},
  author={Ramesh, Shyam Sundhar and Hu, Yifan and Chaimalas, Iason and Mehta, Viraj and Sessa, Pier Giuseppe and Ammar, Haitham Bou and Bogunovic, Ilija},
  journal={arXiv preprint arXiv:2405.20304},
  year={2024}
}

@article{schulman2017proximal,
  title={Proximal policy optimization algorithms},
  author={Schulman, John and Wolski, Filip and Dhariwal, Prafulla and Radford, Alec and Klimov, Oleg},
  journal={arXiv preprint arXiv:1707.06347},
  year={2017}
}

@article{lambert2024rewardbench,
  title={Rewardbench: Evaluating reward models for language modeling},
  author={Lambert, Nathan and Pyatkin, Valentina and Morrison, Jacob and Miranda, LJ and Lin, Bill Yuchen and Chandu, Khyathi and Dziri, Nouha and Kumar, Sachin and Zick, Tom and Choi, Yejin and others},
  journal={arXiv preprint arXiv:2403.13787},
  year={2024}
}

@article{zhang2025lessons,
  title={The lessons of developing process reward models in mathematical reasoning},
  author={Zhang, Zhenru and Zheng, Chujie and Wu, Yangzhen and Zhang, Beichen and Lin, Runji and Yu, Bowen and Liu, Dayiheng and Zhou, Jingren and Lin, Junyang},
  journal={arXiv preprint arXiv:2501.07301},
  year={2025}
}

@article{ma2023let,
  title={Let's reward step by step: Step-Level reward model as the Navigators for Reasoning},
  author={Ma, Qianli and Zhou, Haotian and Liu, Tingkai and Yuan, Jianbo and Liu, Pengfei and You, Yang and Yang, Hongxia},
  journal={arXiv preprint arXiv:2310.10080},
  year={2023}
}
@article{li2024process,
  title={Process reward model with q-value rankings},
  author={Li, Wendi and Li, Yixuan},
  journal={arXiv preprint arXiv:2410.11287},
  year={2024}
}

@article{jaech2024openai,
  title={Openai o1 system card},
  author={Jaech, Aaron and Kalai, Adam and Lerer, Adam and Richardson, Adam and El-Kishky, Ahmed and Low, Aiden and Helyar, Alec and Madry, Aleksander and Beutel, Alex and Carney, Alex and others},
  journal={arXiv preprint arXiv:2412.16720},
  year={2024}
}

@article{hurst2024gpt,
  title={Gpt-4o system card},
  author={Hurst, Aaron and Lerer, Adam and Goucher, Adam P and Perelman, Adam and Ramesh, Aditya and Clark, Aidan and Ostrow, AJ and Welihinda, Akila and Hayes, Alan and Radford, Alec and others},
  journal={arXiv preprint arXiv:2410.21276},
  year={2024}
}
@article{yu2024natural,
  title={Natural language reasoning, a survey},
  author={Yu, Fei and Zhang, Hongbo and Tiwari, Prayag and Wang, Benyou},
  journal={ACM Computing Surveys},
  volume={56},
  number={12},
  pages={1--39},
  year={2024},
  publisher={ACM New York, NY}
}

@article{huang2022towards,
  title={Towards reasoning in large language models: A survey},
  author={Huang, Jie and Chang, Kevin Chen-Chuan},
  journal={arXiv preprint arXiv:2212.10403},
  year={2022}
}
@article{plaat2024reasoning,
  title={Reasoning with large language models, a survey},
  author={Plaat, Aske and Wong, Annie and Verberne, Suzan and Broekens, Joost and van Stein, Niki and Back, Thomas},
  journal={arXiv preprint arXiv:2407.11511},
  year={2024}
}

@article{xu2024survey,
  title={A survey of resource-efficient llm and multimodal foundation models},
  author={Xu, Mengwei and Yin, Wangsong and Cai, Dongqi and Yi, Rongjie and Xu, Daliang and Wang, Qipeng and Wu, Bingyang and Zhao, Yihao and Yang, Chen and Wang, Shihe and others},
  journal={arXiv preprint arXiv:2401.08092},
  year={2024}
}

@article{minaee2024large,
  title={Large language models: A survey},
  author={Minaee, Shervin and Mikolov, Tomas and Nikzad, Narjes and Chenaghlu, Meysam and Socher, Richard and Amatriain, Xavier and Gao, Jianfeng},
  journal={arXiv preprint arXiv:2402.06196},
  year={2024}
}

@article{feng2024far,
  title={How Far Are We From AGI},
  author={Feng, Tao and Jin, Chuanyang and Liu, Jingyu and Zhu, Kunlun and Tu, Haoqin and Cheng, Zirui and Lin, Guanyu and You, Jiaxuan},
  journal={arXiv preprint arXiv:2405.10313},
  year={2024}
}

@article{everitt2018agi,
  title={AGI safety literature review},
  author={Everitt, Tom and Lea, Gary and Hutter, Marcus},
  journal={arXiv preprint arXiv:1805.01109},
  year={2018}
}

@article{morris2023levels,
  title={Levels of AGI: Operationalizing Progress on the Path to AGI},
  author={Morris, Meredith Ringel and Sohl-Dickstein, Jascha and Fiedel, Noah and Warkentin, Tris and Dafoe, Allan and Faust, Aleksandra and Farabet, Clement and Legg, Shane},
  journal={arXiv preprint arXiv:2311.02462},
  year={2023}
}

@misc{numina_math_datasets,
  author = {Jia LI and Edward Beeching and Lewis Tunstall and Ben Lipkin and Roman Soletskyi and Shengyi Costa Huang and Kashif Rasul and Longhui Yu and Albert Jiang and Ziju Shen and Zihan Qin and Bin Dong and Li Zhou and Yann Fleureau and Guillaume Lample and Stanislas Polu},
  title = {NuminaMath},
  year = {2024},
  publisher = {Numina},
  journal = {Hugging Face repository},
  howpublished = {\url{[https://huggingface.co/AI-MO/NuminaMath-CoT](https://github.com/project-numina/aimo-progress-prize/blob/main/report/numina_dataset.pdf)}}
}


@article{welleck2024decoding,
  title={From decoding to meta-generation: Inference-time algorithms for large language models},
  author={Welleck, Sean and Bertsch, Amanda and Finlayson, Matthew and Schoelkopf, Hailey and Xie, Alex and Neubig, Graham and Kulikov, Ilia and Harchaoui, Zaid},
  journal={arXiv preprint arXiv:2406.16838},
  year={2024}
}
@article{snell2024scaling,
  title={Scaling llm test-time compute optimally can be more effective than scaling model parameters},
  author={Snell, Charlie and Lee, Jaehoon and Xu, Kelvin and Kumar, Aviral},
  journal={arXiv preprint arXiv:2408.03314},
  year={2024}
}

@article{rafailov2024direct,
  title={Direct preference optimization: Your language model is secretly a reward model},
  author={Rafailov, Rafael and Sharma, Archit and Mitchell, Eric and Manning, Christopher D and Ermon, Stefano and Finn, Chelsea},
  journal={Advances in Neural Information Processing Systems},
  volume={36},
  year={2024}
}

@misc{he2024olympiadbench,
      title={OlympiadBench: A Challenging Benchmark for Promoting AGI with Olympiad-Level Bilingual Multimodal Scientific Problems}, 
      author={Chaoqun He and Renjie Luo and Yuzhuo Bai and Shengding Hu and Zhen Leng Thai and Junhao Shen and Jinyi Hu and Xu Han and Yujie Huang and Yuxiang Zhang and Jie Liu and Lei Qi and Zhiyuan Liu and Maosong Sun},
      year={2024},
      eprint={2402.14008},
      archivePrefix={arXiv},
      primaryClass={cs.CL}
}

@article{rein2023gpqa,
  title={Gpqa: A graduate-level google-proof q\&a benchmark},
  author={Rein, David and Hou, Betty Li and Stickland, Asa Cooper and Petty, Jackson and Pang, Richard Yuanzhe and Dirani, Julien and Michael, Julian and Bowman, Samuel R},
  journal={arXiv preprint arXiv:2311.12022},
  year={2023}
}

@article{cobbe2021gsm8k,
  title={Training Verifiers to Solve Math Word Problems},
  author={Cobbe, Karl and Kosaraju, Vineet and Bavarian, Mohammad and Chen, Mark and Jun, Heewoo and Kaiser, Lukasz and Plappert, Matthias and Tworek, Jerry and Hilton, Jacob and Nakano, Reiichiro and Hesse, Christopher and Schulman, John},
  journal={arXiv preprint arXiv:2110.14168},
  year={2021}
}

@article{lightman2023lets,
      title={Let's Verify Step by Step}, 
      author={Lightman, Hunter and Kosaraju, Vineet and Burda, Yura and Edwards, Harri and Baker, Bowen and Lee, Teddy and Leike, Jan and Schulman, John and Sutskever, Ilya and Cobbe, Karl},
      journal={arXiv preprint arXiv:2305.20050},
      year={2023}
}

@misc{kimiteam2025kimik15scalingreinforcement,
      title={Kimi k1.5: Scaling Reinforcement Learning with LLMs}, 
      author={Kimi Team and Angang Du and Bofei Gao and Bowei Xing and Changjiu Jiang and Cheng Chen and Cheng Li and Chenjun Xiao and Chenzhuang Du and Chonghua Liao and Chuning Tang and Congcong Wang and Dehao Zhang and Enming Yuan and Enzhe Lu and Fengxiang Tang and Flood Sung and Guangda Wei and Guokun Lai and Haiqing Guo and Han Zhu and Hao Ding and Hao Hu and Hao Yang and Hao Zhang and Haotian Yao and Haotian Zhao and Haoyu Lu and Haoze Li and Haozhen Yu and Hongcheng Gao and Huabin Zheng and Huan Yuan and Jia Chen and Jianhang Guo and Jianlin Su and Jianzhou Wang and Jie Zhao and Jin Zhang and Jingyuan Liu and Junjie Yan and Junyan Wu and Lidong Shi and Ling Ye and Longhui Yu and Mengnan Dong and Neo Zhang and Ningchen Ma and Qiwei Pan and Qucheng Gong and Shaowei Liu and Shengling Ma and Shupeng Wei and Sihan Cao and Siying Huang and Tao Jiang and Weihao Gao and Weimin Xiong and Weiran He and Weixiao Huang and Wenhao Wu and Wenyang He and Xianghui Wei and Xianqing Jia and Xingzhe Wu and Xinran Xu and Xinxing Zu and Xinyu Zhou and Xuehai Pan and Y. Charles and Yang Li and Yangyang Hu and Yangyang Liu and Yanru Chen and Yejie Wang and Yibo Liu and Yidao Qin and Yifeng Liu and Ying Yang and Yiping Bao and Yulun Du and Yuxin Wu and Yuzhi Wang and Zaida Zhou and Zhaoji Wang and Zhaowei Li and Zhen Zhu and Zheng Zhang and Zhexu Wang and Zhilin Yang and Zhiqi Huang and Zihao Huang and Ziyao Xu and Zonghan Yang},
      year={2025},
      eprint={2501.12599},
      archivePrefix={arXiv},
      primaryClass={cs.AI},
      url={https://arxiv.org/abs/2501.12599}, 
}

@misc{bespoke_stratos,  
    author = {Bespoke Labs},  
    title = {Bespoke-Stratos: The unreasonable effectiveness of reasoning distillation},  
    howpublished = {www.bespokelabs.ai/blog/bespoke-stratos-the-unreasonable-effectiveness-of-reasoning-distillation},  
    note = {Accessed: 2025-01-22},  
    year = {2025}
}

@misc{sky_t1_2025,
  author       = {NovaSky Team},
  title        = {Sky-T1: Train your own O1 preview model within \$450},
  howpublished = {https://novasky-ai.github.io/posts/sky-t1},
  note         = {Accessed: 2025-01-09},
  year         = {2025}
}
@misc{ye2025limoreasoning,
      title={LIMO: Less is More for Reasoning}, 
      author={Yixin Ye and Zhen Huang and Yang Xiao and Ethan Chern and Shijie Xia and Pengfei Liu},
      year={2025},
      eprint={2502.03387},
      archivePrefix={arXiv},
      primaryClass={cs.CL},
      url={https://arxiv.org/abs/2502.03387}, 
}
@misc{muennighoff2025s1simpletesttimescaling,
      title={s1: Simple test-time scaling}, 
      author={Niklas Muennighoff and Zitong Yang and Weijia Shi and Xiang Lisa Li and Li Fei-Fei and Hannaneh Hajishirzi and Luke Zettlemoyer and Percy Liang and Emmanuel Candès and Tatsunori Hashimoto},
      year={2025},
      eprint={2501.19393},
      archivePrefix={arXiv},
      primaryClass={cs.CL},
      url={https://arxiv.org/abs/2501.19393}, 
}

@article{qwen2.5,
    title   = {Qwen2.5 Technical Report}, 
    author  = {An Yang and Baosong Yang and Beichen Zhang and Binyuan Hui and Bo Zheng and Bowen Yu and Chengyuan Li and Dayiheng Liu and Fei Huang and Haoran Wei and Huan Lin and Jian Yang and Jianhong Tu and Jianwei Zhang and Jianxin Yang and Jiaxi Yang and Jingren Zhou and Junyang Lin and Kai Dang and Keming Lu and Keqin Bao and Kexin Yang and Le Yu and Mei Li and Mingfeng Xue and Pei Zhang and Qin Zhu and Rui Men and Runji Lin and Tianhao Li and Tingyu Xia and Xingzhang Ren and Xuancheng Ren and Yang Fan and Yang Su and Yichang Zhang and Yu Wan and Yuqiong Liu and Zeyu Cui and Zhenru Zhang and Zihan Qiu},
    journal = {arXiv preprint arXiv:2412.15115},
    year    = {2024}
}

@misc{deepseekai2025deepseekr1incentivizingreasoningcapability,
      title={DeepSeek-R1: Incentivizing Reasoning Capability in LLMs via Reinforcement Learning}, 
      author={DeepSeek-AI and Daya Guo and Dejian Yang and Haowei Zhang and Junxiao Song and Ruoyu Zhang and Runxin Xu and Qihao Zhu and Shirong Ma and Peiyi Wang and Xiao Bi and Xiaokang Zhang and Xingkai Yu and Yu Wu and Z. F. Wu and Zhibin Gou and Zhihong Shao and Zhuoshu Li and Ziyi Gao and Aixin Liu and Bing Xue and Bingxuan Wang and Bochao Wu and Bei Feng and Chengda Lu and Chenggang Zhao and Chengqi Deng and Chenyu Zhang and Chong Ruan and Damai Dai and Deli Chen and Dongjie Ji and Erhang Li and Fangyun Lin and Fucong Dai and Fuli Luo and Guangbo Hao and Guanting Chen and Guowei Li and H. Zhang and Han Bao and Hanwei Xu and Haocheng Wang and Honghui Ding and Huajian Xin and Huazuo Gao and Hui Qu and Hui Li and Jianzhong Guo and Jiashi Li and Jiawei Wang and Jingchang Chen and Jingyang Yuan and Junjie Qiu and Junlong Li and J. L. Cai and Jiaqi Ni and Jian Liang and Jin Chen and Kai Dong and Kai Hu and Kaige Gao and Kang Guan and Kexin Huang and Kuai Yu and Lean Wang and Lecong Zhang and Liang Zhao and Litong Wang and Liyue Zhang and Lei Xu and Leyi Xia and Mingchuan Zhang and Minghua Zhang and Minghui Tang and Meng Li and Miaojun Wang and Mingming Li and Ning Tian and Panpan Huang and Peng Zhang and Qiancheng Wang and Qinyu Chen and Qiushi Du and Ruiqi Ge and Ruisong Zhang and Ruizhe Pan and Runji Wang and R. J. Chen and R. L. Jin and Ruyi Chen and Shanghao Lu and Shangyan Zhou and Shanhuang Chen and Shengfeng Ye and Shiyu Wang and Shuiping Yu and Shunfeng Zhou and Shuting Pan and S. S. Li and Shuang Zhou and Shaoqing Wu and Shengfeng Ye and Tao Yun and Tian Pei and Tianyu Sun and T. Wang and Wangding Zeng and Wanjia Zhao and Wen Liu and Wenfeng Liang and Wenjun Gao and Wenqin Yu and Wentao Zhang and W. L. Xiao and Wei An and Xiaodong Liu and Xiaohan Wang and Xiaokang Chen and Xiaotao Nie and Xin Cheng and Xin Liu and Xin Xie and Xingchao Liu and Xinyu Yang and Xinyuan Li and Xuecheng Su and Xuheng Lin and X. Q. Li and Xiangyue Jin and Xiaojin Shen and Xiaosha Chen and Xiaowen Sun and Xiaoxiang Wang and Xinnan Song and Xinyi Zhou and Xianzu Wang and Xinxia Shan and Y. K. Li and Y. Q. Wang and Y. X. Wei and Yang Zhang and Yanhong Xu and Yao Li and Yao Zhao and Yaofeng Sun and Yaohui Wang and Yi Yu and Yichao Zhang and Yifan Shi and Yiliang Xiong and Ying He and Yishi Piao and Yisong Wang and Yixuan Tan and Yiyang Ma and Yiyuan Liu and Yongqiang Guo and Yuan Ou and Yuduan Wang and Yue Gong and Yuheng Zou and Yujia He and Yunfan Xiong and Yuxiang Luo and Yuxiang You and Yuxuan Liu and Yuyang Zhou and Y. X. Zhu and Yanhong Xu and Yanping Huang and Yaohui Li and Yi Zheng and Yuchen Zhu and Yunxian Ma and Ying Tang and Yukun Zha and Yuting Yan and Z. Z. Ren and Zehui Ren and Zhangli Sha and Zhe Fu and Zhean Xu and Zhenda Xie and Zhengyan Zhang and Zhewen Hao and Zhicheng Ma and Zhigang Yan and Zhiyu Wu and Zihui Gu and Zijia Zhu and Zijun Liu and Zilin Li and Ziwei Xie and Ziyang Song and Zizheng Pan and Zhen Huang and Zhipeng Xu and Zhongyu Zhang and Zhen Zhang},
      year={2025},
      eprint={2501.12948},
      archivePrefix={arXiv},
      primaryClass={cs.CL},
      url={https://arxiv.org/abs/2501.12948}, 
}

@book{Aho:72,
    author  = {Alfred V. Aho and Jeffrey D. Ullman},
    title   = {The Theory of Parsing, Translation and Compiling},
    year    = "1972",
    volume  = "1",
    publisher = {Prentice-Hall},
    address = {Englewood Cliffs, NJ}
}

@book{APA:83,
    author  = {{American Psychological Association}},
    title   = {Publications Manual},
    year    = "1983",
    publisher = {American Psychological Association},
    address = {Washington, DC}
}

@article{Chandra:81,
	author = {Ashok K. Chandra and Dexter C. Kozen and Larry J. Stockmeyer},
	year = "1981",
	title = {Alternation},
	journal = {Journal of the Association for Computing Machinery},
	volume = "28",
	number = "1",
	pages = "114--133",
	doi = "10.1145/322234.322243",
}

@inproceedings{andrew2007scalable,
  title={Scalable training of {L1}-regularized log-linear models},
  author={Andrew, Galen and Gao, Jianfeng},
  booktitle={Proceedings of the 24th International Conference on Machine Learning},
  pages={33--40},
  year={2007},
}

@book{Gusfield:97,
    author  = {Dan Gusfield},
    title   = {Algorithms on Strings, Trees and Sequences},
    year    = "1997",
    publisher = {Cambridge University Press},
    address = {Cambridge, UK}
}

@article{rasooli-tetrault-2015,
    author    = {Mohammad Sadegh Rasooli and Joel R. Tetreault},
    title     = {Yara Parser: {A} Fast and Accurate Dependency Parser},
    journal   = {Computing Research Repository},
    volume    = {arXiv:1503.06733},
    year      = {2015},
    url       = {http://arxiv.org/abs/1503.06733},
    note    = {version 2}
}

@article{Ando2005,
	Acmid = {1194905},
	Author = {Ando, Rie Kubota and Zhang, Tong},
	Issn = {1532-4435},
	Issue_Date = {12/1/2005},
	Journal = {Journal of Machine Learning Research},
	Month = dec,
	Numpages = {37},
	Pages = {1817--1853},
	Publisher = {JMLR.org},
	Title = {A Framework for Learning Predictive Structures from Multiple Tasks and Unlabeled Data},
	Volume = {6},
	Year = {2005}
}
