@ARTICLE{CKDH,
  author={Li, Jiaxing and Wong, Wai Keung and Jiang, Lin and Fang, Xiaozhao and Xie, Shengli and Xu, Yong},
  journal={IEEE Transactions on Circuits and Systems for Video Technology}, 
  title={{CKDH}: CLIP-based Knowledge Distillation Hashing for Cross-modal Retrieval}, 
  year={2024},
  volume={34},
  number={7},
  pages={6530-6541},
  doi={10.1109/TCSVT.2024.3350695}
}

@article{DAEH,
	title={Deep adaptively-enhanced hashing with discriminative similarity guidance for unsupervised cross-modal retrieval},
	author={Shi, Yufeng and Zhao, Yue and Liu, Xin and Zheng, Feng and Ou, Weihua and You, Xinge and Peng, Qinmu},
	journal={IEEE Transactions on Circuits and Systems for Video Technology},
	volume={32},
	number={10},
	pages={7255--7268},
	year={2022},
	publisher={IEEE}
}

@article{DCHUC,
	title={Deep cross-modal hashing with hashing functions and unified hash codes jointly learning},
	author={Tu, Rong-Cheng and Mao, Xian-Ling and Ma, Bing and Hu, Yong and Yan, Tan and Wei, Wei and Huang, Heyan},
	journal={IEEE Transactions on Knowledge and Data Engineering},
	volume={34},
	number={2},
	pages={560--572},
	year={2022},
	publisher={IEEE}
}

@inproceedings{DCMH,
	title={Deep cross-modal hashing},
	author={Jiang, Qing-Yuan and Li, Wu-Jun},
	booktitle={Proceedings of the IEEE conference on computer vision and pattern recognition},
	pages={3232--3240},
	year={2017}
}

@inproceedings{HCOH,
	title={Supervised online hashing via hadamard codebook learning},
	author={Lin, Mingbao and Ji, Rongrong and Liu, Hong and Wu, Yongjian},
	booktitle={Proceedings of the 26th ACM international conference on Multimedia},
	pages={1635--1643},
	year={2018}
}

@inproceedings{LEMON,
	author = {Wang, Yongxin and Luo, Xin and Xu, Xin-Shun},
	title = {Label Embedding Online Hashing for Cross-Modal Retrieval},
	year = {2020},
	isbn = {9781450379885},
	publisher = {ACM},
	address = {New York, NY, USA},
	booktitle = {Proceedings of the 28th ACM International Conference on Multimedia},
	pages = {871â€“879},
	numpages = {9},
	location = {Seattle, WA, USA}
}

@inproceedings{OCMFH,
	title={Online collective matrix factorization hashing for large-scale cross-media retrieval},
	author={Wang, Di and Wang, Quan and An, Yaqiang and Gao, Xinbo and Tian, Yumin},
	booktitle={Proceedings of the 43rd international ACM SIGIR conference on research and development in information retrieval},
	pages={1409--1418},
	year={2020}
}

@article{OLSH,
	title={Online latent semantic hashing for cross-media retrieval},
	author={Yao, Tao and Wang, Gang and Yan, Lianshan and Kong, Xiangwei and Su, Qingtang and Zhang, Caiming and Tian, Qi},
	journal={Pattern Recognition},
	volume={89},
	pages={1--11},
	year={2019},
	publisher={Elsevier}
}

@ARTICLE{ROH,
	author={Jiang, Kaihang and Wong, Wai Keung and Fang, Xiaozhao and Li, Jiaxing and Qin, Jianyang and Xie, Shengli},
	journal={IEEE Transactions on Neural Networks and Learning Systems}, 
	title={Random Online Hashing for Cross-Modal Retrieval}, 
	year={2023},
	volume={},
	number={},
	pages={1-15},
	note={doi: 10.1109/TNNLS.2023.3330975}
}

@INPROCEEDINGS{SDOH,
	author={Liu, Junjie and Fei, Lunke and Zhao, Shuping and Wen, Jie and Rida, Imad and Xu, Yuanrong},
	booktitle={2022 5th International Conference on Pattern Recognition and Artificial Intelligence (PRAI)}, 
	title={Supervised Discrete Online Hashing For Large-scale Cross-modal Retrieval}, 
	year={2022},
	volume={},
	number={},
	pages={896-902}
}

@ARTICLE{SKDCH,
	author={Su, Mingyue and Gu, Guanghua and Ren, Xianlong and Fu, Hao and Zhao, Yao},
	journal={IEEE Transactions on Multimedia}, 
	title={Semi-Supervised Knowledge Distillation for Cross-Modal Hashing}, 
	year={2023},
	volume={25},
	number={},
	pages={662-675},
	doi={10.1109/TMM.2021.3129623}
}

@inproceedings{SSAH,
	title={Self-supervised adversarial hashing networks for cross-modal retrieval},
	author={Li, Chao and Deng, Cheng and Li, Ning and Liu, Wei and Gao, Xinbo and Tao, Dacheng},
	booktitle={Proceedings of the IEEE conference on computer vision and pattern recognition},
	pages={4242--4251},
	year={2018}
}

@inproceedings{UKD,
	title={Creating something from nothing: Unsupervised knowledge distillation for cross-modal hashing},
	author={Hu, Hengtong and Xie, Lingxi and Hong, Richang and Tian, Qi},
	booktitle={Proceedings of the IEEE/CVF conference on computer vision and pattern recognition},
	pages={3123--3132},
	year={2020}
}

@article{huang2023two,
	title={Two-stage asymmetric similarity preserving hashing for cross-modal retrieval},
	author={Huang, Junfan and Kang, Peipei and Han, Na and Chen, Yonghao and Fang, Xiaozhao and Gao, Hongbo and Zhou, Guoxu},
	journal={IEEE Transactions on Knowledge and Data Engineering},
	volume={36},
	number={1},
	pages={429--444},
	year={2023},
	publisher={IEEE}
}

@article{jiang2024coding,
	title={Coding self-representative and label-relaxed hashing for cross-modal retrieval},
	author={Jiang, Lin and Wu, Jigang and Zhao, Shuping and Li, Jiaxing},
	journal={Pattern Recognition Letters},
	volume={185},
	pages={264--270},
	year={2024},
	publisher={Elsevier}
}

