@inproceedings{agiollo2023measuring,
  title={Measuring Trustworthiness in Neuro-Symbolic Integration},
  author={Agiollo, Andrea and Omicini, Andrea},
  booktitle={2023 18th Conference on Computer Science and Intelligence Systems (FedCSIS)},
  pages={1--10},
  year={2023},
  organization={IEEE}
}

@article{marconato2024not,
  title={Not All Neuro-Symbolic Concepts Are Created Equal: Analysis and Mitigation of Reasoning Shortcuts},
  author={Marconato, Emanuele and Teso, Stefano and Vergari, Antonio and Passerini, Andrea},
  journal={Advances in Neural Information Processing Systems},
  volume={36},
  year={2024}
}

@article{michel2024neuro,
  title={Neuro-Symbolic methods for Trustworthy AI: a systematic review},
  author={Michel-Del\'{e}tie, Cyprien and Sarker, Md Kamruzzaman},
  journal={Neurosymbolic Artificial Intelligence},
  year={2024}
}

@article{paul2024formal,
  title={Formal Explanations for Neuro-Symbolic AI},
  author={Paul, Sushmita and Yu, Jinqiang and Dekker, Jip J and Ignatiev, Alexey and Stuckey, Peter J},
  journal={arXiv preprint arXiv:2410.14219},
  year={2024}
}

@inproceedings{rafanelli2024empirical,
  title={An Empirical Study on the Robustness of Knowledge Injection Techniques Against Data Degradation},
  author={Rafanelli, Andrea and Magnini, Matteo and Agiollo, Andrea and Ciatto, Giovanni and Omicini, Andrea},
  booktitle={CEUR Workshop Proceedings},
  volume={3735},
  pages={20--32},
  year={2024},
  organization={Sun SITE Central Europe, RWTH Aachen University}
}

@inproceedings{sitawarinpart,
  title={Part-Based Models Improve Adversarial Robustness},
  author={Sitawarin, Chawin and Pongmala, Kornrapat and Chen, Yizheng and Carlini, Nicholas and Wagner, David},
  booktitle={The Eleventh International Conference on Learning Representations},
  year={2023}
}

@article{wagner2024neurosymbolic,
  title={A Neurosymbolic Approach to AI Alignment},
  author={Wagner, Benedikt J. and d'Avila Garcez, Artur},
  journal={Neurosymbolic Artificial Intelligence},
  pages={1--12},
  year={2024},
  publisher={IOS Press}
}

@inproceedings{yang2022safe,
  title={Safe Neurosymbolic Learning with Differentiable Symbolic Execution},
  author={Yang, Chenxi and Chaudhuri, Swarat},
  booktitle={International Conference on Learning Representations (ICLR)},
  year={2022}
}

