@article{ding2019advertorch,
  title={{AdverTorch} v0.1: An Adversarial Robustness Toolbox based on PyTorch},
  author={Ding, Gavin Weiguang and Wang, Luyu and Jin, Xiaomeng},
  journal={arXiv preprint arXiv:1902.07623},
  year={2019}
}

@inproceedings{dai2017very,
  title={Very deep convolutional neural networks for raw waveforms},
  author={Dai, Wei and Dai, Chia and Qu, Shuhui and Li, Juncheng and Das, Samarjit},
  booktitle={2017 IEEE international conference on acoustics, speech and signal processing (ICASSP)},
  pages={421--425},
  year={2017},
  organization={IEEE}
}

@inproceedings{tay2020long,
  title={Long Range Arena: A Benchmark for Efficient Transformers},
  author={Tay, Yi and Dehghani, Mostafa and Abnar, Samira and Shen, Yikang and Bahri, Dara and Pham, Philip and Rao, Jinfeng and Yang, Liu and Ruder, Sebastian and Metzler, Donald},
  booktitle={International Conference on Learning Representations},
  year={2020}
}

@article{chaudhuri2021neurosymbolic,
  title={Neurosymbolic programming},
  author={Chaudhuri, Swarat and Ellis, Kevin and Polozov, Oleksandr and Singh, Rishabh and Solar-Lezama, Armando and Yue, Yisong},
  journal={Foundations and Trends{\textregistered} in Programming Languages},
  volume={7},
  number={3},
  pages={158--243},
  year={2021},
  publisher={Now Publishers, Inc.}
}

@article{li2023scallop,
  title={Scallop: A language for neurosymbolic programming},
  author={Li, Ziyang and Huang, Jiani and Naik, Mayur},
  journal={Proceedings of the ACM on Programming Languages},
  volume={7},
  number={PLDI},
  pages={1463--1487},
  year={2023},
  publisher={ACM New York, NY, USA}
}

@article{huang2021scallop,
  title={Scallop: From probabilistic deductive databases to scalable differentiable reasoning},
  author={Huang, Jiani and Li, Ziyang and Chen, Binghong and Samel, Karan and Naik, Mayur and Song, Le and Si, Xujie},
  journal={Advances in Neural Information Processing Systems},
  volume={34},
  pages={25134--25145},
  year={2021}
}


@article{paszke2019pytorch,
  title={Pytorch: An imperative style, high-performance deep learning library},
  author={Paszke, Adam and Gross, Sam and Massa, Francisco and Lerer, Adam and Bradbury, James and Chanan, Gregory and Killeen, Trevor and Lin, Zeming and Gimelshein, Natalia and Antiga, Luca},
  journal={Advances in Neural Information Processing Systems},
  volume={32},
  year={2019}
}

@article{solko2024data,
  title={Data-Efficient Learning with Neural Programs},
  author={Solko-Breslin, Alaia and Choi, Seewon and Li, Ziyang and Velingker, Neelay and Alur, Rajeev and Naik, Mayur and Wong, Eric},
  journal={arXiv preprint arXiv:2406.06246},
  year={2024}
}

@article{marconato2024not,
  title={Not All Neuro-Symbolic Concepts Are Created Equal: Analysis and Mitigation of Reasoning Shortcuts},
  author={Marconato, Emanuele and Teso, Stefano and Vergari, Antonio and Passerini, Andrea},
  journal={Advances in Neural Information Processing Systems},
  volume={36},
  year={2024}
}

@inproceedings{sitawarinpart,
  title={Part-Based Models Improve Adversarial Robustness},
  author={Sitawarin, Chawin and Pongmala, Kornrapat and Chen, Yizheng and Carlini, Nicholas and Wagner, David},
  booktitle={The Eleventh International Conference on Learning Representations},
  year={2023}
}

@article{wagner2024neurosymbolic,
  title={A Neurosymbolic Approach to AI Alignment},
  author={Wagner, Benedikt J. and d'Avila Garcez, Artur},
  journal={Neurosymbolic Artificial Intelligence},
  pages={1--12},
  year={2024},
  publisher={IOS Press}
}


@inproceedings{agiollo2023measuring,
  title={Measuring Trustworthiness in Neuro-Symbolic Integration},
  author={Agiollo, Andrea and Omicini, Andrea},
  booktitle={2023 18th Conference on Computer Science and Intelligence Systems (FedCSIS)},
  pages={1--10},
  year={2023},
  organization={IEEE}
}

@inproceedings{rafanelli2024empirical,
  title={An Empirical Study on the Robustness of Knowledge Injection Techniques Against Data Degradation},
  author={Rafanelli, Andrea and Magnini, Matteo and Agiollo, Andrea and Ciatto, Giovanni and Omicini, Andrea},
  booktitle={CEUR Workshop Proceedings},
  volume={3735},
  pages={20--32},
  year={2024},
  organization={Sun SITE Central Europe, RWTH Aachen University}
}

@inproceedings{yang2022safe,
  title={Safe Neurosymbolic Learning with Differentiable Symbolic Execution},
  author={Yang, Chenxi and Chaudhuri, Swarat},
  booktitle={International Conference on Learning Representations (ICLR)},
  year={2022}
}

@article{michel2024neuro,
  title={Neuro-Symbolic methods for Trustworthy AI: a systematic review},
  author={Michel-Del\'{e}tie, Cyprien and Sarker, Md Kamruzzaman},
  journal={Neurosymbolic Artificial Intelligence},
  year={2024}
}


@article{manhaeve2018deepproblog,
  title={Deepproblog: Neural probabilistic logic programming},
  author={Manhaeve, Robin and Dumancic, Sebastijan and Kimmig, Angelika and Demeester, Thomas and De Raedt, Luc},
  journal={Advances in neural information processing systems},
  volume={31},
  year={2018}
}


@article{baevski2020wav2vec,
  title={wav2vec 2.0: A framework for self-supervised learning of speech representations},
  author={Baevski, Alexei and Zhou, Yuhao and Mohamed, Abdelrahman and Auli, Michael},
  journal={Advances in neural information processing systems},
  volume={33},
  pages={12449--12460},
  year={2020}
}

@article{williams1992simple,
  title={Simple statistical gradient-following algorithms for connectionist reinforcement learning},
  author={Williams, Ronald J},
  journal={Machine learning},
  volume={8},
  pages={229--256},
  year={1992},
  publisher={Springer}
}

@inproceedings{guo2017calibration,
  title={On calibration of modern neural networks},
  author={Guo, Chuan and Pleiss, Geoff and Sun, Yu and Weinberger, Kilian Q},
  booktitle={International conference on machine learning},
  pages={1321--1330},
  year={2017},
  organization={PMLR}
}

@inproceedings{zafar2017fairness,
  title={Fairness beyond disparate treatment \& disparate impact: Learning classification without disparate mistreatment},
  author={Zafar, Muhammad Bilal and Valera, Isabel and Gomez Rodriguez, Manuel and Gummadi, Krishna P},
  booktitle={Proceedings of the 26th international conference on world wide web},
  pages={1171--1180},
  year={2017}
}

@inproceedings{papernot2016limitations,
  title={The limitations of deep learning in adversarial settings},
  author={Papernot, Nicolas and McDaniel, Patrick and Jha, Somesh and Fredrikson, Matt and Celik, Z Berkay and Swami, Ananthram},
  booktitle={2016 IEEE European symposium on security and privacy (EuroS\&P)},
  pages={372--387},
  year={2016},
  organization={IEEE}
}

@inproceedings{danks2017algorithmic,
  title={Algorithmic Bias in Autonomous Systems},
  author={Danks, David and London, Alex J.},
  booktitle={Proceedings of the 26th International Joint Conference on Artificial Intelligence (IJCAI)},
  pages={4691--4697},
  year={2017}
}

@article{taori2020measuring,
  title={Measuring robustness to natural distribution shifts in image classification},
  author={Taori, Rohan and Dave, Achal and Shankar, Vaishaal and Carlini, Nicholas and Recht, Benjamin and Schmidt, Ludwig},
  journal={Advances in Neural Information Processing Systems},
  volume={33},
  pages={18583--18599},
  year={2020}
}


@article{carlini2024remote,
  title={Remote Timing Attacks on Efficient Language Model Inference},
  author={Carlini, Nicholas and Nasr, Milad},
  journal={arXiv preprint arXiv:2410.17175},
  year={2024}
}

@inproceedings{bynum2020rotational,
  title={Rotational Equivariance for Object Classification Using xView},
  author={Bynum, Lucius and Doster, Timothy and Emerson, Tegan H and Kvinze, Henry},
  booktitle={IGARSS 2020 IEEE International Geoscience and Remote Sensing Symposium},
  pages={3684--3687},
  year={2020},
  organization={IEEE}
}

@inproceedings{cohen2019certified,
  title={Certified adversarial robustness via randomized smoothing},
  author={Cohen, Jeremy and Rosenfeld, Elan and Kolter, Zico},
  booktitle={international conference on machine learning},
  pages={1310--1320},
  year={2019},
  organization={PMLR}
}

@inproceedings{rosenfeld2020certified,
  title={Certified robustness to label-flipping attacks via randomized smoothing},
  author={Rosenfeld, Elan and Winston, Ezra and Ravikumar, Pradeep and Kolter, Zico},
  booktitle={International Conference on Machine Learning},
  pages={8230--8241},
  year={2020},
  organization={PMLR}
}


@article{gu2014towards,
  title={Towards deep neural network architectures robust to adversarial examples},
  author={Gu, Shixiang and Rigazio, Luca},
  journal={arXiv preprint arXiv:1412.5068},
  year={2014}
}

@article{zoppi2021detect,
  title={Detect adversarial attacks against deep neural networks with GPU monitoring},
  author={Zoppi, Tommaso and Ceccarelli, Andrea},
  journal={IEEE Access},
  volume={9},
  pages={150579--150591},
  year={2021},
  publisher={IEEE}
}

@inproceedings{carlini2017towards,
  title={Towards evaluating the robustness of neural networks},
  author={Carlini, Nicholas and Wagner, David},
  booktitle={2017 ieee symposium on security and privacy (sp)},
  pages={39--57},
  year={2017},
  organization={Ieee}
}

@article{batarseh2021survey,
  title={A survey on artificial intelligence assurance},
  author={Batarseh, Feras A and Freeman, Laura and Huang, Chih-Hao},
  journal={Journal of Big Data},
  volume={8},
  number={1},
  pages={60},
  year={2021},
  publisher={Springer}
}

@inproceedings{oneto2020fairness,
  title={Fairness in machine learning},
  author={Oneto, Luca and Chiappa, Silvia},
  booktitle={Recent trends in learning from data: Tutorials from the inns big data and deep learning conference (innsbddl2019)},
  pages={155--196},
  year={2020},
  organization={Springer}
}

@article{valdivia2021fair,
  title={How Fair Can We Go in Machine Learning? Assessing the Boundaries of Accuracy and Fairness},
  author={Valdivia, Ana and S{\'a}nchez-Monedero, Javier and Casillas, Jorge},
  journal={International Journal of Intelligent Systems},
  volume={36},
  number={4},
  pages={1619--1643},
  year={2021},
  publisher={Wiley Online Library}
}

@inproceedings{kearns2019empirical,
  title={An empirical study of rich subgroup fairness for machine learning},
  author={Kearns, Michael and Neel, Seth and Roth, Aaron and Wu, Zhiwei Steven},
  booktitle={Proceedings of the conference on fairness, accountability, and transparency},
  pages={100--109},
  year={2019}
}

@article{sarker2022neuro,
  title={Neuro-Symbolic Artificial Intelligence: Current Trends},
  author={Sarker, Md Kamruzzaman and Zhou, Lu and Eberhart, Aaron and Hitzler, Pascal},
  journal={{AI} Communications},
  volume={34},
  number={3},
  pages={197--209},
  year={2022},
  publisher={SAGE Publications}
}

@article{paul2024formal,
  title={Formal Explanations for Neuro-Symbolic AI},
  author={Paul, Sushmita and Yu, Jinqiang and Dekker, Jip J and Ignatiev, Alexey and Stuckey, Peter J},
  journal={arXiv preprint arXiv:2410.14219},
  year={2024}
}

@article{hendrycks2019benchmarking,
  title={Benchmarking neural network robustness to common corruptions and perturbations},
  author={Hendrycks, Dan and Dietterich, Thomas},
  journal={arXiv preprint arXiv:1903.12261},
  year={2019}
}

@article{michaelis2019dragon,
  title={Benchmarking Robustness in Object Detection: Autonomous Driving when Winter is Coming},
  author={Michaelis, Claudio and Mitzkus, Benjamin and Geirhos, Robert and Rusak, Evgenia and Bringmann, Oliver and Ecker, Alexander S. and Bethge, Matthias and Brendel, Wieland},
  journal={arXiv preprint arXiv:1907.07484},
  year={2019}
}


@book{abiteboul1995foundations,
  title={Foundations of databases},
  author={Abiteboul, Serge and Hull, Richard and Vianu, Victor},
  volume={8},
  year={1995},
  publisher={Addison-Wesley Reading}
}

@article{anderson2020neurosymbolic,
  title={Neurosymbolic reinforcement learning with formally verified exploration},
  author={Anderson, Greg and Verma, Abhinav and Dillig, Isil and Chaudhuri, Swarat},
  journal={Advances in neural information processing systems},
  volume={33},
  pages={6172--6183},
  year={2020}
}

@article{guan2024deliberative,
  title={Deliberative Alignment: Reasoning Enables Safer Language Models},
  author={Guan, Melody Y. and Joglekar, Manas and Wallace, Eric and Jain, Saachi and Barak, Boaz and Heylar, Alec and Dias, Rachel and Vallone, Andrea and Ren, Hongyu and Wei, Jason},
  journal={arXiv preprint arXiv:2412.16339},
  year={2024}
}

@inproceedings{naik2023machine,
  title={Do machine learning models learn statistical rules inferred from data?},
  author={Naik, Aaditya and Wu, Yinjun and Naik, Mayur and Wong, Eric},
  booktitle={International Conference on Machine Learning},
  pages={25677--25693},
  year={2023},
  organization={PMLR}
}

@article{mu2019mnist,
  title={Mnist-c: A robustness benchmark for computer vision},
  author={Mu, Norman and Gilmer, Justin},
  journal={arXiv preprint arXiv:1906.02337},
  year={2019}
}

@inproceedings{he2016deep,
  title={Deep residual learning for image recognition},
  author={He, Kaiming and Zhang, Xiangyu and Ren, Shaoqing and Sun, Jian},
  booktitle={Proceedings of the IEEE conference on computer vision and pattern recognition},
  pages={770--778},
  year={2016}
}