
@article{reyzin2020statistical,
  title={Statistical queries and statistical algorithms: Foundations and applications},
  author={Reyzin, Lev},
  journal={arXiv preprint arXiv:2004.00557},
  year={2020}
}

@inproceedings{
goel2024tolerant,
title={Tolerant Algorithms for Learning with Arbitrary Covariate Shift},
author={Surbhi Goel and Abhishek Shetty and Konstantinos Stavropoulos and Arsen Vasilyan},
booktitle={The Thirty-eighth Annual Conference on Neural Information Processing Systems},
year={2024},
url={https://openreview.net/forum?id=LnNfwc2Ah1}
}

@inproceedings{yu2012analysis, 
author = {Yu, Yao-Liang and Szepesv\'{a}ri, Csaba}, title = {Analysis of kernel mean matching under covariate shift}, year = {2012}, isbn = {9781450312851}, publisher = {Omnipress}, address = {Madison, WI, USA}, 
booktitle = {Proceedings of the 29th International Coference on International Conference on Machine Learning}, pages = {1147–1154}, numpages = {8}, location = {Edinburgh, Scotland}, series = {ICML'12} }
 
@inproceedings{gopalan2022multicalibrated,
  title={Multicalibrated partitions for importance weights},
  author={Gopalan, Parikshit and Reingold, Omer and Sharan, Vatsal and Wieder, Udi},
  booktitle={International Conference on Algorithmic Learning Theory},
  pages={408--435},
  year={2022},
  organization={PMLR}
}
@article{ashtiani2020near,
  title={Near-optimal sample complexity bounds for robust learning of gaussian mixtures via compression schemes},
  author={Ashtiani, Hassan and Ben-David, Shai and Harvey, Nicholas JA and Liaw, Christopher and Mehrabian, Abbas and Plan, Yaniv},
  journal={Journal of the ACM (JACM)},
  volume={67},
  number={6},
  pages={1--42},
  year={2020},
  publisher={ACM New York, NY, USA}
}

@article{hachiya2012importance,
  title={Importance-weighted least-squares probabilistic classifier for covariate shift adaptation with application to human activity recognition},
  author={Hachiya, Hirotaka and Sugiyama, Masashi and Ueda, Naonori},
  journal={Neurocomputing},
  volume={80},
  pages={93--101},
  year={2012},
  publisher={Elsevier}
}

@article{bickel2006dirichlet,
  title={Dirichlet-enhanced spam filtering based on biased samples},
  author={Bickel, Steffen and Scheffer, Tobias},
  journal={Advances in neural information processing systems},
  volume={19},
  year={2006}
}

@article{li2010application,
  title={Application of covariate shift adaptation techniques in brain--computer interfaces},
  author={Li, Yan and Kambara, Hiroyuki and Koike, Yasuharu and Sugiyama, Masashi},
  journal={IEEE Transactions on Biomedical Engineering},
  volume={57},
  number={6},
  pages={1318--1324},
  year={2010},
  publisher={IEEE}
}

@inproceedings{yamada2012no,
  title={No bias left behind: Covariate shift adaptation for discriminative 3d pose estimation},
  author={Yamada, Makoto and Sigal, Leonid and Raptis, Michalis},
  booktitle={Computer Vision--ECCV 2012: 12th European Conference on Computer Vision, Florence, Italy, October 7-13, 2012, Proceedings, Part IV 12},
  pages={674--687},
  year={2012},
  organization={Springer}
}

@article{yamada2010semi,
  title={Semi-supervised speaker identification under covariate shift},
  author={Yamada, Makoto and Sugiyama, Masashi and Matsui, Tomoko},
  journal={Signal Processing},
  volume={90},
  number={8},
  pages={2353--2361},
  year={2010},
  publisher={Elsevier}
}

@article{shimodaira2000improving,
  title={Improving predictive inference under covariate shift by weighting the log-likelihood function},
  author={Shimodaira, Hidetoshi},
  journal={Journal of statistical planning and inference},
  volume={90},
  number={2},
  pages={227--244},
  year={2000},
  publisher={Elsevier}
}

@inproceedings{diakonikolas2017statistical,
  title={Statistical query lower bounds for robust estimation of high-dimensional gaussians and gaussian mixtures},
  author={Diakonikolas, Ilias and Kane, Daniel M and Stewart, Alistair},
  booktitle={2017 IEEE 58th Annual Symposium on Foundations of Computer Science (FOCS)},
  pages={73--84},
  year={2017},
  organization={IEEE}
}

@inproceedings{wen2015correcting,
  title={Correcting covariate shift with the frank-wolfe algorithm},
  author={Wen, Junfeng and Greiner, Russell and Schuurmans, Dale},
  booktitle={Twenty-fourth International Joint Conference on Artificial Intelligence},
  year={2015}
}
@inproceedings{CYM10,
 author = {Cortes, Corinna and Mansour, Yishay and Mohri, Mehryar},
 booktitle = {Advances in Neural Information Processing Systems},
 editor = {J. Lafferty and C. Williams and J. Shawe-Taylor and R. Zemel and A. Culotta},
 pages = {},
 publisher = {Curran Associates, Inc.},
 title = {Learning Bounds for Importance Weighting},
 url = {https://proceedings.neurips.cc/paper_files/paper/2010/file/59c33016884a62116be975a9bb8257e3-Paper.pdf},
 volume = {23},
 year = {2010}
}

@inproceedings{KST08,
 author = {Kakade, Sham M and Sridharan, Karthik and Tewari, Ambuj},
 booktitle = {Advances in Neural Information Processing Systems},
 editor = {D. Koller and D. Schuurmans and Y. Bengio and L. Bottou},
 pages = {},
 publisher = {Curran Associates, Inc.},
 title = {On the Complexity of Linear Prediction: Risk Bounds, Margin Bounds, and Regularization},
 url = {https://proceedings.neurips.cc/paper_files/paper/2008/file/5b69b9cb83065d403869739ae7f0995e-Paper.pdf},
 volume = {21},
 year = {2008}
}


@article{KSS10,
  title={Theoretical analysis of density ratio estimation},
  author={Kanamori, Takafumi and Suzuki, Taiji and Sugiyama, Masashi},
  journal={IEICE transactions on fundamentals of electronics, communications and computer sciences},
  volume={93},
  number={4},
  pages={787--798},
  year={2010},
  publisher={The Institute of Electronics, Information and Communication Engineers}
}

@inproceedings{SGCZ19,
  title={Low-dimensional density ratio estimation for covariate shift correction},
  author={Stojanov, Petar and Gong, Mingming and Carbonell, Jaime and Zhang, Kun},
  booktitle={The 22nd international conference on artificial intelligence and statistics},
  pages={3449--3458},
  year={2019},
  organization={PMLR}
}

@misc{HM24,
      title={On the sample complexity of parameter estimation in logistic regression with normal design}, 
      author={Daniel Hsu and Arya Mazumdar},
      year={2024},
      eprint={2307.04191},
      archivePrefix={arXiv},
      primaryClass={math.ST},
      url={https://arxiv.org/abs/2307.04191}, 
}

@misc{OB18,
    title={Finite-sample analysis of M-estimators using self-concordance},
    author={Dmitrii Ostrovskii and Francis Bach},
    year={2018},
    eprint={1810.06838},
    archivePrefix={arXiv},
    primaryClass={math.ST}
}

@misc{Bblog,
    title={Going beyond least-squares – II : Self-concordant analysis for logistic regression},
    author={Francis Bach},
    year={2021},
    
}
%url={https://francisbach.com/self-concordant-analysis-for-logistic-regression/}

@article{AKPS19,
   title={A note on concentration for polynomials in the Ising model},
   volume={24},
   ISSN={1083-6489},
   url={http://dx.doi.org/10.1214/19-EJP280},
   DOI={10.1214/19-ejp280},
   number={none},
   journal={Electronic Journal of Probability},
   publisher={Institute of Mathematical Statistics},
   author={Adamczak, Radosław and Kotowski, Michał and Polaczyk, Bartłomiej and Strzelecki, Michał},
   year={2019},
   month=jan }


@inproceedings{BBS07,
  author       = {Steffen Bickel and
                  Michael Br{\"{u}}ckner and
                  Tobias Scheffer},
  editor       = {Zoubin Ghahramani},
  title        = {Discriminative learning for differing training and test distributions},
  booktitle    = {Machine Learning, Proceedings of the Twenty-Fourth International Conference
                  {(ICML} 2007), Corvallis, Oregon, USA, June 20-24, 2007},
  series       = {{ACM} International Conference Proceeding Series},
  volume       = {227},
  pages        = {81--88},
  publisher    = {{ACM}},
  year         = {2007},
  url          = {https://doi.org/10.1145/1273496.1273507},
  doi          = {10.1145/1273496.1273507},
  timestamp    = {Tue, 06 Nov 2018 16:58:29 +0100},
  biburl       = {https://dblp.org/rec/conf/icml/BickelBS07.bib},
  bibsource    = {dblp computer science bibliography, https://dblp.org}
}

@inproceedings{BS06,
 author = {Bickel, Steffen and Scheffer, Tobias},
 booktitle = {Advances in Neural Information Processing Systems},
 editor = {B. Sch\"{o}lkopf and J. Platt and T. Hoffman},
 pages = {},
 publisher = {MIT Press},
 title = {Dirichlet-Enhanced Spam Filtering based on Biased Samples},
 url = {https://proceedings.neurips.cc/paper_files/paper/2006/file/55d99a37b2e1badba7c8df4ccd506a88-Paper.pdf},
 volume = {19},
 year = {2006}
}

@article{huang2006correcting,
  title={Correcting sample selection bias by unlabeled data},
  author={Huang, Jiayuan and Gretton, Arthur and Borgwardt, Karsten and Sch{\"o}lkopf, Bernhard and Smola, Alex},
  journal={Advances in neural information processing systems},
  volume={19},
  year={2006}
}



@article{sugiyama2012density,
  title={Density-ratio matching under the bregman divergence: a unified framework of density-ratio estimation},
  author={Sugiyama, Masashi and Suzuki, Taiji and Kanamori, Takafumi},
  journal={Annals of the Institute of Statistical Mathematics},
  volume={64},
  pages={1009--1044},
  year={2012},
  publisher={Springer}
}

@article{kakade2008complexity,
  title={On the complexity of linear prediction: Risk bounds, margin bounds, and regularization},
  author={Kakade, Sham M and Sridharan, Karthik and Tewari, Ambuj},
  journal={Advances in neural information processing systems},
  volume={21},
  year={2008}
}

@book{ledoux2013probability,
  title={Probability in Banach Spaces: isoperimetry and processes},
  author={Ledoux, Michel and Talagrand, Michel},
  year={2013},
  publisher={Springer Science \& Business Media}
}

@article{meir2003generalization,
  title={Generalization error bounds for Bayesian mixture algorithms},
  author={Meir, Ron and Zhang, Tong},
  journal={Journal of Machine Learning Research},
  volume={4},
  number={Oct},
  pages={839--860},
  year={2003}
}

@misc{lecturenotes2014,
author={Clayton Scott},
year={2014},
howpublished={\url{https://web.eecs.umich.edu/~cscott/past_courses/eecs598w14/notes/15_rademacher_kernel.pdf}}

}

@inproceedings{moitra2010settling,
  title={Settling the polynomial learnability of mixtures of gaussians},
  author={Moitra, Ankur and Valiant, Gregory},
  booktitle={2010 IEEE 51st Annual Symposium on Foundations of Computer Science},
  pages={93--102},
  year={2010},
  organization={IEEE}
}
@inproceedings{liu2022clustering,
  title={Clustering mixtures with almost optimal separation in polynomial time},
  author={Liu, Allen and Li, Jerry},
  booktitle={Proceedings of the 54th Annual ACM SIGACT Symposium on Theory of Computing},
  pages={1248--1261},
  year={2022}
}

@inproceedings{diakonikolas2017learning,
  title={Learning multivariate log-concave distributions},
  author={Diakonikolas, Ilias and Kane, Daniel M and Stewart, Alistair},
  booktitle={Conference on Learning Theory},
  pages={711--727},
  year={2017},
  organization={PMLR}
}

@inproceedings{narasimhan2004paclearning, author = {Narasimhan, Mukund and Bilmes, Jeff}, title = {PAC-learning bounded tree-width graphical models}, year = {2004}, isbn = {0974903906}, publisher = {AUAI Press}, address = {Arlington, Virginia, USA}, booktitle = {Proceedings of the 20th Conference on Uncertainty in Artificial Intelligence}, pages = {410–417}, numpages = {8}, location = {Banff, Canada}, series = {UAI '04} }

@article{ghojogh2021reproducing,
  title={Reproducing Kernel Hilbert Space, Mercer's Theorem, Eigenfunctions, Nystr$\backslash$" om Method, and Use of Kernels in Machine Learning: Tutorial and Survey},
  author={Ghojogh, Benyamin and Ghodsi, Ali and Karray, Fakhri and Crowley, Mark},
  journal={arXiv preprint arXiv:2106.08443},
  year={2021}
}

@article{zhu2005kernel,
 ISSN = {10618600},
 URL = {http://www.jstor.org/stable/27594104},
 author = {Ji Zhu and Trevor Hastie},
 journal = {Journal of Computational and Graphical Statistics},
 number = {1},
 pages = {185--205},
 publisher = {[American Statistical Association, Taylor & Francis, Ltd., Institute of Mathematical Statistics, Interface Foundation of America]},
 title = {Kernel Logistic Regression and the Import Vector Machine},
 urldate = {2025-01-30},
 volume = {14},
 year = {2005}
}

@book{10.5555/1462129, author = {Quionero-Candela, Joaquin and Sugiyama, Masashi and Schwaighofer, Anton and Lawrence, Neil D.}, title = {Dataset Shift in Machine Learning}, year = {2009}, isbn = {0262170051}, publisher = {The MIT Press},  }

@article{bickel2009discriminative,
  title={Discriminative learning under covariate shift.},
  author={Bickel, Steffen and Br{\"u}ckner, Michael and Scheffer, Tobias},
  journal={Journal of Machine Learning Research},
  volume={10},
  number={9},
  year={2009}
}

@article{bartlett2002rademacher,
  title={Rademacher and Gaussian complexities: Risk bounds and structural results},
  author={Bartlett, Peter L and Mendelson, Shahar},
  journal={Journal of Machine Learning Research},
  volume={3},
  number={Nov},
  pages={463--482},
  year={2002}
}

@article{murphy2007conjugate,
  title={Conjugate Bayesian analysis of the Gaussian distribution},
  author={Murphy, Kevin P},
  journal={def},
  volume={1},
  number={2$\sigma$2},
  pages={16},
  year={2007}
}