@article{bickel2009discriminative,
  title={Discriminative learning under covariate shift.},
  author={Bickel, Steffen and Br{\"u}ckner, Michael and Scheffer, Tobias},
  journal={Journal of Machine Learning Research},
  volume={10},
  number={9},
  year={2009}
}

@inproceedings{diakonikolas2017learning,
  title={Learning multivariate log-concave distributions},
  author={Diakonikolas, Ilias and Kane, Daniel M and Stewart, Alistair},
  booktitle={Conference on Learning Theory},
  pages={711--727},
  year={2017},
  organization={PMLR}
}

@article{huang2006correcting,
  title={Correcting sample selection bias by unlabeled data},
  author={Huang, Jiayuan and Gretton, Arthur and Borgwardt, Karsten and Sch{\"o}lkopf, Bernhard and Smola, Alex},
  journal={Advances in neural information processing systems},
  volume={19},
  year={2006}
}

@inproceedings{liu2022clustering,
  title={Clustering mixtures with almost optimal separation in polynomial time},
  author={Liu, Allen and Li, Jerry},
  booktitle={Proceedings of the 54th Annual ACM SIGACT Symposium on Theory of Computing},
  pages={1248--1261},
  year={2022}
}

@inproceedings{moitra2010settling,
  title={Settling the polynomial learnability of mixtures of gaussians},
  author={Moitra, Ankur and Valiant, Gregory},
  booktitle={2010 IEEE 51st Annual Symposium on Foundations of Computer Science},
  pages={93--102},
  year={2010},
  organization={IEEE}
}

@inproceedings{narasimhan2004paclearning, author = {Narasimhan, Mukund and Bilmes, Jeff}, title = {PAC-learning bounded tree-width graphical models}, year = {2004}, isbn = {0974903906}, publisher = {AUAI Press}, address = {Arlington, Virginia, USA}, booktitle = {Proceedings of the 20th Conference on Uncertainty in Artificial Intelligence}, pages = {410–417}, numpages = {8}, location = {Banff, Canada}, series = {UAI '04} }

@article{sugiyama2012density,
  title={Density-ratio matching under the bregman divergence: a unified framework of density-ratio estimation},
  author={Sugiyama, Masashi and Suzuki, Taiji and Kanamori, Takafumi},
  journal={Annals of the Institute of Statistical Mathematics},
  volume={64},
  pages={1009--1044},
  year={2012},
  publisher={Springer}
}

@inproceedings{yu2012analysis, 
author = {Yu, Yao-Liang and Szepesv\'{a}ri, Csaba}, title = {Analysis of kernel mean matching under covariate shift}, year = {2012}, isbn = {9781450312851}, publisher = {Omnipress}, address = {Madison, WI, USA}, 
booktitle = {Proceedings of the 29th International Coference on International Conference on Machine Learning}, pages = {1147–1154}, numpages = {8}, location = {Edinburgh, Scotland}, series = {ICML'12} }

