@article{10.1007/s11704-024-40231-1,
 author = {Wang, Lei and Ma, Chen and Feng, Xueyang and Zhang, Zeyu and Yang, Hao and Zhang, Jingsen and Chen, Zhiyuan and Tang, Jiakai and Chen, Xu and Lin, Yankai and Zhao, Wayne Xin and Wei, Zhewei and Wen, Jirong},
 journal = {Front. Comput. Sci.},
 title = {A survey on large language model based autonomous agents},
 year = {2024}
}

@inproceedings{10.1145/3681758.3698014,
 author = {Xu, Zhenran and Wang, Jifang and Wang, Longyue and Li, Zhouyi and Shi, Senbao and Hu, Baotian and Zhang, Min},
 booktitle = {SIGGRAPH Asia 2024 Technical Communications},
 title = {FilmAgent: Automating Virtual Film Production Through a Multi-Agent Collaborative Framework},
 year = {2024}
}

@article{10.1162/tacl_a_00632,
 author = {Zhang, Tianyi and Ladhak, Faisal and Durmus, Esin and Liang, Percy and McKeown, Kathleen and Hashimoto, Tatsunori B.},
 journal = {TACL},
 pages = {39-57},
 title = {Benchmarking Large Language Models for News Summarization},
 year = {2024}
}

@inproceedings{10.5555/3666122.3666639,
 author = {Yao, Shunyu and Yu, Dian and Zhao, Jeffrey and Shafran, Izhak and Griffiths, Thomas L. and Cao, Yuan and Narasimhan, Karthik},
 booktitle = {Proc. of ICONIP},
 title = {Tree of thoughts: deliberate problem solving with large language models},
 year = {2023}
}

@article{10410857,
 author = {Shahzad, Rimsha and Aslam, Muhammad and Al-Otaibi, Shaha T. and Javed, Muhammad Saqib and Khan, Amjad Rehman and Bahaj, Saeed Ali and Saba, Tanzila},
 journal = {IEEE Access},
 pages = {15458-15467},
 title = {Multi-Agent System for Students Cognitive Assessment in E-Learning Environment},
 year = {2024}
}

@book{1987The,
 author = { Bereiter, Carl  and  Scardamalia, Marlene },
 publisher = {The Psychology of Written Composition},
 title = {The Psychology of Written Composition},
 year = {1987}
}

@inproceedings{2024autosurvey,
 author = {Wang, Yidong and Guo, Qi and Yao, Wenjin and Zhang, Hongbo and Zhang, Xin and Wu, Zhen and Zhang, Meishan and Dai, Xinyu and Zhang, Min and Wen, Qingsong and Ye, Wei and Zhang, Shikun and Zhang, Yue},
 booktitle = {Proc. of NeurIPS},
 title = {AutoSurvey: Large Language Models Can Automatically Write Surveys},
 year = {2024}
}

@article{achiam2023gpt,
 author = {Achiam, Josh and Adler, Steven and Agarwal, Sandhini and Ahmad, Lama and Akkaya, Ilge and Aleman, Florencia Leoni and Almeida, Diogo and Altenschmidt, Janko and Altman, Sam and Anadkat, Shyamal and others},
 journal = {arXiv preprint arXiv:2303.08774},
 title = {Gpt-4 technical report},
 year = {2023}
}

@inproceedings{bae-kim-2024-collective,
 author = {Bae, Minwook  and
Kim, Hyounghun},
 booktitle = {Proc. of EMNLP},
 pages = {18784--18819},
 title = {Collective Critics for Creative Story Generation},
 year = {2024}
}

@misc{bai2024longwriterunleashing10000word,
 archivePrefix = {arXiv},
 author = {Yushi Bai and Jiajie Zhang and Xin Lv and Linzhi Zheng and Siqi Zhu and Lei Hou and Yuxiao Dong and Jie Tang and Juanzi Li},
 eprint = {2408.07055},
 primaryClass = {cs.CL},
 title = {LongWriter: Unleashing 10,000+ Word Generation from Long Context LLMs},
 url = {https://arxiv.org/abs/2408.07055},
 year = {2024}
}

@book{bereiter2013psychology,
 author = {Bereiter, Carl and Scardamalia, Marlene},
 publisher = {Routledge},
 title = {The psychology of written composition},
 year = {2013}
}

@inproceedings{chen-etal-2024-evaluating-diversity,
 author = {Chen, Yanran  and
Gr{\"o}ner, Hannes  and
Zarrie{\ss}, Sina  and
Eger, Steffen},
 booktitle = {Proc. of EMNLP},
 pages = {19671--19692},
 title = {Evaluating Diversity in Automatic Poetry Generation},
 year = {2024}
}

@inproceedings{chen2025internet,
 author = {Weize Chen and Ziming You and Ran Li and yitong guan and Chen Qian and Chenyang Zhao and Cheng Yang and Ruobing Xie and Zhiyuan Liu and Maosong Sun},
 booktitle = {Proc. of ICLR},
 title = {Internet of Agents: Weaving a Web of Heterogeneous Agents for Collaborative Intelligence},
 year = {2025}
}

@misc{cheng2024sparselfplaytreesearchrefinement,
 archivePrefix = {arXiv},
 author = {Jiale Cheng and Xiao Liu and Cunxiang Wang and Xiaotao Gu and Yida Lu and Dan Zhang and Yuxiao Dong and Jie Tang and Hongning Wang and Minlie Huang},
 eprint = {2412.11605},
 primaryClass = {cs.CL},
 title = {SPaR: Self-Play with Tree-Search Refinement to Improve Instruction-Following in Large Language Models},
 url = {https://arxiv.org/abs/2412.11605},
 year = {2024}
}

@article{DArcy2024MARGMR,
 author = {Mike D'Arcy and Tom Hope and Larry Birnbaum and Doug Downey},
 journal = {ArXiv},
 title = {MARG: Multi-Agent Review Generation for Scientific Papers},
 year = {2024}
}

@inproceedings{dasigi-etal-2021-dataset,
 author = {Dasigi, Pradeep  and
Lo, Kyle  and
Beltagy, Iz  and
Cohan, Arman  and
Smith, Noah A.  and
Gardner, Matt},
 booktitle = {Proc. of NAACL},
 pages = {4599--4610},
 title = {A Dataset of Information-Seeking Questions and Answers Anchored in Research Papers},
 year = {2021}
}

@article{flower1981cognitive,
 author = {Flower, L},
 journal = {Composition and communication},
 title = {A cognitive process theory of writing},
 year = {1981}
}

@article{Ghafarollahi2024SciAgentsAS,
 author = {Alireza Ghafarollahi and Markus J. Buehler},
 journal = {Advanced materials},
 pages = {
e2413523
},
 title = {SciAgents: Automating Scientific Discovery Through Bioinspired Multi-Agent Intelligent Graph Reasoning.},
 year = {2024}
}

@misc{grattafiori2024llama3herdmodels,
 archivePrefix = {arXiv},
 author = {Aaron Grattafiori and et al},
 eprint = {2407.21783},
 primaryClass = {cs.AI},
 title = {The Llama 3 Herd of Models},
 url = {https://arxiv.org/abs/2407.21783},
 year = {2024}
}

@book{halliday2014cohesion,
 author = {Halliday, Michael Alexander Kirkwood and Hasan, Ruqaiya},
 publisher = {Routledge},
 title = {Cohesion in english},
 year = {2014}
}

@incollection{hayes2016identifying,
  title={Identifying the organization of writing processes},
  author={Hayes, John R and Flower, Linda S},
  booktitle={Cognitive processes in writing},
  pages={3--30},
  year={2016},
  publisher={Routledge}
}

@inproceedings{hong2024metagpt,
 author = {Sirui Hong and Mingchen Zhuge and Jonathan Chen and Xiawu Zheng and Yuheng Cheng and Jinlin Wang and Ceyao Zhang and Zili Wang and Steven Ka Shing Yau and Zijuan Lin and Liyang Zhou and Chenyu Ran and Lingfeng Xiao and Chenglin Wu and J{\"u}rgen Schmidhuber},
 booktitle = {Proc. of ICLR},
 title = {Meta{GPT}: Meta Programming for A Multi-Agent Collaborative Framework},
 year = {2024}
}

@inproceedings{hu-etal-2025-debate,
 author = {Hu, Zhe  and
Chan, Hou Pong  and
Li, Jing  and
Yin, Yu},
 booktitle = {Proc. of COLING},
 pages = {4689--4703},
 title = {Debate-to-Write: A Persona-Driven Multi-Agent Framework for Diverse Argument Generation},
 year = {2025}
}

@misc{hu2024hiagenthierarchicalworkingmemory,
 archivePrefix = {arXiv},
 author = {Mengkang Hu and Tianxing Chen and Qiguang Chen and Yao Mu and Wenqi Shao and Ping Luo},
 eprint = {2408.09559},
 primaryClass = {cs.CL},
 title = {HiAgent: Hierarchical Working Memory Management for Solving Long-Horizon Agent Tasks with Large Language Model},
 url = {https://arxiv.org/abs/2408.09559},
 year = {2024}
}

@misc{huot2024agentsroomnarrativegeneration,
 archivePrefix = {arXiv},
 author = {Fantine Huot and Reinald Kim Amplayo and Jennimaria Palomaki and Alice Shoshana Jakobovits and Elizabeth Clark and Mirella Lapata},
 eprint = {2410.02603},
 primaryClass = {cs.CL},
 title = {Agents' Room: Narrative Generation through Multi-step Collaboration},
 url = {https://arxiv.org/abs/2410.02603},
 year = {2024}
}

@misc{jiang2023mistral7b,
 archivePrefix = {arXiv},
 author = {Albert Q. Jiang and Alexandre Sablayrolles and Arthur Mensch and Chris Bamford and Devendra Singh Chaplot and Diego de las Casas and Florian Bressand and Gianna Lengyel and Guillaume Lample and Lucile Saulnier and Lélio Renard Lavaud and Marie-Anne Lachaux and Pierre Stock and Teven Le Scao and Thibaut Lavril and Thomas Wang and Timothée Lacroix and William El Sayed},
 eprint = {2310.06825},
 primaryClass = {cs.CL},
 title = {Mistral 7B},
 url = {https://arxiv.org/abs/2310.06825},
 year = {2023}
}

@article{Johnson2020PlanningIL,
 author = {Mark D. Johnson},
 journal = {Language Teaching},
 pages = {537 - 537},
 title = {Planning in L1 and L2 writing: Working memory, process, and product – CORRIGENDUM},
 year = {2020}
}

@incollection{kellogg2013model,
  title={A model of working memory in writing},
  author={Kellogg, Ronald T},
  booktitle={The science of writing},
  pages={57--71},
  year={2013},
  publisher={Routledge}
}

@article{Kellogg2013WorkingMI,
 author = {Ronald T. Kellogg and Alison P. Whiteford and Casey E. Turner and Michael Cahill and Andrew Mertens},
 journal = {The Journal of Writing Research},
 pages = {159-190},
 title = {Working Memory in Written Composition: An Evaluation of the 1996 Model},
 year = {2013}
}

@misc{kumar2024longlampbenchmarkpersonalizedlongform,
 archivePrefix = {arXiv},
 author = {Ishita Kumar and Snigdha Viswanathan and Sushrita Yerra and Alireza Salemi and Ryan A. Rossi and Franck Dernoncourt and Hanieh Deilamsalehy and Xiang Chen and Ruiyi Zhang and Shubham Agarwal and Nedim Lipka and Chien Van Nguyen and Thien Huu Nguyen and Hamed Zamani},
 eprint = {2407.11016},
 primaryClass = {cs.CL},
 title = {LongLaMP: A Benchmark for Personalized Long-form Text Generation},
 url = {https://arxiv.org/abs/2407.11016},
 year = {2024}
}

@inproceedings{kwon2023efficient,
 author = {Kwon, Woosuk and Li, Zhuohan and Zhuang, Siyuan and Sheng, Ying and Zheng, Lianmin and Yu, Cody Hao and Gonzalez, Joseph and Zhang, Hao and Stoica, Ion},
 booktitle = {Proceedings of the 29th Symposium on Operating Systems Principles},
 pages = {611--626},
 title = {Efficient memory management for large language model serving with pagedattention},
 year = {2023}
}

@article{Li2023TeachLT,
 author = {Cheng Li and Mingyang Zhang and Qiaozhu Mei and Yaqing Wang and Spurthi Amba Hombaiah and Yi Liang and Michael Bendersky},
 journal = {ArXiv},
 title = {Teach LLMs to Personalize - An Approach inspired by Writing Education},
 year = {2023}
}

@inproceedings{liu-etal-2023-task,
 author = {Liu, Siyang  and
Deng, Naihao  and
Sabour, Sahand  and
Jia, Yilin  and
Huang, Minlie  and
Mihalcea, Rada},
 booktitle = {Proc. of EMNLP},
 pages = {15264--15281},
 title = {Task-Adaptive Tokenization: Enhancing Long-Form Text Generation Efficacy in Mental Health and Beyond},
 year = {2023}
}

@inproceedings{madaan2023selfrefine,
 author = {Madaan, Aman and Tandon, Niket and Gupta, Prakhar and Hallinan, Skyler and Gao, Luyu and Wiegreffe, Sarah and Alon, Uri and Dziri, Nouha and Prabhumoye, Shrimai and Yang, Yiming and Gupta, Shashank and Majumder, Bodhisattwa Prasad and Hermann, Katherine and Welleck, Sean and Yazdanbakhsh, Amir and Clark, Peter},
 booktitle = {Proc. of NeurIPS},
 pages = {46534--46594},
 title = {Self-Refine: Iterative Refinement with Self-Feedback},
 year = {2023}
}

@article{McCutchen1996ACT,
 author = {Deborah McCutchen},
 journal = {Educational Psychology Review},
 pages = {299-325},
 title = {A capacity theory of writing: Working memory in composition},
 year = {1996}
}

@misc{minaee2024largelanguagemodelssurvey,
 archivePrefix = {arXiv},
 author = {Shervin Minaee and Tomas Mikolov and Narjes Nikzad and Meysam Chenaghlu and Richard Socher and Xavier Amatriain and Jianfeng Gao},
 eprint = {2402.06196},
 primaryClass = {cs.CL},
 title = {Large Language Models: A Survey},
 url = {https://arxiv.org/abs/2402.06196},
 year = {2024}
}

@misc{pawar2024whatwhycontextlength,
 archivePrefix = {arXiv},
 author = {Saurav Pawar and S. M Towhidul Islam Tonmoy and S M Mehedi Zaman and Vinija Jain and Aman Chadha and Amitava Das},
 eprint = {2401.07872},
 primaryClass = {cs.CL},
 title = {The What, Why, and How of Context Length Extension Techniques in Large Language Models -- A Detailed Survey},
 url = {https://arxiv.org/abs/2401.07872},
 year = {2024}
}

@misc{pichlmair2024dramaengineframeworknarrative,
 archivePrefix = {arXiv},
 author = {Martin Pichlmair and Riddhi Raj and Charlene Putney},
 eprint = {2408.11574},
 primaryClass = {cs.AI},
 title = {Drama Engine: A Framework for Narrative Agents},
 url = {https://arxiv.org/abs/2408.11574},
 year = {2024}
}

@misc{ping2025longdpounlockbetterlongform,
 archivePrefix = {arXiv},
 author = {Bowen Ping and Jiali Zeng and Fandong Meng and Shuo Wang and Jie Zhou and Shanghang Zhang},
 eprint = {2502.02095},
 primaryClass = {cs.CL},
 title = {LongDPO: Unlock Better Long-form Generation Abilities for LLMs via Critique-augmented Stepwise Information},
 url = {https://arxiv.org/abs/2502.02095},
 year = {2025}
}

@inproceedings{pmlr-v202-lee23n,
 author = {Lee, Yoonjoo and Lee, Kyungjae and Park, Sunghyun and Hwang, Dasol and Kim, Jaehyeon and Lee, Hong-In and Lee, Moontae},
 booktitle = {Proc. of ICML},
 pages = {19036--19052},
 title = {{QASA}: Advanced Question Answering on Scientific Articles},
 year = {2023}
}

@misc{que2024hellobenchevaluatinglongtext,
 archivePrefix = {arXiv},
 author = {Haoran Que and Feiyu Duan and Liqun He and Yutao Mou and Wangchunshu Zhou and Jiaheng Liu and Wenge Rong and Zekun Moore Wang and Jian Yang and Ge Zhang and Junran Peng and Zhaoxiang Zhang and Songyang Zhang and Kai Chen},
 eprint = {2409.16191},
 primaryClass = {cs.CL},
 title = {HelloBench: Evaluating Long Text Generation Capabilities of Large Language Models},
 url = {https://arxiv.org/abs/2409.16191},
 year = {2024}
}

@misc{qwen2025qwen25technicalreport,
 archivePrefix = {arXiv},
 author = {Qwen and : and An Yang and Baosong Yang and Beichen Zhang and Binyuan Hui and Bo Zheng and Bowen Yu and Chengyuan Li and Dayiheng Liu and Fei Huang and Haoran Wei and Huan Lin and Jian Yang and Jianhong Tu and Jianwei Zhang and Jianxin Yang and Jiaxi Yang and Jingren Zhou and Junyang Lin and Kai Dang and Keming Lu and Keqin Bao and Kexin Yang and Le Yu and Mei Li and Mingfeng Xue and Pei Zhang and Qin Zhu and Rui Men and Runji Lin and Tianhao Li and Tianyi Tang and Tingyu Xia and Xingzhang Ren and Xuancheng Ren and Yang Fan and Yang Su and Yichang Zhang and Yu Wan and Yuqiong Liu and Zeyu Cui and Zhenru Zhang and Zihan Qiu},
 eprint = {2412.15115},
 primaryClass = {cs.CL},
 title = {Qwen2.5 Technical Report},
 url = {https://arxiv.org/abs/2412.15115},
 year = {2025}
}

@misc{rasheed2025largelanguagemodelscode,
 archivePrefix = {arXiv},
 author = {Zeeshan Rasheed and Muhammad Waseem and Kai Kristian Kemell and Aakash Ahmad and Malik Abdul Sami and Jussi Rasku and Kari Systä and Pekka Abrahamsson},
 eprint = {2501.16998},
 primaryClass = {cs.SE},
 title = {Large Language Models for Code Generation: The Practitioners Perspective},
 url = {https://arxiv.org/abs/2501.16998},
 year = {2025}
}

@misc{salemi2025experteffectiveexplainableevaluation,
 archivePrefix = {arXiv},
 author = {Alireza Salemi and Julian Killingback and Hamed Zamani},
 eprint = {2501.14956},
 primaryClass = {cs.CL},
 title = {ExPerT: Effective and Explainable Evaluation of Personalized Long-Form Text Generation},
 url = {https://arxiv.org/abs/2501.14956},
 year = {2025}
}

@misc{salemi2025reasoningenhancedselftraininglongformpersonalized,
 archivePrefix = {arXiv},
 author = {Alireza Salemi and Cheng Li and Mingyang Zhang and Qiaozhu Mei and Weize Kong and Tao Chen and Zhuowan Li and Michael Bendersky and Hamed Zamani},
 eprint = {2501.04167},
 primaryClass = {cs.CL},
 title = {Reasoning-Enhanced Self-Training for Long-Form Personalized Text Generation},
 url = {https://arxiv.org/abs/2501.04167},
 year = {2025}
}

@misc{schmidgall2025agentlaboratoryusingllm,
 archivePrefix = {arXiv},
 author = {Samuel Schmidgall and Yusheng Su and Ze Wang and Ximeng Sun and Jialian Wu and Xiaodong Yu and Jiang Liu and Zicheng Liu and Emad Barsoum},
 eprint = {2501.04227},
 primaryClass = {cs.HC},
 title = {Agent Laboratory: Using LLM Agents as Research Assistants},
 url = {https://arxiv.org/abs/2501.04227},
 year = {2025}
}

@inproceedings{shao-etal-2024-assisting,
 author = {Shao, Yijia  and
Jiang, Yucheng  and
Kanell, Theodore  and
Xu, Peter  and
Khattab, Omar  and
Lam, Monica},
 booktitle = {Proc. of NAACL},
 pages = {6252--6278},
 title = {Assisting in Writing {W}ikipedia-like Articles From Scratch with Large Language Models},
 year = {2024}
}

@misc{shi2024segmentlongtextprocessing,
 archivePrefix = {arXiv},
 author = {Wei Shi and Shuang Li and Kerun Yu and Jinglei Chen and Zujie Liang and Xinhui Wu and Yuxi Qian and Feng Wei and Bo Zheng and Jiaqing Liang and Jiangjie Chen and Yanghua Xiao},
 eprint = {2410.06519},
 primaryClass = {cs.CL},
 title = {SEGMENT+: Long Text Processing with Short-Context Language Models},
 url = {https://arxiv.org/abs/2410.06519},
 year = {2024}
}

@inproceedings{stelmakh-etal-2022-asqa,
 author = {Stelmakh, Ivan  and
Luan, Yi  and
Dhingra, Bhuwan  and
Chang, Ming-Wei},
 booktitle = {Proc. of EMNLP},
 pages = {8273--8288},
 title = {{ASQA}: Factoid Questions Meet Long-Form Answers},
 year = {2022}
}

@misc{su2024headsbetteronemultiagent,
 archivePrefix = {arXiv},
 author = {Haoyang Su and Renqi Chen and Shixiang Tang and Xinzhe Zheng and Jingzhe Li and Zhenfei Yin and Wanli Ouyang and Nanqing Dong},
 eprint = {2410.09403},
 primaryClass = {cs.AI},
 title = {Two Heads Are Better Than One: A Multi-Agent System Has the Potential to Improve Scientific Idea Generation},
 url = {https://arxiv.org/abs/2410.09403},
 year = {2024}
}

@article{SWANSON1996358,
 author = {H.Lee Swanson and Virginia W. Berninger},
 journal = {Journal of Experimental Child Psychology},
 pages = {358-385},
 title = {Individual Differences in Children's Working Memory and Writing Skill},
 year = {1996}
}

@inproceedings{tan-etal-2024-proxyqa,
 author = {Tan, Haochen  and
Guo, Zhijiang  and
Shi, Zhan  and
Xu, Lu  and
Liu, Zhili  and
Feng, Yunlong  and
Li, Xiaoguang  and
Wang, Yasheng  and
Shang, Lifeng  and
Liu, Qun  and
Song, Linqi},
 booktitle = {Proc. of ACL},
 pages = {6806--6827},
 title = {{P}roxy{QA}: An Alternative Framework for Evaluating Long-Form Text Generation with Large Language Models},
 year = {2024}
}

@article{touvron2023llama,
 author = {Touvron, Hugo and Lavril, Thibaut and Izacard, Gautier and Martinet, Xavier and Lachaux, Marie-Anne and Lacroix, Timoth{\'e}e and Rozi{\`e}re, Baptiste and Goyal, Naman and Hambro, Eric and Azhar, Faisal and others},
 journal = {arXiv preprint arXiv:2302.13971},
 title = {Llama: Open and efficient foundation language models},
 year = {2023}
}

@inproceedings{wang-etal-2024-learning-personalized,
 author = {Wang, Danqing  and
Yang, Kevin  and
Zhu, Hanlin  and
Yang, Xiaomeng  and
Cohen, Andrew  and
Li, Lei  and
Tian, Yuandong},
 booktitle = {Proc. of EMNLP},
 pages = {13274--13292},
 title = {Learning Personalized Alignment for Evaluating Open-ended Text Generation},
 year = {2024}
}

@misc{wang2024generatinglongformstoryusing,
 archivePrefix = {arXiv},
 author = {Qianyue Wang and Jinwu Hu and Zhengping Li and Yufeng Wang and daiyuan li and Yu Hu and Mingkui Tan},
 eprint = {2412.13575},
 primaryClass = {cs.CL},
 title = {Generating Long-form Story Using Dynamic Hierarchical Outlining with Memory-Enhancement},
 url = {https://arxiv.org/abs/2412.13575},
 year = {2024}
}

@inproceedings{wei2022chain,
 author = {Wei, Jason and Wang, Xuezhi and Schuurmans, Dale and Bosma, Maarten and ichter, brian and Xia, Fei and Chi, Ed and Le, Quoc V and Zhou, Denny},
 booktitle = {Proc. of NeurIPS},
 pages = {24824--24837},
 title = {Chain-of-Thought Prompting Elicits Reasoning in Large Language Models},
 year = {2022}
}

@inproceedings{wu-etal-2024-large,
 author = {Wu, Zhenyu  and
Zeng, Qingkai  and
Zhang, Zhihan  and
Tan, Zhaoxuan  and
Shen, Chao  and
Jiang, Meng},
 booktitle = {Proc. of EMNLP},
 pages = {12846--12867},
 title = {Large Language Models Can Self-Correct with Key Condition Verification},
 year = {2024}
}

@article{wu2024longgenbench,
 author = {Wu, Yuhao and Hee, Ming Shan and Hu, Zhiqing and Lee, Roy Ka-Wei},
 journal = {ICLR},
 title = {Longgenbench: Benchmarking long-form generation in long context llms},
 year = {2024}
}

@article{xi2023risepotentiallargelanguage,
 archivePrefix = {arXiv},
 author = {Zhiheng Xi and Wenxiang Chen and Xin Guo and Wei He and Yiwen Ding and Boyang Hong and Ming Zhang and Junzhe Wang and Senjie Jin and Enyu Zhou and Rui Zheng and Xiaoran Fan and Xiao Wang and Limao Xiong and Yuhao Zhou and Weiran Wang and Changhao Jiang and Yicheng Zou and Xiangyang Liu and Zhangyue Yin and Shihan Dou and Rongxiang Weng and Wensen Cheng and Qi Zhang and Wenjuan Qin and Yongyan Zheng and Xipeng Qiu and Xuanjing Huang and Tao Gui},
 eprint = {2309.07864},
 journal = {arXiv preprint},
 primaryClass = {cs.AI},
 title = {The Rise and Potential of Large Language Model Based Agents: A Survey},
 year = {2023}
}

@inproceedings{xie-etal-2023-next,
 author = {Xie, Zhuohan  and
Cohn, Trevor  and
Lau, Jey Han},
 booktitle = {Proceedings of the 16th International Natural Language Generation Conference},
 pages = {323--351},
 title = {The Next Chapter: A Study of Large Language Models in Storytelling},
 year = {2023}
}

@inproceedings{Xie2024CreatingSS,
 author = {Kaige Xie and Mark Riedl},
 booktitle = {Proc. of EACL},
 title = {Creating Suspenseful Stories: Iterative Planning with Large Language Models},
 year = {2024}
}

@inproceedings{yang-etal-2022-re3,
 author = {Yang, Kevin  and
Tian, Yuandong  and
Peng, Nanyun  and
Klein, Dan},
 booktitle = {Proc. of EMNLP},
 pages = {4393--4479},
 title = {Re3: Generating Longer Stories With Recursive Reprompting and Revision},
 year = {2022}
}

@inproceedings{yang-etal-2023-doc,
 author = {Yang, Kevin  and
Klein, Dan  and
Peng, Nanyun  and
Tian, Yuandong},
 booktitle = {Proc. of ACL},
 pages = {3378--3465},
 title = {{DOC}: Improving Long Story Coherence With Detailed Outline Control},
 year = {2023}
}

@misc{qwen2.5,
    title = {Qwen2.5: A Party of Foundation Models},
    url = {https://qwenlm.github.io/blog/qwen2.5/},
    author = {Qwen Team},
    month = {September},
    year = {2024}
}

@misc{touvron2024llama,
  title={LLaMA 3: Open and Efficient Foundation Models}, 
  author={Hugo Touvron and Albert Jiang and others},
  year={2024},
  url={https://huggingface.co/meta-llama/Llama-3.3-70B-Instruct}
}


@misc{zhang2024llmbasedmultiagentpoetrygeneration,
 archivePrefix = {arXiv},
 author = {Ran Zhang and Steffen Eger},
 eprint = {2409.03659},
 primaryClass = {cs.CL},
 title = {LLM-based multi-agent poetry generation in non-cooperative environments},
 url = {https://arxiv.org/abs/2409.03659},
 year = {2024}
}

@misc{zhang2024longrewardimprovinglongcontextlarge,
 archivePrefix = {arXiv},
 author = {Jiajie Zhang and Zhongni Hou and Xin Lv and Shulin Cao and Zhenyu Hou and Yilin Niu and Lei Hou and Yuxiao Dong and Ling Feng and Juanzi Li},
 eprint = {2410.21252},
 primaryClass = {cs.CL},
 title = {LongReward: Improving Long-context Large Language Models with AI Feedback},
 url = {https://arxiv.org/abs/2410.21252},
 year = {2024}
}