@article{10.1007/s11704-024-40231-1,
 author = {Wang, Lei and Ma, Chen and Feng, Xueyang and Zhang, Zeyu and Yang, Hao and Zhang, Jingsen and Chen, Zhiyuan and Tang, Jiakai and Chen, Xu and Lin, Yankai and Zhao, Wayne Xin and Wei, Zhewei and Wen, Jirong},
 journal = {Front. Comput. Sci.},
 title = {A survey on large language model based autonomous agents},
 year = {2024}
}

@article{10410857,
 author = {Shahzad, Rimsha and Aslam, Muhammad and Al-Otaibi, Shaha T. and Javed, Muhammad Saqib and Khan, Amjad Rehman and Bahaj, Saeed Ali and Saba, Tanzila},
 journal = {IEEE Access},
 pages = {15458-15467},
 title = {Multi-Agent System for Students Cognitive Assessment in E-Learning Environment},
 year = {2024}
}

@inproceedings{2024autosurvey,
 author = {Wang, Yidong and Guo, Qi and Yao, Wenjin and Zhang, Hongbo and Zhang, Xin and Wu, Zhen and Zhang, Meishan and Dai, Xinyu and Zhang, Min and Wen, Qingsong and Ye, Wei and Zhang, Shikun and Zhang, Yue},
 booktitle = {Proc. of NeurIPS},
 title = {AutoSurvey: Large Language Models Can Automatically Write Surveys},
 year = {2024}
}

@article{DArcy2024MARGMR,
 author = {Mike D'Arcy and Tom Hope and Larry Birnbaum and Doug Downey},
 journal = {ArXiv},
 title = {MARG: Multi-Agent Review Generation for Scientific Papers},
 year = {2024}
}

@article{Ghafarollahi2024SciAgentsAS,
 author = {Alireza Ghafarollahi and Markus J. Buehler},
 journal = {Advanced materials},
 pages = {
e2413523
},
 title = {SciAgents: Automating Scientific Discovery Through Bioinspired Multi-Agent Intelligent Graph Reasoning.},
 year = {2024}
}

@article{Li2023TeachLT,
 author = {Cheng Li and Mingyang Zhang and Qiaozhu Mei and Yaqing Wang and Spurthi Amba Hombaiah and Yi Liang and Michael Bendersky},
 journal = {ArXiv},
 title = {Teach LLMs to Personalize - An Approach inspired by Writing Education},
 year = {2023}
}

@inproceedings{chen-etal-2024-evaluating-diversity,
 author = {Chen, Yanran  and
Gr{\"o}ner, Hannes  and
Zarrie{\ss}, Sina  and
Eger, Steffen},
 booktitle = {Proc. of EMNLP},
 pages = {19671--19692},
 title = {Evaluating Diversity in Automatic Poetry Generation},
 year = {2024}
}

@inproceedings{chen2025internet,
 author = {Weize Chen and Ziming You and Ran Li and yitong guan and Chen Qian and Chenyang Zhao and Cheng Yang and Ruobing Xie and Zhiyuan Liu and Maosong Sun},
 booktitle = {Proc. of ICLR},
 title = {Internet of Agents: Weaving a Web of Heterogeneous Agents for Collaborative Intelligence},
 year = {2025}
}

@inproceedings{dasigi-etal-2021-dataset,
 author = {Dasigi, Pradeep  and
Lo, Kyle  and
Beltagy, Iz  and
Cohan, Arman  and
Smith, Noah A.  and
Gardner, Matt},
 booktitle = {Proc. of NAACL},
 pages = {4599--4610},
 title = {A Dataset of Information-Seeking Questions and Answers Anchored in Research Papers},
 year = {2021}
}

@inproceedings{hong2024metagpt,
 author = {Sirui Hong and Mingchen Zhuge and Jonathan Chen and Xiawu Zheng and Yuheng Cheng and Jinlin Wang and Ceyao Zhang and Zili Wang and Steven Ka Shing Yau and Zijuan Lin and Liyang Zhou and Chenyu Ran and Lingfeng Xiao and Chenglin Wu and J{\"u}rgen Schmidhuber},
 booktitle = {Proc. of ICLR},
 title = {Meta{GPT}: Meta Programming for A Multi-Agent Collaborative Framework},
 year = {2024}
}

@inproceedings{hu-etal-2025-debate,
 author = {Hu, Zhe  and
Chan, Hou Pong  and
Li, Jing  and
Yin, Yu},
 booktitle = {Proc. of COLING},
 pages = {4689--4703},
 title = {Debate-to-Write: A Persona-Driven Multi-Agent Framework for Diverse Argument Generation},
 year = {2025}
}

@misc{huot2024agentsroomnarrativegeneration,
 archivePrefix = {arXiv},
 author = {Fantine Huot and Reinald Kim Amplayo and Jennimaria Palomaki and Alice Shoshana Jakobovits and Elizabeth Clark and Mirella Lapata},
 eprint = {2410.02603},
 primaryClass = {cs.CL},
 title = {Agents' Room: Narrative Generation through Multi-step Collaboration},
 url = {https://arxiv.org/abs/2410.02603},
 year = {2024}
}

@misc{kumar2024longlampbenchmarkpersonalizedlongform,
 archivePrefix = {arXiv},
 author = {Ishita Kumar and Snigdha Viswanathan and Sushrita Yerra and Alireza Salemi and Ryan A. Rossi and Franck Dernoncourt and Hanieh Deilamsalehy and Xiang Chen and Ruiyi Zhang and Shubham Agarwal and Nedim Lipka and Chien Van Nguyen and Thien Huu Nguyen and Hamed Zamani},
 eprint = {2407.11016},
 primaryClass = {cs.CL},
 title = {LongLaMP: A Benchmark for Personalized Long-form Text Generation},
 url = {https://arxiv.org/abs/2407.11016},
 year = {2024}
}

@inproceedings{liu-etal-2023-task,
 author = {Liu, Siyang  and
Deng, Naihao  and
Sabour, Sahand  and
Jia, Yilin  and
Huang, Minlie  and
Mihalcea, Rada},
 booktitle = {Proc. of EMNLP},
 pages = {15264--15281},
 title = {Task-Adaptive Tokenization: Enhancing Long-Form Text Generation Efficacy in Mental Health and Beyond},
 year = {2023}
}

@misc{pichlmair2024dramaengineframeworknarrative,
 archivePrefix = {arXiv},
 author = {Martin Pichlmair and Riddhi Raj and Charlene Putney},
 eprint = {2408.11574},
 primaryClass = {cs.AI},
 title = {Drama Engine: A Framework for Narrative Agents},
 url = {https://arxiv.org/abs/2408.11574},
 year = {2024}
}

@inproceedings{pmlr-v202-lee23n,
 author = {Lee, Yoonjoo and Lee, Kyungjae and Park, Sunghyun and Hwang, Dasol and Kim, Jaehyeon and Lee, Hong-In and Lee, Moontae},
 booktitle = {Proc. of ICML},
 pages = {19036--19052},
 title = {{QASA}: Advanced Question Answering on Scientific Articles},
 year = {2023}
}

@misc{que2024hellobenchevaluatinglongtext,
 archivePrefix = {arXiv},
 author = {Haoran Que and Feiyu Duan and Liqun He and Yutao Mou and Wangchunshu Zhou and Jiaheng Liu and Wenge Rong and Zekun Moore Wang and Jian Yang and Ge Zhang and Junran Peng and Zhaoxiang Zhang and Songyang Zhang and Kai Chen},
 eprint = {2409.16191},
 primaryClass = {cs.CL},
 title = {HelloBench: Evaluating Long Text Generation Capabilities of Large Language Models},
 url = {https://arxiv.org/abs/2409.16191},
 year = {2024}
}

@misc{salemi2025experteffectiveexplainableevaluation,
 archivePrefix = {arXiv},
 author = {Alireza Salemi and Julian Killingback and Hamed Zamani},
 eprint = {2501.14956},
 primaryClass = {cs.CL},
 title = {ExPerT: Effective and Explainable Evaluation of Personalized Long-Form Text Generation},
 url = {https://arxiv.org/abs/2501.14956},
 year = {2025}
}

@misc{salemi2025reasoningenhancedselftraininglongformpersonalized,
 archivePrefix = {arXiv},
 author = {Alireza Salemi and Cheng Li and Mingyang Zhang and Qiaozhu Mei and Weize Kong and Tao Chen and Zhuowan Li and Michael Bendersky and Hamed Zamani},
 eprint = {2501.04167},
 primaryClass = {cs.CL},
 title = {Reasoning-Enhanced Self-Training for Long-Form Personalized Text Generation},
 url = {https://arxiv.org/abs/2501.04167},
 year = {2025}
}

@inproceedings{shao-etal-2024-assisting,
 author = {Shao, Yijia  and
Jiang, Yucheng  and
Kanell, Theodore  and
Xu, Peter  and
Khattab, Omar  and
Lam, Monica},
 booktitle = {Proc. of NAACL},
 pages = {6252--6278},
 title = {Assisting in Writing {W}ikipedia-like Articles From Scratch with Large Language Models},
 year = {2024}
}

@inproceedings{stelmakh-etal-2022-asqa,
 author = {Stelmakh, Ivan  and
Luan, Yi  and
Dhingra, Bhuwan  and
Chang, Ming-Wei},
 booktitle = {Proc. of EMNLP},
 pages = {8273--8288},
 title = {{ASQA}: Factoid Questions Meet Long-Form Answers},
 year = {2022}
}

@misc{su2024headsbetteronemultiagent,
 archivePrefix = {arXiv},
 author = {Haoyang Su and Renqi Chen and Shixiang Tang and Xinzhe Zheng and Jingzhe Li and Zhenfei Yin and Wanli Ouyang and Nanqing Dong},
 eprint = {2410.09403},
 primaryClass = {cs.AI},
 title = {Two Heads Are Better Than One: A Multi-Agent System Has the Potential to Improve Scientific Idea Generation},
 url = {https://arxiv.org/abs/2410.09403},
 year = {2024}
}

@inproceedings{tan-etal-2024-proxyqa,
 author = {Tan, Haochen  and
Guo, Zhijiang  and
Shi, Zhan  and
Xu, Lu  and
Liu, Zhili  and
Feng, Yunlong  and
Li, Xiaoguang  and
Wang, Yasheng  and
Shang, Lifeng  and
Liu, Qun  and
Song, Linqi},
 booktitle = {Proc. of ACL},
 pages = {6806--6827},
 title = {{P}roxy{QA}: An Alternative Framework for Evaluating Long-Form Text Generation with Large Language Models},
 year = {2024}
}

@inproceedings{wang-etal-2024-learning-personalized,
 author = {Wang, Danqing  and
Yang, Kevin  and
Zhu, Hanlin  and
Yang, Xiaomeng  and
Cohen, Andrew  and
Li, Lei  and
Tian, Yuandong},
 booktitle = {Proc. of EMNLP},
 pages = {13274--13292},
 title = {Learning Personalized Alignment for Evaluating Open-ended Text Generation},
 year = {2024}
}

@misc{wang2024generatinglongformstoryusing,
 archivePrefix = {arXiv},
 author = {Qianyue Wang and Jinwu Hu and Zhengping Li and Yufeng Wang and daiyuan li and Yu Hu and Mingkui Tan},
 eprint = {2412.13575},
 primaryClass = {cs.CL},
 title = {Generating Long-form Story Using Dynamic Hierarchical Outlining with Memory-Enhancement},
 url = {https://arxiv.org/abs/2412.13575},
 year = {2024}
}

@article{wu2024longgenbench,
 author = {Wu, Yuhao and Hee, Ming Shan and Hu, Zhiqing and Lee, Roy Ka-Wei},
 journal = {ICLR},
 title = {Longgenbench: Benchmarking long-form generation in long context llms},
 year = {2024}
}

@inproceedings{yang-etal-2022-re3,
 author = {Yang, Kevin  and
Tian, Yuandong  and
Peng, Nanyun  and
Klein, Dan},
 booktitle = {Proc. of EMNLP},
 pages = {4393--4479},
 title = {Re3: Generating Longer Stories With Recursive Reprompting and Revision},
 year = {2022}
}

@inproceedings{yang-etal-2023-doc,
 author = {Yang, Kevin  and
Klein, Dan  and
Peng, Nanyun  and
Tian, Yuandong},
 booktitle = {Proc. of ACL},
 pages = {3378--3465},
 title = {{DOC}: Improving Long Story Coherence With Detailed Outline Control},
 year = {2023}
}

@misc{zhang2024llmbasedmultiagentpoetrygeneration,
 archivePrefix = {arXiv},
 author = {Ran Zhang and Steffen Eger},
 eprint = {2409.03659},
 primaryClass = {cs.CL},
 title = {LLM-based multi-agent poetry generation in non-cooperative environments},
 url = {https://arxiv.org/abs/2409.03659},
 year = {2024}
}

