@InProceedings{10.1007/978-3-319-49106-6_22,
author="Hori, Yoshiaki
and Mizoguchi, Seiichiro
and Miyazaki, Ryosuke
and Yamada, Akira
and Feng, Yaokai
and Kubota, Ayumu
and Sakurai, Kouichi",
editor="Barolli, Leonard
and Xhafa, Fatos
and Yim, Kangbin",
title="A Comprehensive Security Analysis Checksheet for OpenFlow Networks",
booktitle="Advances on Broad-Band Wireless Computing, Communication and Applications",
year="2017",
publisher="Springer International Publishing",
address="Cham",
pages="231--242",
}

@ARTICLE{7959044,
  author={Fonseca, Paulo CÃ©sar and Mota, Edjard Souza},
  journal={IEEE Communications Surveys \& Tutorials}, 
  title={A Survey on Fault Management in Software-Defined Networks}, 
  year={2017},
  volume={19},
  number={4},
  pages={2284-2321},
  keywords={Fault tolerant systems;Computer architecture;Software radio;Tutorials;Computer security;Fault management;software defined networks;fault tolerance;resiliency;failure recovery;failure;survivability;network verification;software-defined networking (SDN);OpenFlow},
  doi={10.1109/COMST.2017.2719862}}

@ARTICLE{8453007,
  author={Li, Yahui and Yin, Xia and Wang, Zhiliang and Yao, Jiangyuan and Shi, Xingang and Wu, Jianping and Zhang, Han and Wang, Qing},
  journal={IEEE Communications Surveys \& Tutorials}, 
  title={A Survey on Network Verification and Testing With Formal Methods: Approaches and Challenges}, 
  year={2019},
  volume={21},
  number={1},
  pages={940-969},
  keywords={Testing;Routing protocols;Control systems;Software;Reliability;Tools;Network verification;network testing;formal methods;network reliability;software-defined network},
  doi={10.1109/COMST.2018.2868050}}

@INPROCEEDINGS{9505089,
  author={Bhardwaj, Ayush and Zhou, Zhenyu and Benson, Theophilus A.},
  booktitle={2021 51st Annual IEEE/IFIP International Conference on Dependable Systems and Networks (DSN)}, 
  title={A Comprehensive Study of Bugs in Software Defined Networks}, 
  year={2021},
  volume={},
  number={},
  pages={101-115},
  keywords={Fault tolerance;Computer bugs;Taxonomy;Ecosystems;Fault tolerant systems;Manuals;Routing;SDN;Bugs;Fault-Tolerance;Taxonomy},
  doi={10.1109/DSN48987.2021.00026}}

