@article{McMahan2016fl,
  author    = {H. Brendan McMahan and
               Eider Moore and
               Daniel Ramage and
               Blaise Ag{\"{u}}era y Arcas},
  title     = {{Federated Learning of Deep Networks using Model Averaging}},
  journal   = {CoRR},
  volume    = {abs/1602.05629},
  year      = {2016},
  url       = {http://arxiv.org/abs/1602.05629},
  archivePrefix = {arXiv},
  eprint    = {1602.05629},
  timestamp = {Mon, 13 Aug 2018 16:48:01 +0200},
  biburl    = {https://dblp.org/rec/bib/journals/corr/McMahanMRA16},
  bibsource = {dblp computer science bibliography, https://dblp.org}
}

@inproceedings{abadi2016deep,
  title={{Deep Learning with Differential Privacy}},
  author={Abadi, Martin and Chu, Andy and Goodfellow, Ian and McMahan, H Brendan and Mironov, Ilya and Talwar, Kunal and Zhang, Li},
  booktitle={Proceedings of the 2016 ACM SIGSAC conference on computer and communications security},
  pages={308--318},
  year={2016}
}

@article{behera2022fedsyn,
  title={{FedSyn: Synthetic Data Generation using Federated Learning}},
  author={Behera, Monik Raj and Upadhyay, Sudhir and Shetty, Suresh and Priyadarshini, Sudha and Patel, Palka and Lee, Ker Farn},
  journal={arXiv preprint arXiv:2203.05931},
  year={2022}
}

@article{bojkovic2024differentially,
  title={{Differentially Private Synthetic Data with Private Density Estimation}},
  author={Bojkovic, Nikolija and Loh, Po-Ling},
  journal={arXiv preprint arXiv:2405.04554},
  year={2024}
}

@inproceedings{bommasani2019towards,
  title={{Towards Private Synthetic Text Generation}},
  author={Bommasani, Rishi and Wu, Steven and Schofield, Xanda},
  booktitle={NeurIPS 2019 Machine Learning with Guarantees Workshop},
  year={2019}
}

@article{du2023improving,
  title={{Improving Factuality and Reasoning in Language Models through Multiagent Debate}},
  author={Du, Yilun and Li, Shuang and Torralba, Antonio and Tenenbaum, Joshua B and Mordatch, Igor},
  journal={arXiv preprint arXiv:2305.14325},
  year={2023}
}

@article{fan2023fate,
  title={{Fate-LLM: A Industrial Grade Federated Learning Framework for Large Language Models}},
  author={Fan, Tao and Kang, Yan and Ma, Guoqiang and Chen, Weijing and Wei, Wenbin and Fan, Lixin and Yang, Qiang},
  journal={arXiv preprint arXiv:2310.10049},
  year={2023}
}

@article{flemings2024differentially,
  title={{Differentially Private Knowledge Distillation via Synthetic Text Generation}},
  author={Flemings, James and Annavaram, Murali},
  journal={arXiv preprint arXiv:2403.00932},
  year={2024}
}

@inproceedings{gao2024customizing,
  title={{Customizing Language Model Responses with Contrastive In-Context Learning}},
  author={Gao, Xiang and Das, Kamalika},
  booktitle={Proceedings of the AAAI Conference on Artificial Intelligence},
  volume={38},
  number={16},
  pages={18039--18046},
  year={2024}
}

@article{goetz2020federated,
  title={{Federated Learning via Synthetic Data}},
  author={Goetz, Jack and Tewari, Ambuj},
  journal={arXiv preprint arXiv:2008.04489},
  year={2020}
}

@inproceedings{hou2024pretext,
  title={{PrE-Text: Training Language Models on Private Federated Data in the Age of LLMs}},
  author={Hou, Charlie and Shrivastava, Akshat and Zhan, Hongyuan and Conway, Rylan and Le, Trang and Sagar, Adithya and Fanti, Giulia and Lazar, Daniel},
  year={2024},
  booktitle={Forty-first International Conference on Machine Learning}
}

@article{hurst2024gpt4o,
  title={{GPT-4o System Card}},
  author={Hurst, Aaron and Lerer, Adam and Goucher, Adam P and Perelman, Adam and Ramesh, Aditya and Clark, Aidan and Ostrow, AJ and Welihinda, Akila and Hayes, Alan and Radford, Alec and others},
  journal={arXiv preprint arXiv:2410.21276},
  year={2024}
}

@inproceedings{kuang2024federatedscope,
  title={{FederatedScope-LLM: A Comprehensive Package for Fine-tuning Large lLanguage Models in Federated Learning}},
  author={Kuang, Weirui and Qian, Bingchen and Li, Zitao and Chen, Daoyuan and Gao, Dawei and Pan, Xuchen and Xie, Yuexiang and Li, Yaliang and Ding, Bolin and Zhou, Jingren},
  booktitle={Proceedings of the 30th ACM SIGKDD Conference on Knowledge Discovery and Data Mining},
  pages={5260--5271},
  year={2024}
}

@article{li2024more,
  title={{More Agents is All You Need}},
  author={Li, Junyou and Zhang, Qin and Yu, Yangbin and Fu, Qiang and Ye, Deheng},
  journal={arXiv preprint arXiv:2402.05120},
  year={2024}
}

@article{li2024visual,
  title={{Visual Prompt Based Personalized Federated Learning}},
  author={Li, Guanghao and Wu, Wansen and Sun, Yan and Shen, Li and Wu, Baoyuan and Tao, Dacheng},
  journal={Transactions on Machine Learning Research},
  year={2024}
}

@article{liang2024context,
  title={{In-context Contrastive Learning for Event Causality Identification}},
  author={Liang, Chao and Xiang, Wei and Wang, Bang},
  journal={arXiv preprint arXiv:2405.10512},
  year={2024}
}

@inproceedings{lin2024differentially,
  title={{Differentially Private Synthetic Data via Foundation Model APIs 1: Images}},
  author={Lin, Zinan and Gopi, Sivakanth and Kulkarni, Janardhan and Nori, Harsha and Yekhanin, Sergey},
  year={2024},
  booktitle={The Twelfth International Conference on Learning Representations}
}

@article{little2023federated,
  title={{Federated Learning for Generating Synthetic Data: A Scoping Review}},
  author={Little, Claire and Elliot, Mark and Allmendinger, Richard},
  journal={International Journal of Population Data Science},
  volume={8},
  number={1},
  year={2023},
  publisher={Swansea University}
}

@inproceedings{liu2023dynamic,
  title={{A Dynamic LLM-Powered Agent Network for Task-Oriented Agent Collaboration}},
  author={Liu, Zijun and Zhang, Yanzhe and Li, Peng and Liu, Yang and Yang, Diyi},
  booktitle={Proceedings of the 1st Conference on Language Modeling (COLM 2024).},
  year={2024}
}

@inproceedings{liu2024language,
  title={{Language-Guided Transformer for Federated Multi-Label Classification}},
  author={Liu, I-Jieh and Lin, Ci-Siang and Yang, Fu-En and Wang, Yu-Chiang Frank},
  booktitle={Proceedings of the AAAI Conference on Artificial Intelligence},
  volume={38},
  number={12},
  pages={13882--13890},
  year={2024}
}

@inproceedings{mattern2022differentially,
  title={{Differentially Private Language Models for Secure Data Sharing}},
  author={Mattern, Justus and Jin, Zhijing and Weggenmann, Benjamin and Schoelkopf, Bernhard and Sachan, Mrinmaya},
  booktitle={Proceedings of the 2022 Conference on Empirical Methods in Natural Language Processing},
  pages={4860--4873},
  year={2022}
}

@article{mavromatis2024pack,
  title={{Pack of LLMs: Model Fusion at Test-Time via Perplexity Optimization}},
  author={Mavromatis, Costas and Karypis, Petros and Karypis, George},
  journal={arXiv preprint arXiv:2404.11531},
  year={2024}
}

@article{miyanishi2024multimodal,
  title={{Multimodal Contrastive In-Context Learning}},
  author={Miyanishi, Yosuke and Nguyen, Minh Le},
  journal={arXiv preprint arXiv:2408.12959},
  year={2024}
}

@article{mo2024cicl,
  title={{C-ICL: Contrastive In-Context Learning for Information Extraction}},
  author={Mo, Ying and Liu, Jiahao and Yang, Jian and Wang, Qifan and Zhang, Shun and Wang, Jingang and Li, Zhoujun},
  journal={arXiv preprint arXiv:2402.11254},
  year={2024}
}

@inproceedings{nagesh2024private,
  title={{Private Text Generation by Seeding Large Language Model Prompts}},
  author={Nagesh, Supriya and Chen, Justin Y and Mishra, Nina and Wagner, Tal},
  year = {2024},
  booktitle={GenAI for Health: Potential, Trust and Policy Compliance}
}

@inproceedings{nguyen2022begin,
  title={{Where to Begin? On the Impact of Pre-Training and Initialization in Federated Learning}},
  author={Nguyen, John and Wang, Jianyu and Malik, Kshitiz and Sanjabi, Maziar and Rabbat, Michael},
  booktitle={The Eleventh International Conference on Learning Representations},
  year={2022}
}

@online{openai2021gpt3-5,
  author = {{OpenAI}},
  title = {{GPT-3.5-Turbo}},
  year = 2021,
  url = {https://platform.openai.com/docs/models/gpt-3-5-turbo},
  urldate = {2024-06-12}
}

@online{openai2023gpt4,
  author = {{OpenAI}},
  title = {{GPT-4-Turbo and GPT-4}},
  year = 2023,
  url = {https://platform.openai.com/docs/models/gpt-4-turbo-and-gpt-4},
  urldate = {2024-06-12}
}

@misc{putta2023differentially,
  title={{Differentially Private Conditional Text Generation For Synthetic Data Production}},
  author={Pranav Putta and Ander Steele and Joseph W Ferrara},
  year={2023},
  url={https://openreview.net/forum?id=LUql3ZOFwFD}
}

@inproceedings{ren2024towards,
  title={{Towards Understanding How Transformers Learn In-context Through a Representation Learning Lens}},
  author={Ruifeng Ren and Yong Liu},
  booktitle={The Thirty-eighth Annual Conference on Neural Information Processing Systems},
  year={2024},
  url={https://openreview.net/forum?id=dB6gwSDXKL}
}

@article{tan2022federated,
  title={{Federated Learning from Pre-trained Models: A Contrastive Learning Approach}},
  author={Tan, Yue and Long, Guodong and Ma, Jie and Liu, Lu and Zhou, Tianyi and Jiang, Jing},
  journal={Advances in Neural Information Processing Systems},
  volume={35},
  pages={19332--19344},
  year={2022}
}

@article{wan2024fusechat,
  title={{FuseChat: Knowledge Fusion of Chat Models}},
  author={Wan, Fanqi and Yang, Ziyi and Zhong, Longguang and Quan, Xiaojun and Huang, Xinting and Bi, Wei},
  journal={arXiv preprint arXiv:2402.16107},
  year={2024}
}

@inproceedings{wan2024knowledge,
  title={{Knowledge Fusion of Large Language Models}},
  author={Wan, Fanqi and Huang, Xinting and Cai, Deng and Quan, Xiaojun and Bi, Wei and Shi, Shuming},
  booktitle={Proceedings of The Twelfth International Conference on Learning Representations},
  year={2024},
  url={https://openreview.net/forum?id=jiDsk12qcz}
}

@inproceedings{xie2024differentially,
  title={{Differentially Private Synthetic Data via Foundation Model APIs 2: Tex}t},
  author={Xie, Chulin and Lin, Zinan and Backurs, Arturs and Gopi, Sivakanth and Yu, Da and Inan, Huseyin A and Nori, Harsha and Jiang, Haotian and Zhang, Huishuai and Lee, Yin Tat and others},
  year={2024},
  booktitle={Forty-first International Conference on Machine Learning}
}

@inproceedings{yang2023efficient, 
  title={{Efficient Model Personalization in Federated Learning via Client-specific Prompt Generation}},
  author={Yang, Fu-En and Wang, Chien-Yi and Wang, Yu-Chiang Frank},
  booktitle={Proceedings of the IEEE/CVF International Conference on Computer Vision},
  pages={19159--19168},
  year={2023}
}

@inproceedings{ye2024openfedllm,
  title={{OpenFedLLM: Training Large Language Models on Decentralized Private Data via Federated Learning}},
  author={Ye, Rui and Wang, Wenhao and Chai, Jingyi and Li, Dihan and Li, Zexi and Xu, Yinda and Du, Yaxin and Wang, Yanfeng and Chen, Siheng},
  booktitle={Proceedings of the 30th ACM SIGKDD Conference on Knowledge Discovery and Data Mining},
  pages={6137--6147},
  year={2024}
}

@inproceedings{yue2023synthetic,
  title={{Synthetic Text Generation with Differential Privacy: A Simple and Practical Recipe}},
  author={Yue, Xiang and Inan, Huseyin and Li, Xuechen and Kumar, Girish and McAnallen, Julia and Shajari, Hoda and Sun, Huan and Levitan, David and Sim, Robert},
  booktitle={Proceedings of the 61st Annual Meeting of the Association for Computational Linguistics (Volume 1: Long Papers)},
  pages={1321--1342},
  year={2023}
}

@inproceedings{zhao2024generate,
  title={{Generate Synthetic Text Approximating the Private Distribution with Differential Privacy}},
  author={Zhao, Wenhao and Song, Shaoyang and Zhou, Chunlai},
  booktitle={Proceedings of the Thirty-Third International Joint Conference on Artificial Intelligence},
  pages={6651--6659},
  year={2024}
}

@article{zheng2024safely,
  title={{Safely Learning with Private Data: A Federated Learning Framework for Large Language Model}},
  author={Zheng, JiaYing and Zhang, HaiNan and Wang, LingXiang and Qiu, WangJie and Zheng, HongWei and Zheng, ZhiMing},
  journal={arXiv preprint arXiv:2406.14898},
  year={2024}
}

@inproceedings{zou2024fusegen,
    title = "{{FuseGen: PLM Fusion for Data-generation based Zero-shot Learning}}",
    author = {Zou, Tianyuan and Liu, Yang and Li, Peng and Zhang, Jianqing and Liu, Jingjing and Zhang, Ya-Qin},
    editor = "Al-Onaizan, Yaser  and Bansal, Mohit  and Chen, Yun-Nung",
    booktitle = "Proceedings of the 2024 Conference on Empirical Methods in Natural Language Processing",
    month = nov,
    year = "2024",
    pages = "2172--2190",
}

