@misc{corbet2011,
	title        = {{Transparent Huge Pages in 2.6.38}},
	author       = {Jonathan Corbet},
	year         = 2011,
	howpublished = {\url{https://lwn.net/inproceedingss/423584/}}
}
@article{atkins1991performance,
  title={Performance and the i860 microprocessor},
  author={Atkins, Mark},
  journal={IEEE Micro},
  volume={11},
  number={5},
  pages={24--27},
  year={1991},
  publisher={IEEE}
}
@inproceedings{carlson2011sniper,
  title={Sniper: Exploring the level of abstraction for scalable and accurate parallel multi-core simulation},
  author={Carlson, Trevor E and Heirman, Wim and Eeckhout, Lieven},
  booktitle={Proceedings of 2011 International Conference for High Performance Computing, Networking, Storage and Analysis},
  pages={1--12},
  year={2011}
}
@article{carlson2014evaluation,
  title={An evaluation of high-level mechanistic core models},
  author={Carlson, Trevor E and Heirman, Wim and Eyerman, Stijn and Hur, Ibrahim and Eeckhout, Lieven},
  journal={ACM Transactions on Architecture and Code Optimization (TACO)},
  volume={11},
  number={3},
  pages={1--25},
  year={2014},
  publisher={ACM New York, NY, USA}
}
@inproceedings{hyun2024pathfinding,
  title={Pathfinding Future PIM Architectures by Demystifying a Commercial PIM Technology},
  author={Hyun, Bongjoon and Kim, Taehun and Lee, Dongjae and Rhu, Minsoo},
  booktitle={2024 IEEE International Symposium on High-Performance Computer Architecture (HPCA)},
  pages={263--279},
  year={2024},
  organization={IEEE}
}
@incollection{mutlu2022modern,
  title={A modern primer on processing in memory},
  author={Mutlu, Onur and Ghose, Saugata and G{\'o}mez-Luna, Juan and Ausavarungnirun, Rachata},
  booktitle={Emerging computing: from devices to systems: looking beyond Moore and Von Neumann},
  pages={171--243},
  year={2022},
  publisher={Springer}
}
@inproceedings{picorel2017near,
  title={Near-memory address translation},
  author={Picorel, Javier and Jevdjic, Djordje and Falsafi, Babak},
  booktitle={2017 26th International Conference on Parallel Architectures and Compilation Techniques (PACT)},
  pages={303--317},
  year={2017},
  organization={Ieee}
}
@inproceedings{boroumand2018google,
  title={Google workloads for consumer devices: Mitigating data movement bottlenecks},
  author={Boroumand, Amirali and Ghose, Saugata and Kim, Youngsok and Ausavarungnirun, Rachata and Shiu, Eric and Thakur, Rahul and Kim, Daehyun and Kuusela, Aki and Knies, Allan and Ranganathan, Parthasarathy and others},
  booktitle={Proceedings of the Twenty-Third International Conference on Architectural Support for Programming Languages and Operating Systems},
  pages={316--331},
  year={2018}
}
@inproceedings{li2012optimal,
  title={Optimal bypass monitor for high performance last-level caches},
  author={Li, Lingda and Tong, Dong and Xie, Zichao and Lu, Junlin and Cheng, Xu},
  booktitle={Proceedings of the 21st international conference on Parallel architectures and compilation techniques},
  pages={315--324},
  year={2012}
}
@article{denning1970virtual,
  title={Virtual memory},
  author={Denning, Peter J},
  journal={ACM Computing Surveys (CSUR)},
  volume={2},
  number={3},
  pages={153--189},
  year={1970},
  publisher={ACM New York, NY, USA}
}
@inproceedings{nai2015graphbig,
  title={GraphBIG: understanding graph computing in the context of industrial solutions},
  author={Nai, Lifeng and Xia, Yinglong and Tanase, Ilie G and Kim, Hyesoon and Lin, Ching-Yung},
  booktitle={Proceedings of the International Conference for High Performance Computing, Networking, Storage and Analysis},
  pages={1--12},
  year={2015}
}
@article{tramm2014xsbench,
  title={XSBench-the development and verification of a performance abstraction for Monte Carlo reactor analysis},
  author={Tramm, John R and Siegel, Andrew R and Islam, Tanzima and Schulz, Martin},
  journal={The Role of Reactor Physics toward a Sustainable Future (PHYSOR)},
  year={2014}
}
@inproceedings{plimpton2006simple,
  title={A simple synchronous distributed-memory algorithm for the HPCC RandomAccess benchmark},
  author={Plimpton, Steven J and Brightwell, Ron and Vaughan, Courtenay and Underwood, Keith and Davis, Mike},
  booktitle={2006 IEEE International Conference on Cluster Computing},
  pages={1--7},
  year={2006},
  organization={IEEE}
}
@article{naumov2019deep,
  title={Deep learning recommendation model for personalization and recommendation systems},
  author={Naumov, Maxim and Mudigere, Dheevatsa and Shi, Hao-Jun Michael and Huang, Jianyu and Sundaraman, Narayanan and Park, Jongsoo and Wang, Xiaodong and Gupta, Udit and Wu, Carole-Jean and Azzolini, Alisson G and others},
  journal={arXiv preprint arXiv:1906.00091},
  year={2019}
}
@inproceedings{subramaniyan2021genomicsbench,
  title={Genomicsbench: A benchmark suite for genomics},
  author={Subramaniyan, Arun and Gu, Yufeng and Dunn, Timothy and Paul, Somnath and Vasimuddin, Md and Misra, Sanchit and Blaauw, David and Narayanasamy, Satish and Das, Reetuparna},
  booktitle={2021 IEEE International Symposium on Performance Analysis of Systems and Software (ISPASS)},
  pages={1--12},
  year={2021},
  organization={IEEE}
}
@inproceedings{fatima2023vpim,
  title={vPIM: Efficient Virtual Address Translation for Scalable Processing-in-Memory Architectures},
  author={Fatima, Amel and Liu, Sihang and Seemakhupt, Korakit and Ausavarungnirun, Rachata and Khan, Samira},
  booktitle={2023 60th ACM/IEEE Design Automation Conference (DAC)},
  pages={1--6},
  year={2023},
  organization={IEEE}
}
@article{gomez2021benchmarking,
  title={Benchmarking a new paradigm: An experimental analysis of a real processing-in-memory architecture},
  author={G{\'o}mez-Luna, Juan and Hajj, Izzat El and Fernandez, Ivan and Giannoula, Christina and Oliveira, Geraldo F and Mutlu, Onur},
  journal={arXiv preprint arXiv:2105.03814},
  year={2021}
}
@inproceedings{kanellopoulos2023utopia,
  title={Utopia: Fast and Efficient Address Translation via Hybrid Restrictive \& Flexible Virtual-to-Physical Address Mappings},
  author={Kanellopoulos, Konstantinos and Bera, Rahul and Stojiljkovic, Kosta and Bostanci, F Nisa and Firtina, Can and Ausavarungnirun, Rachata and Kumar, Rakesh and Hajinazar, Nastaran and Sadrosadati, Mohammad and Vijaykumar, Nandita and others},
  booktitle={Proceedings of the 56th Annual IEEE/ACM International Symposium on Microarchitecture},
  pages={1196--1212},
  year={2023}
}
@book{bhattacharjee2017architectural,
  title={Architectural and operating system support for virtual memory},
  author={Bhattacharjee, Abhishek and Lustig, Daniel},
  year={2017},
  publisher={Morgan \& Claypool Publishers}
}

@inproceedings{giannoula2021syncron,
  title={Syncron: Efficient synchronization support for near-data-processing architectures},
  author={Giannoula, Christina and Vijaykumar, Nandita and Papadopoulou, Nikela and Karakostas, Vasileios and Fernandez, Ivan and G{\'o}mez-Luna, Juan and Orosa, Lois and Koziris, Nectarios and Goumas, Georgios and Mutlu, Onur},
  booktitle={2021 IEEE International Symposium on High-Performance Computer Architecture (HPCA)},
  pages={263--276},
  year={2021},
  organization={IEEE}
}

@electronic{hmc,
  author={Hybrid Memory Cube Consortium},
  title={HMC Specification 2.0},
  year={2014}
}

@misc{hbm,
	title        = {{High Bandwidth Memory (HBM) DRAM}},
	author       = {JEDEC},
    year         = {2021},
	howpublished = {\url{https://www.jedec.org/standards-documents/docs/jesd235a}}
}

@misc{hbm2,
	author       = {{JEDEC Solid State Technology Assn.}},
	title        = {{JESD23-5D: High Bandwidth Memory (HBM) DRAM Standard}},
	month        = {March},
	year         = 2021
}
@article{oliveira2021damov,
  title={DAMOV: A new methodology and benchmark suite for evaluating data movement bottlenecks},
  author={Oliveira, Geraldo F and G{\'o}mez-Luna, Juan and Orosa, Lois and Ghose, Saugata and Vijaykumar, Nandita and Fernandez, Ivan and Sadrosadati, Mohammad and Mutlu, Onur},
  journal={IEEE Access},
  volume={9},
  pages={134457--134502},
  year={2021},
  publisher={IEEE}
}
@inproceedings{boroumand2019conda,
  title={CoNDA: Efficient cache coherence support for near-data accelerators},
  author={Boroumand, Amirali and Ghose, Saugata and Patel, Minesh and Hassan, Hasan and Lucia, Brandon and Ausavarungnirun, Rachata and Hsieh, Kevin and Hajinazar, Nastaran and Malladi, Krishna T and Zheng, Hongzhong and others},
  booktitle={Proceedings of the 46th International Symposium on Computer Architecture},
  pages={629--642},
  year={2019}
}

@article{el1985intel,
  title={The Intel 80386 Architecture And Implementation},
  author={El-Ayat, Khaled and Agarwal, Rakesh},
  journal={IEEE Micro},
  volume={5},
  number={06},
  pages={4--22},
  year={1985},
  publisher={IEEE Computer Society}
}

@inproceedings{park2022every,
  title={Every walkâ€™s a hit: making page walks single-access cache hits},
  author={Park, Chang Hyun and Vougioukas, Ilias and Sandberg, Andreas and Black-Schaffer, David},
  booktitle={Proceedings of the 27th ACM International Conference on Architectural Support for Programming Languages and Operating Systems},
  pages={128--141},
  year={2022}
}

@inproceedings{kanellopoulos2023victima,
  title={Victima: Drastically Increasing Address Translation Reach by Leveraging Underutilized Cache Resources},
  author={Kanellopoulos, Konstantinos and Nam, Hong Chul and Bostanci, Nisa and Bera, Rahul and Sadrosadati, Mohammad and Kumar, Rakesh and Bartolini, Davide Basilio and Mutlu, Onur},
  booktitle={Proceedings of the 56th Annual IEEE/ACM International Symposium on Microarchitecture},
  pages={1178--1195},
  year={2023}
}

@inproceedings{skarlatos2020elastic,
  title={Elastic cuckoo page tables: Rethinking virtual memory translation for parallelism},
  author={Skarlatos, Dimitrios and Kokolis, Apostolos and Xu, Tianyin and Torrellas, Josep},
  booktitle={Proceedings of the Twenty-Fifth International Conference on Architectural Support for Programming Languages and Operating Systems},
  pages={1093--1108},
  year={2020}
}
@article{ryoo2017rethinking,
  title={Rethinking TLB designs in virtualized environments: A very large part-of-memory TLB},
  author={Ryoo, Jee Ho and Gulur, Nagendra and Song, Shuang and John, Lizy K},
  journal={ACM SIGARCH Computer Architecture News},
  volume={45},
  number={2},
  pages={469--480},
  year={2017},
  publisher={ACM New York, NY, USA}
}
@inproceedings{ainsworth2021compendia,
  title={Compendia: reducing virtual-memory costs via selective densification},
  author={Ainsworth, Sam and Jones, Timothy M},
  booktitle={Proceedings of the 2021 ACM SIGPLAN International Symposium on Memory Management},
  pages={52--65},
  year={2021}
}
@inproceedings{gupta2021rebooting,
  title={Rebooting virtual memory with midgard},
  author={Gupta, Siddharth and Bhattacharyya, Atri and Oh, Yunho and Bhattacharjee, Abhishek and Falsafi, Babak and Payer, Mathias},
  booktitle={2021 ACM/IEEE 48th Annual International Symposium on Computer Architecture (ISCA)},
  pages={512--525},
  year={2021},
  organization={IEEE}
}
@inproceedings{kwon2016coordinated,
  title={Coordinated and efficient huge page management with ingens},
  author={Kwon, Youngjin and Yu, Hangchen and Peter, Simon and Rossbach, Christopher J and Witchel, Emmett},
  booktitle={12th USENIX Symposium on Operating Systems Design and Implementation (OSDI 16)},
  pages={705--721},
  year={2016}
}
@article{barr2010translation,
  title={Translation caching: skip, don't walk (the page table)},
  author={Barr, Thomas W and Cox, Alan L and Rixner, Scott},
  journal={ACM SIGARCH Computer Architecture News},
  volume={38},
  number={3},
  pages={48--59},
  year={2010},
  publisher={ACM New York, NY, USA}
}
@article{mittal2016survey,
  title={A survey of cache bypassing techniques},
  author={Mittal, Sparsh},
  journal={Journal of Low Power Electronics and Applications},
  volume={6},
  number={2},
  pages={5},
  year={2016},
  publisher={MDPI}
}
@inproceedings{chi1989improving,
  title={Improving cache performance by selective cache bypass},
  author={Chi, C-H and Dietz, Henry},
  booktitle={Proceedings of the Twenty-Second Annual Hawaii International Conference on System Sciences. Volume 1: Architecture Track},
  volume={1},
  pages={277--278},
  year={1989},
  organization={IEEE Computer Society}
}