@inproceedings{fatima2023vpim,
  title={vPIM: Efficient Virtual Address Translation for Scalable Processing-in-Memory Architectures},
  author={Fatima, Amel and Liu, Sihang and Seemakhupt, Korakit and Ausavarungnirun, Rachata and Khan, Samira},
  booktitle={2023 60th ACM/IEEE Design Automation Conference (DAC)},
  pages={1--6},
  year={2023},
  organization={IEEE}
}

@inproceedings{picorel2017near,
  title={Near-memory address translation},
  author={Picorel, Javier and Jevdjic, Djordje and Falsafi, Babak},
  booktitle={2017 26th International Conference on Parallel Architectures and Compilation Techniques (PACT)},
  pages={303--317},
  year={2017},
  organization={Ieee}
}

