@article{junczys2018approaching,
  title={Approaching neural grammatical error correction as a low-resource machine translation task},
  author={Junczys-Dowmunt, Marcin and Grundkiewicz, Roman and Guha, Shubha and Heafield, Kenneth},
  journal={arXiv preprint arXiv:1804.05940},
  year={2018}
}
@inproceedings{chollampatt2018multilayer,
  title={A multilayer convolutional encoder-decoder neural network for grammatical error correction},
  author={Chollampatt, Shamil and Ng, Hwee Tou},
  booktitle={Proceedings of the AAAI conference on artificial intelligence},
  volume={32},

  year={2018}
}
@article{solyman2022automatic,
  title={Automatic Arabic Grammatical Error Correction based on Expectation-Maximization routing and target-bidirectional agreement},
  author={Solyman, Aiman and Wang, Zhenyu and Tao, Qian and Elhag, Arafat Abdulgader Mohammed and Zhang, Rui and Mahmoud, Zeinab},
  journal={Knowledge-Based Systems},
  volume={241},
  pages={108180},
  year={2022},
  publisher={Elsevier}
}
@article{solyman2023optimizing,
  title={Optimizing the impact of data augmentation for low-resource grammatical error correction},
  author={Solyman, Aiman and Zappatore, Marco and Zhenyu, Wang and Mahmoud, Zeinab and Alfatemi, Ali and Ibrahim, Ashraf Osman and Gabralla, Lubna Abdelkareim},
  journal={Journal of King Saud University-Computer and Information Sciences},
  volume={35},
  number={6},
  pages={101572},
  year={2023},
  publisher={Elsevier}
}
@article{solyman2021synthetic,
  title={Synthetic data with neural machine translation for automatic correction in arabic grammar},
  author={Solyman, Aiman and Zhenyu, Wang and Qian, Tao and Elhag, Arafat Abdulgader Mohammed and Toseef, Muhammad and Aleibeid, Zeinab},
  journal={Egyptian Informatics Journal},
  volume={22},
  number={3},
  pages={303--315},
  year={2021},
  publisher={Elsevier}
}

@article{kiyono2019empirical,
  title={An empirical study of incorporating pseudo data into grammatical error correction},
  author={Kiyono, Shun and Suzuki, Jun and Mita, Masato and Mizumoto, Tomoya and Inui, Kentaro},
  journal={arXiv preprint arXiv:1909.00502},
  year={2019}
}
@article{lichtarge2019corpora,
  title={Corpora generation for grammatical error correction},
  author={Lichtarge, Jared and Alberti, Chris and Kumar, Shankar and Shazeer, Noam and Parmar, Niki and Tong, Simon},
  journal={arXiv preprint arXiv:1904.05780},
  year={2019}
}
@article{ehsan2013grammatical,
  title={Grammatical and context-sensitive error correction using a statistical machine translation framework},
  author={Ehsan, Nava and Faili, Heshaam},
  journal={Software: Practice and Experience},
  volume={43},
  number={2},
  pages={187--206},
  year={2013},
  publisher={Wiley Online Library}
}
@article{bijankhan2006naghshe,
  title={Naghshe Peykarehaye Zabani dar Neveshtane Dasture Zaban: Mo'arrefiye yek Narmafzare Rayane'i [the Role of Corpus in generating grammar: Presenting a computational software and Corpus]},
  author={Bijankhan, M},
  journal={Iranian Linguistic Journal},
  volume={19},
  pages={48--67},
  year={2006}
}
@article{marcus1993building,
  title={Building a large annotated corpus of English: The Penn Treebank},
  author={Marcus, Mitch and Santorini, Beatrice and Marcinkiewicz, Mary Ann},
  journal={Computational linguistics},
  volume={19},
  number={2},
  pages={313--330},
  year={1993}
}
@inproceedings{zhao2020maskgec,
  title={Maskgec: Improving neural grammatical error correction via dynamic masking},
  author={Zhao, Zewei and Wang, Houfeng},
  booktitle={Proceedings of the AAAI conference on artificial intelligence},
  volume={34},
  number={01},
  pages={1226--1233},
  year={2020}
}
@inproceedings{grundkiewicz2019neural,
  title={Neural grammatical error correction systems with unsupervised pre-training on synthetic data},
  author={Grundkiewicz, Roman and Junczys-Dowmunt, Marcin and Heafield, Kenneth},
  booktitle={Proceedings of the fourteenth workshop on innovative use of NLP for building educational applications},
  pages={252--263},
  year={2019}
}
@article{choe2019neural,
  title={A neural grammatical error correction system built on better pre-training and sequential transfer learning},
  author={Choe, Yo Joong and Ham, Jiyeon and Park, Kyubyong and Yoon, Yeoil},
  journal={arXiv preprint arXiv:1907.01256},
  year={2019}
}
@inproceedings{xu2019erroneous,
  title={Erroneous data generation for grammatical error correction},
  author={Xu, Shuyao and Zhang, Jiehao and Chen, Jin and Qin, Long},
  booktitle={Proceedings of the Fourteenth Workshop on Innovative Use of NLP for Building Educational Applications},
  pages={149--158},
  year={2019}
}
@article{rei2017artificial,
  title={Artificial error generation with machine translation and syntactic patterns},
  author={Rei, Marek and Felice, Mariano and Yuan, Zheng and Briscoe, Ted},
  journal={arXiv preprint arXiv:1707.05236},
  year={2017}
}
@article{kasewa2018wronging,
  title={Wronging a right: Generating better errors to improve grammatical error detection},
  author={Kasewa, Sudhanshu and Stenetorp, Pontus and Riedel, Sebastian},
  journal={arXiv preprint arXiv:1810.00668},
  year={2018}
}
@inproceedings{xie2018noising,
  title={Noising and denoising natural language: Diverse backtranslation for grammar correction},
  author={Xie, Ziang and Genthial, Guillaume and Xie, Stanley and Ng, Andrew Y and Jurafsky, Dan},
  booktitle={Proceedings of the 2018 Conference of the North American Chapter of the Association for Computational Linguistics: Human Language Technologies, Volume 1 (Long Papers)},
  pages={619--628},
  year={2018}
}
@article{zhou2019improving,
  title={Improving grammatical error correction with machine translation pairs},
  author={Zhou, Wangchunshu and Ge, Tao and Mu, Chang and Xu, Ke and Wei, Furu and Zhou, Ming},
  journal={arXiv preprint arXiv:1911.02825},
  year={2019}
}
@incollection{shaalan2019challenges,
  title={Challenges in Arabic natural language processing},
  author={Shaalan, Khaled and Siddiqui, Sanjeera and Alkhatib, Manar and Abdel Monem, Azza},
  booktitle={Computational linguistics, speech and image processing for arabic language},
  pages={59--83},
  year={2019},
  publisher={World Scientific}
}
@inproceedings{mohit2014first,
  title={The first QALB shared task on automatic text correction for Arabic},
  author={Mohit, Behrang and Rozovskaya, Alla and Habash, Nizar and Zaghouani, Wajdi and Obeid, Ossama},
  booktitle={Proceedings of the EMNLP 2014 Workshop on Arabic Natural Language Processing (ANLP)},
  pages={39--47},
  year={2014}
}
@inproceedings{rozovskaya2015second,
  title={The second QALB shared task on automatic text correction for Arabic},
  author={Rozovskaya, Alla and Bouamor, Houda and Habash, Nizar and Zaghouani, Wajdi and Obeid, Ossama and Mohit, Behrang},
  booktitle={Proceedings of the Second workshop on Arabic natural language processing},
  pages={26--35},
  year={2015}
}
@inproceedings{jeblee2014cmuq,
  title={CMUQ@ QALB-2014: An SMT-based system for automatic Arabic error correction},
  author={Jeblee, Serena and Bouamor, Houda and Zaghouani, Wajdi and Oflazer, Kemal},
  booktitle={Proceedings of the EMNLP 2014 Workshop on Arabic Natural Language Processing (ANLP)},
  pages={137--142},
  year={2014}
}
@inproceedings{obeid2013web,
  title={A web-based annotation framework for large-scale text correction},
  author={Obeid, Ossama and Zaghouani, Wajdi and Mohit, Behrang and Habash, Nizar and Oflazer, Kemal and Tomeh, Nadi},
  booktitle={The Companion Volume of the Proceedings of IJCNLP 2013: System Demonstrations},
  pages={1--4},
  year={2013}
}
@article{kwon2023chatgpt,
  title={ChatGPT for Arabic Grammatical Error Correction},
  author={Kwon, Sang Yun and Bhatia, Gagan and Nagoud, El Moatez Billah and Abdul-Mageed, Muhammad},
  journal={arXiv preprint arXiv:2308.04492},
  year={2023}
}
@article{el20161,
  title={1.5 billion words arabic corpus},
  author={El-Khair, Ibrahim Abu},
  journal={arXiv preprint arXiv:1611.04033},
  year={2016}
}
@article{tagset2011error,
  title={Error Annotation of the Arabic Learner Corpus},
  author={Tagset, A New Error},
  journal={},
  year={2011}
}

@inproceedings{antoun2020arabert,
  title={AraBERT: Transformer-based Model for Arabic Language Understanding},
  author={Antoun, Wissam and Baly, Fady and Hajj, Hazem},
  booktitle={LREC 2020 Workshop Language Resources and Evaluation Conference 11--16 May 2020},
  year={2020},
  pages={9}
}

@inproceedings{husain2021leveraging,
  title={Leveraging offensive language for sarcasm and sentiment detection in Arabic},
  author={Husain, Fatemah and Uzuner, Ozlem},
  booktitle={Proceedings of the Sixth Arabic Natural Language Processing Workshop},
  pages={364--369},
  year={2021}
}
@article{abdul2020arbert,
  title={ARBERT \& MARBERT: Deep bidirectional transformers for Arabic},
  author={Abdul-Mageed, Muhammad and Elmadany, AbdelRahim and Nagoudi, El Moatez Billah},
  journal={arXiv preprint arXiv:2101.01785},
  year={2020}
}
@article{inoue2021interplay,
  title={The interplay of variant, size, and task type in Arabic pre-trained language models},
  author={Inoue, Go and Alhafni, Bashar and Baimukan, Nurpeiis and Bouamor, Houda and Habash, Nizar},
  journal={arXiv preprint arXiv:2103.06678},
  year={2021}
}

@article{he2020deberta,
  title={Deberta: Decoding-enhanced bert with disentangled attention},
  author={He, Pengcheng and Liu, Xiaodong and Gao, Jianfeng and Chen, Weizhu},
  journal={arXiv preprint arXiv:2006.03654},
  year={2020}
}

@article{he2021debertav3,
  title={Debertav3: Improving deberta using electra-style pre-training with gradient-disentangled embedding sharing},
  author={He, Pengcheng and Gao, Jianfeng and Chen, Weizhu},
  journal={arXiv preprint arXiv:2111.09543},
  year={2021}
}
@inproceedings{aloyaynaa2023arabic,
  title={Arabic Grammatical Error Detection Using Transformers-based Pretrained Language Models},
  author={AlOyaynaa, Sarah and Kotb, Yasser},
  booktitle={ITM Web of Conferences},
  volume={56},
  pages={04009},
  year={2023},
  organization={EDP Sciences}
}
@article{belkebir2021automatic,
  title={Automatic error type annotation for Arabic},
  author={Belkebir, Riadh and Habash, Nizar},
  journal={arXiv preprint arXiv:2109.08068},
  year={2021}
}
@article{raffel2020exploring,
  title={Exploring the limits of transfer learning with a unified text-to-text transformer},
  author={Raffel, Colin and Shazeer, Noam and Roberts, Adam and Lee, Katherine and Narang, Sharan and Matena, Michael and Zhou, Yanqi and Li, Wei and Liu, Peter J},
  journal={Journal of machine learning research},
  volume={21},
  number={140},
  pages={1--67},
  year={2020}
}
@article{xue2022byt5,
  title={Byt5: Towards a token-free future with pre-trained byte-to-byte models},
  author={Xue, Linting and Barua, Aditya and Constant, Noah and Al-Rfou, Rami and Narang, Sharan and Kale, Mihir and Roberts, Adam and Raffel, Colin},
  journal={Transactions of the Association for Computational Linguistics},
  volume={10},
  pages={291--306},
  year={2022},
  publisher={MIT Press One Broadway, 12th Floor, Cambridge, Massachusetts 02142, USA~…}
}
@article{xue2020mt5,
  title={mt5: A massively multilingual pre-trained text-to-text transformer},
  author={Xue, L},
  journal={arXiv preprint arXiv:2010.11934},
  year={2020}
}
@article{nagoudi2021arat5,
  title={AraT5: Text-to-text transformers for Arabic language generation},
  author={Nagoudi, El Moatez Billah and Elmadany, AbdelRahim and Abdul-Mageed, Muhammad},
  journal={arXiv preprint arXiv:2109.12068},
  year={2021}
}
@inproceedings{wu2017unified,
  title={A unified view of multi-label performance measures},
  author={Wu, Xi-Zhu and Zhou, Zhi-Hua},
  booktitle={international conference on machine learning},
  pages={3780--3788},
  year={2017},
  organization={PMLR}
}
@article{huang2021balancing,
  title={Balancing methods for multi-label text classification with long-tailed class distribution},
  author={Huang, Yi and Giledereli, Buse and K{\"o}ksal, Abdullatif and {\"O}zg{\"u}r, Arzucan and Ozkirimli, Elif},
  journal={arXiv preprint arXiv:2109.04712},
  year={2021}
}
@article{yang1999evaluation,
  title={An evaluation of statistical approaches to text categorization},
  author={Yang, Yiming},
  journal={Information retrieval},
  volume={1},

  pages={69--90},
  year={1999},
  publisher={Springer}
}
@book{herrera2016multilabel,
  title={Multilabel classification},
  author={Herrera, Francisco and Charte, Francisco and Rivera, Antonio J and Del Jesus, Mar{\'\i}a J and Herrera, Francisco and Charte, Francisco and Rivera, Antonio J and del Jesus, Mar{\'\i}a J},
  year={2016},
  publisher={Springer}
}
@inproceedings{yang2009effective,
  title={Effective multi-label active learning for text classification},
  author={Yang, Bishan and Sun, Jian-Tao and Wang, Tengjiao and Chen, Zheng},
  booktitle={Proceedings of the 15th ACM SIGKDD international conference on Knowledge discovery and data mining},
  pages={917--926},
  year={2009}
}
@inproceedings{wolf2020transformers,
  title={Transformers: State-of-the-art natural language processing},
  author={Wolf, Thomas and Debut, Lysandre and Sanh, Victor and Chaumond, Julien and Delangue, Clement and Moi, Anthony and Cistac, Pierric and Rault, Tim and Louf, R{\'e}mi and Funtowicz, Morgan and others},
  booktitle={Proceedings of the 2020 conference on empirical methods in natural language processing: system demonstrations},
  pages={38--45},
  year={2020}
}
@inproceedings{suarez2019asynchronous,
  title={Asynchronous pipeline for processing huge corpora on medium to low resource infrastructures},
  author={Su{\'a}rez, Pedro Javier Ortiz and Sagot, Beno{\^\i}t and Romary, Laurent},
  booktitle={7th Workshop on the Challenges in the Management of Large Corpora (CMLC-7)},
  year={2019},
  organization={Leibniz-Institut f{\"u}r Deutsche Sprache}
}
@inproceedings{zeroual2019osian,
  title={OSIAN: Open source international Arabic news corpus-preparation and integration into the CLARIN-infrastructure},
  author={Zeroual, Imad and Goldhahn, Dirk and Eckart, Thomas and Lakhouaja, Abdelhak},
  booktitle={Proceedings of the fourth arabic natural language processing workshop},
  pages={175--182},
  year={2019}
}
@article{suarez2020monolingual,
  title={A monolingual approach to contextualized word embeddings for mid-resource languages},
  author={Su{\'a}rez, Pedro Javier Ortiz and Romary, Laurent and Sagot, Beno{\^\i}t},
  journal={arXiv preprint arXiv:2006.06202},
  year={2020}
}
@article{sennrich2015improving,
  title={Improving neural machine translation models with monolingual data},
  author={Sennrich, Rico},
  journal={arXiv preprint arXiv:1511.06709},
  year={2015}
}
@article{madi2019a7,
  title={A7' ta: Data on a monolingual Arabic parallel corpus for grammar checking},
  author={Madi, Nora and Al-Khalifa, Hend S},
  journal={Data in brief},
  volume={22},
  pages={237},
  year={2019},
  publisher={Elsevier}
}
@article{zhu2015aligning,
  title={Aligning Books and Movies: Towards Story-like Visual Explanations by Watching Movies and Reading Books},
  author={Zhu, Yukun},
  journal={arXiv preprint arXiv:1506.06724},
  year={2015}
}
@article{gokaslanopenwebtext,
  title={Openwebtext corpus, 2019},
  author={Gokaslan, Aaron and Cohen, Vanya and Pavlick, E and Tellex, S},
  journal={URL http://Skylion007. github. io/OpenWebTextCorpus},
  pages={9},  year={2019}
}
@article{trinh2018simple,
  title={A simple method for commonsense reasoning},
  author={Trinh, Trieu H and Le, Quoc V},
  journal={arXiv preprint arXiv:1806.02847},
  year={2018}
}
@inproceedings{alfaifi2012arabic,
  title={Arabic Learner Corpora (ALC): a taxonomy of coding errors},
  author={Alfaifi, Abdullah and Atwell, Eric},
  booktitle={The 8th International Computing Conference in Arabic},
  year={2012} 
}
@inproceedings{habash2005arabic,
  title={Arabic tokenization, part-of-speech tagging and morphological disambiguation in one fell swoop},
  author={Habash, Nizar and Rambow, Owen},
  booktitle={Proceedings of the 43rd annual meeting of the association for computational linguistics (ACL’05)},
  pages={573--580},
  year={2005}
}
@article{farwaneh2012arabic,
  title={Arabic Learners Written Corpus: A Resource for Research and Learning. Retrieved 2 September, 2012, from the the University of Arizona},
  author={Farwaneh, S and Tamimi, M},
  journal={the Center for Educational Resources in Culture, Language and Literacy web site: http://l2arabiccorpus. cercll. arizona. edu},
  year={2012}
}
@inproceedings{habash2009mada+,
  title={MADA+ TOKAN: A toolkit for Arabic tokenization, diacritization, morphological disambiguation, POS tagging, stemming and lemmatization},
  author={Habash, Nizar and Rambow, Owen and Roth, Ryan},
  booktitle={Proceedings of the 2nd international conference on Arabic language resources and tools (MEDAR), Cairo, Egypt},
  volume={41},
  pages={62},
  year={2009}
}
@inproceedings{habash2022zaebuc,
  title={ZAEBUC: An annotated Arabic-English bilingual writer corpus},
  author={Habash, Nizar and Palfreyman, David},
  booktitle={Proceedings of the Thirteenth Language Resources and Evaluation Conference},
  pages={79--88},
  year={2022}
}
@inproceedings{dahlmeier2012better,
  title={Better evaluation for grammatical error correction},
  author={Dahlmeier, Daniel and Ng, Hwee Tou},
  booktitle={Proceedings of the 2012 Conference of the North American Chapter of the Association for Computational Linguistics: Human Language Technologies},
  pages={568--572},
  year={2012}
}