@article{austin2023structured,
      title={Structured Denoising Diffusion Models in Discrete State-Spaces}, 
      author={Jacob Austin and Daniel D. Johnson and Jonathan Ho and Daniel Tarlow and Rianne van den Berg},
      year={2021},  
      journal = {NeruIPS}
}

@article{chang2022maskgit,
  author={Chang, Huiwen and Zhang, Han and Jiang, Lu and Liu, Ce and Freeman, William T.},
  journal = {CVPR},
  year = {2022},
  title={MaskGIT: Masked Generative Image Transformer}}

@article{chen2024convergence,
      title={Convergence Analysis of Discrete Diffusion Model: Exact Implementation through Uniformization}, 
      author={Hongrui Chen and Lexing Ying},
      year={2024},
      journal={arXiv preprint arXiv: 2402.08095},
}

@article{chen2024premise,
  title={Premise order matters in reasoning with large language models},
  author={Chen, Xinyun and Chi, Ryan A and Wang, Xuezhi and Zhou, Denny},
  journal={arXiv preprint arXiv:2402.08939},
  year={2024}
}

@inproceedings{devlin-etal-2019-bert,
    title = "{BERT}: Pre-training of Deep Bidirectional Transformers for Language Understanding",
    author = "Devlin, Jacob  and
      Chang, Ming-Wei  and
      Lee, Kenton  and
      Toutanova, Kristina",
    booktitle = "Proceedings of the 2019 Conference of the North {A}merican Chapter of the Association for Computational Linguistics: Human Language Technologies, Volume 1 (Long and Short Papers)",
    year = "2019",
    pages = "4171--4186",
}

@article{golovneva2024reverse,
  title={Reverse training to nurse the reversal curse},
  author={Golovneva, Olga and Allen-Zhu, Zeyuan and Weston, Jason and Sukhbaatar, Sainbayar},
  journal={arXiv preprint arXiv:2403.13799},
  year={2024}
}

@article{gong2024scaling,
  title={Scaling Diffusion Language Models via Adaptation from Autoregressive Models},
  author={Gong, Shansan and Agarwal, Shivam and Zhang, Yizhe and Ye, Jiacheng and Zheng, Lin and Li, Mukai and An, Chenxin and Zhao, Peilin and Bi, Wei and Han, Jiawei and others},
  journal={arXiv preprint arXiv:2410.17891},
  year={2024}
}

@article{ho2020denoising,
  title={Denoising diffusion probabilistic models},
  author={Ho, Jonathan and Jain, Ajay and Abbeel, Pieter},
  journal={Advances in neural information processing systems},
  volume={33},
  pages={6840--6851},
  year={2020}
}

@article{hoogeboom2021argmax,
      title={Argmax Flows and Multinomial Diffusion: Learning Categorical Distributions}, 
      author={Emiel Hoogeboom and Didrik Nielsen and Priyank Jaini and Patrick Forr√© and Max Welling},
      year={2021},  
      journal = {NeurIPS}
}

@article{hoogeboom2022autoregressive,
  title={Autoregressive diffusion models},
  author={Hoogeboom, Emiel and Gritsenko, Alexey A and Bastings, Jasmijn and Poole, Ben and Berg, Rianne van den and Salimans, Tim},
  journal={arXiv preprint arXiv:2110.02037},
  year={2021}
}

@article{kitouni2024factorization,
  title={The factorization curse: Which tokens you predict underlie the reversal curse and more},
  author={Kitouni, Ouail and Nolte, Niklas S and Williams, Adina and Rabbat, Michael and Bouchacourt, Diane and Ibrahim, Mark},
  journal={Advances in Neural Information Processing Systems},
  volume={37},
  pages={112329--112355},
  year={2025}
}

@inproceedings{liao-etal-2020-probabilistically,
    title = "Probabilistically Masked Language Model Capable of Autoregressive Generation in Arbitrary Word Order",
    author = "Liao, Yi  and
      Jiang, Xin  and
      Liu, Qun",
    booktitle = "Proceedings of the 58th Annual Meeting of the Association for Computational Linguistics",
    year = "2020",
    publisher = "Association for Computational Linguistics",
    pages = "263--274",
}

@article{liu2024copula,
  title={Discrete Copula Diffusion},
  author={Liu, Anji and Broadrick, Oliver and Niepert, Mathias and Broeck, Guy Van den},
  journal={arXiv preprint arXiv:2410.01949},
  year={2024}
}

@article{liu2024think,
  title={Think While You Generate: Discrete Diffusion with Planned Denoising},
  author={Liu, Sulin and Nam, Juno and Campbell, Andrew and St{\"a}rk, Hannes and Xu, Yilun and Jaakkola, Tommi and G{\'o}mez-Bombarelli, Rafael},
  journal={arXiv preprint arXiv:2410.06264},
  year={2024}
}

@article{lou2024discrete,
  title={Discrete Diffusion Modeling by Estimating the Ratios of the Data Distribution},
  author={Aaron Lou and Chenlin Meng and Stefano Ermon},
  journal={ICML},
  year={2024}
}

@article{nie2024scaling,
  title={Scaling up Masked Diffusion Models on Text},
  author={Nie, Shen and Zhu, Fengqi and Du, Chao and Pang, Tianyu and Liu, Qian and Zeng, Guangtao and Lin, Min and Li, Chongxuan},
  journal={arXiv preprint arXiv:2410.18514},
  year={2024}
}

@article{papadopoulos2024arrows,
  title={Arrows of time for large language models},
  author={Papadopoulos, Vassilis and Wenger, J{\'e}r{\'e}mie and Hongler, Cl{\'e}ment},
  journal={arXiv preprint arXiv:2401.17505},
  year={2024}
}

@article{peng2025path,
  title={Path Planning for Masked Diffusion Model Sampling},
  author={Peng, Fred Zhangzhi and Bezemek, Zachary and Patel, Sawan and Yao, Sherwood and Rector-Brooks, Jarrid and Tong, Alexander and Chatterjee, Pranam},
  journal={arXiv preprint arXiv:2502.03540},
  year={2025}
}

@article{rectorbrooks2024steering,
  title={Steering masked discrete diffusion models via discrete denoising posterior prediction},
  author={Rector-Brooks, Jarrid and Hasan, Mohsin and Peng, Zhangzhi and Quinn, Zachary and Liu, Chenghao and Mittal, Sarthak and Dziri, Nouha and Bronstein, Michael and Bengio, Yoshua and Chatterjee, Pranam and others},
  journal={arXiv preprint arXiv:2410.08134},
  year={2024}
}

@article{sahoo2024simple,
  title={Simple and effective masked diffusion language models},
  author={Sahoo, Subham and Arriola, Marianne and Schiff, Yair and Gokaslan, Aaron and Marroquin, Edgar and Chiu, Justin and Rush, Alexander and Kuleshov, Volodymyr},
  journal={Advances in Neural Information Processing Systems},
  volume={37},
  pages={130136--130184},
  year={2025}
}

@article{schiff2024simple,
  title={Simple Guidance Mechanisms for Discrete Diffusion Models},
  author={Schiff, Yair and Sahoo, Subham Sekhar and Phung, Hao and Wang, Guanghan and Boshar, Sam and Dalla-torre, Hugo and de Almeida, Bernardo P and Rush, Alexander and Pierrot, Thomas and Kuleshov, Volodymyr},
  journal={arXiv preprint arXiv:2412.10193},
  year={2024}
}

@article{shi2025simplified,
      title={Simplified and Generalized Masked Diffusion for Discrete Data}, 
      author={Jiaxin Shi and Kehang Han and Zhe Wang and Arnaud Doucet and Michalis K. Titsias},
      year={2024},
      journal = {NeurIPS}
}

@article{shih2022training,
  title={Training and inference on any-order autoregressive models the right way},
  author={Shih, Andy and Sadigh, Dorsa and Ermon, Stefano},
  journal={NeurIPS},
  year={2022}
}

@article{sohldickstein2015deep,
      title={Deep Unsupervised Learning using Nonequilibrium Thermodynamics}, 
      author={Jascha Sohl-Dickstein and Eric A. Weiss and Niru Maheswaranathan and Surya Ganguli},
      year={2015},  
      journal = {ICML}
}

@article{song2021score,
      title={Score-Based Generative Modeling through Stochastic Differential Equations}, 
      author={Yang Song and Jascha Sohl-Dickstein and Diederik P. Kingma and Abhishek Kumar and Stefano Ermon and Ben Poole},
      year={2021},  
      journal = {ICLR}
}

@article{varma2024glauber,
      title={Glauber Generative Model: Discrete Diffusion Models via Binary Classification}, 
      author={Harshit Varma and Dheeraj Nagaraj and Karthikeyan Shanmugam},
      year={2024},
      journal ={arXiv preprint arXiv: 2405.17035}
}

@article{xu2024energy,
      title={Energy-Based Diffusion Language Models for Text Generation}, 
      author={Minkai Xu and Tomas Geffner and Karsten Kreis and Weili Nie and Yilun Xu and Jure Leskovec and Stefano Ermon and Arash Vahdat},
      year={2024},
      journal={arxiv preprint arXiv: 2410.21357},
}

@article{ye2024beyond,
      title={Beyond Autoregression: Discrete Diffusion for Complex Reasoning and Planning}, 
      author={Jiacheng Ye and Jiahui Gao and Shansan Gong and Lin Zheng and Xin Jiang and Zhenguo Li and Lingpeng Kong},
      year={2024},
      journal ={arXiv preprint arXiv: 2410.14157} 
}

@article{zheng2024maskeddiffusionmodelssecretly,
  title={Masked diffusion models are secretly time-agnostic masked models and exploit inaccurate categorical sampling},
  author={Zheng, Kaiwen and Chen, Yongxin and Mao, Hanzi and Liu, Ming-Yu and Zhu, Jun and Zhang, Qinsheng},
  journal={arXiv preprint arXiv:2409.02908},
  year={2024}
}

@article{zheng2024reparameterized,
  title={A reparameterized discrete diffusion model for text generation},
  author={Zheng, Lin and Yuan, Jianbo and Yu, Lei and Kong, Lingpeng},
  journal={arXiv preprint arXiv:2302.05737},
  year={2023}
}

