@article{holtzman2019curious,
  title={The curious case of neural text degeneration},
  author={Holtzman, Ari and Buys, Jan and Du, Li and Forbes, Maxwell and Choi, Yejin},
  journal={arXiv preprint arXiv:1904.09751},
  year={2019}
}

@inproceedings{blum1993cryptographic,
  title={Cryptographic primitives based on hard learning problems},
  author={Blum, Avrim and Furst, Merrick and Kearns, Michael and Lipton, Richard J},
  booktitle={Annual International Cryptology Conference},
  pages={278--291},
  year={1993},
  organization={Springer}
}

@inproceedings{alekhnovich2003more,
  title={More on average case vs approximation complexity},
  author={Alekhnovich, Michael},
  booktitle={44th Annual IEEE Symposium on Foundations of Computer Science, 2003. Proceedings.},
  pages={298--307},
  year={2003},
  organization={IEEE}
}

@article{gamarnik2021overlap,
  title={The overlap gap property: A topological barrier to optimizing over random structures},
  author={Gamarnik, David},
  journal={Proceedings of the National Academy of Sciences},
  volume={118},
  number={41},
  pages={e2108492118},
  year={2021},
  publisher={National Acad Sciences}
}

@article{aubin2019storage,
  title={Storage capacity in symmetric binary perceptrons},
  author={Aubin, Benjamin and Perkins, Will and Zdeborov{\'a}, Lenka},
  journal={Journal of Physics A: Mathematical and Theoretical},
  volume={52},
  number={29},
  pages={294003},
  year={2019},
  publisher={IOP Publishing}
}

@article{alaoui2024hardness,
  title={Hardness of sampling solutions from the Symmetric Binary Perceptron},
  author={Alaoui, Ahmed El and Gamarnik, David},
  journal={arXiv preprint arXiv:2407.16627},
  year={2024}
}

@INPROCEEDINGS {liu2022statistical,
author = { Liu, Siqi and Mohanty, Sidhanth and Raghavendra, Prasad },
booktitle = { 2021 IEEE 62nd Annual Symposium on Foundations of Computer Science (FOCS) },
title = {{ On statistical inference when fixed points of belief propagation are unstable }},
year = {2022},
volume = {},
ISSN = {},
pages = {395-405},
publisher = {IEEE Computer Society}}


@article{montanari2008estimating,
author = {Montanari, Andrea},
title = {Estimating random variables from random sparse observations},
journal = {European Transactions on Telecommunications},
volume = {19},
number = {4},
pages = {385-403},
year = {2008}
}



@article{PhysRevE.84.066106,
  title = {Asymptotic analysis of the stochastic block model for modular networks and its algorithmic applications},
  author = {Decelle, Aurelien and Krzakala, Florent and Moore, Cristopher and Zdeborov\'a, Lenka},
  journal = {Phys. Rev. E},
  volume = {84},
  issue = {6},
  pages = {066106},
  numpages = {19},
  year = {2011},
  month = {Dec},
  publisher = {American Physical Society}
}

@misc{soboleva2023slimpajama,
  author    = {Daria Soboleva and Faisal Al-Khateeb and Robert Myers and Jacob R. Steeves and Joel Hestness and Nolan Dey},
  title     = {SlimPajama: A 627B Token Cleaned and Deduplicated Version of RedPajama},
  year      = {2023},
  month     = {June},
  url       = {https://www.cerebras.net/blog/slimpajama-a-627b-token-cleaned-and-deduplicated-version-of-redpajama}
}

@article{loshchilov2019decoupled,
  title={Decoupled weight decay regularization},
  author={Loshchilov, Ilya and Hutter, Frank},
  journal={arXiv preprint arXiv:1711.05101},
  year={2017}
}

@article{kaplan2020scaling,
  title={Scaling laws for neural language models},
  author={Kaplan, Jared and McCandlish, Sam and Henighan, Tom and Brown, Tom B and Chess, Benjamin and Child, Rewon and Gray, Scott and Radford, Alec and Wu, Jeffrey and Amodei, Dario},
  journal={arXiv preprint arXiv:2001.08361},
  year={2020}
}

@article{hoffmann2022trainingcomputeoptimallargelanguage,
  title={Training compute-optimal large language models},
  author={Hoffmann, Jordan and Borgeaud, Sebastian and Mensch, Arthur and Buchatskaya, Elena and Cai, Trevor and Rutherford, Eliza and Casas, Diego de Las and Hendricks, Lisa Anne and Welbl, Johannes and Clark, Aidan and others},
  journal={arXiv preprint arXiv:2203.15556},
  year={2022}
}

@article{zhang2024tinyllama,
      title={TinyLlama: An Open-Source Small Language Model}, 
      author={Peiyuan Zhang and Guangtao Zeng and Tianduo Wang and Wei Lu},
      year={2024},
      journal={arXiv preprint arXiv: 2401.02385},
}


@article{bormashenko2011coupling,
      title={A Coupling Argument for the Random Transposition Walk}, 
      author={Olena Bormashenko},
      year={2011},
      journal = {arXiv preprint arXiv: 1109.3915}
}


@article{coja2020replica,
  title={The replica symmetric phase of random constraint satisfaction problems},
  author={Coja-Oghlan, Amin and Kapetanopoulos, Tobias and M{\"u}ller, Noela},
  journal={Combinatorics, Probability and Computing},
  volume={29},
  number={3},
  pages={346--422},
  year={2020},
  publisher={Cambridge University Press}
}

@article{krzakala2009hiding,
  title={Hiding quiet solutions in random constraint satisfaction problems},
  author={Krzakala, Florent and Zdeborov{\'a}, Lenka},
  journal={Physical review letters},
  volume={102},
  number={23},
  pages={238701},
  year={2009},
  publisher={APS}
}


@article{kitouni2024factorization,
  title={The factorization curse: Which tokens you predict underlie the reversal curse and more},
  author={Kitouni, Ouail and Nolte, Niklas S and Williams, Adina and Rabbat, Michael and Bouchacourt, Diane and Ibrahim, Mark},
  journal={Advances in Neural Information Processing Systems},
  volume={37},
  pages={112329--112355},
  year={2025}
}

@article{gong2024scaling,
  title={Scaling Diffusion Language Models via Adaptation from Autoregressive Models},
  author={Gong, Shansan and Agarwal, Shivam and Zhang, Yizhe and Ye, Jiacheng and Zheng, Lin and Li, Mukai and An, Chenxin and Zhao, Peilin and Bi, Wei and Han, Jiawei and others},
  journal={arXiv preprint arXiv:2410.17891},
  year={2024}
}

@article{liu2024think,
  title={Think While You Generate: Discrete Diffusion with Planned Denoising},
  author={Liu, Sulin and Nam, Juno and Campbell, Andrew and St{\"a}rk, Hannes and Xu, Yilun and Jaakkola, Tommi and G{\'o}mez-Bombarelli, Rafael},
  journal={arXiv preprint arXiv:2410.06264},
  year={2024}
}

@article{song2021score,
      title={Score-Based Generative Modeling through Stochastic Differential Equations}, 
      author={Yang Song and Jascha Sohl-Dickstein and Diederik P. Kingma and Abhishek Kumar and Stefano Ermon and Ben Poole},
      year={2021},  
      journal = {ICLR}
}

@article{golovneva2024reverse,
  title={Reverse training to nurse the reversal curse},
  author={Golovneva, Olga and Allen-Zhu, Zeyuan and Weston, Jason and Sukhbaatar, Sainbayar},
  journal={arXiv preprint arXiv:2403.13799},
  year={2024}
}

@article{kim2024task,
  title={Task Diversity Shortens the ICL Plateau},
  author={Kim, Jaeyeon and Kwon, Sehyun and Choi, Joo Young and Park, Jongho and Cho, Jaewoong and Lee, Jason D and Ryu, Ernest K},
  journal={arXiv preprint arXiv:2410.05448},
  year={2024}
}

@article{andreas2016benefit,
  author  = {Andreas Maurer and Massimiliano Pontil and Bernardino Romera-Paredes},
  title   = {The Benefit of Multitask Representation Learning},
  journal = {JMLR},
  year    = {2016},
  volume  = {17},
  number  = {81},
  pages   = {1--32}
}

@article{dhariwal2021diffusionmodelsbeatgans,
      title={Diffusion Models Beat GANs on Image Synthesis}, 
      author={Prafulla Dhariwal and Alex Nichol},
      year={2021},
      journal = {NeurIPS}
}

@article{ho2022video,
      title={Video Diffusion Models}, 
      author={Jonathan Ho and Tim Salimans and Alexey Gritsenko and William Chan and Mohammad Norouzi and David J. Fleet},
      year={2022},  
      journal = {NeurIPS}
}

@article{chen2020wave,
      title={WaveGrad: Estimating Gradients for Waveform Generation}, 
      author={Nanxin Chen and Yu Zhang and Heiga Zen and Ron J. Weiss and Mohammad Norouzi and William Chan},
      year={2021},
      journal = {ICLR}
}

@article{ruder2017overview,
      title={An Overview of Multi-Task Learning in Deep Neural Networks}, 
      author={Sebastian Ruder},
      year={2017},
      journal ={arXiv 1706.05098}
}

@article{tripuraneni2022provablem,
      title={Provable Meta-Learning of Linear Representations}, 
      author={Nilesh Tripuraneni and Chi Jin and Michael I. Jordan},
      year={2021},
      journal = {ICML} 
}


@article{hoogeboom2021argmax,
      title={Argmax Flows and Multinomial Diffusion: Learning Categorical Distributions}, 
      author={Emiel Hoogeboom and Didrik Nielsen and Priyank Jaini and Patrick Forr√© and Max Welling},
      year={2021},  
      journal = {NeurIPS}
}

@article{sohldickstein2015deep,
      title={Deep Unsupervised Learning using Nonequilibrium Thermodynamics}, 
      author={Jascha Sohl-Dickstein and Eric A. Weiss and Niru Maheswaranathan and Surya Ganguli},
      year={2015},  
      journal = {ICML}
}

@article{peng2025path,
  title={Path Planning for Masked Diffusion Model Sampling},
  author={Peng, Fred Zhangzhi and Bezemek, Zachary and Patel, Sawan and Yao, Sherwood and Rector-Brooks, Jarrid and Tong, Alexander and Chatterjee, Pranam},
  journal={arXiv preprint arXiv:2502.03540},
  year={2025}
}

@article{touvron2023llama2,
      title={Llama 2: Open Foundation and Fine-Tuned Chat Models}, 
      author={Hugo Touvron and Louis Martin and Kevin Stone and Peter Albert and Amjad Almahairi and Yasmine Babaei and Nikolay Bashlykov and Soumya Batra and Prajjwal Bhargava and Shruti Bhosale and Dan Bikel and Lukas Blecher and Cristian Canton Ferrer and Moya Chen and Guillem Cucurull and David Esiobu and Jude Fernandes and Jeremy Fu and Wenyin Fu and Brian Fuller and Cynthia Gao and Vedanuj Goswami and Naman Goyal and Anthony Hartshorn and Saghar Hosseini and Rui Hou and Hakan Inan and Marcin Kardas and Viktor Kerkez and Madian Khabsa and Isabel Kloumann and Artem Korenev and Punit Singh Koura and Marie-Anne Lachaux and Thibaut Lavril and Jenya Lee and Diana Liskovich and Yinghai Lu and Yuning Mao and Xavier Martinet and Todor Mihaylov and Pushkar Mishra and Igor Molybog and Yixin Nie and Andrew Poulton and Jeremy Reizenstein and Rashi Rungta and Kalyan Saladi and Alan Schelten and Ruan Silva and Eric Michael Smith and Ranjan Subramanian and Xiaoqing Ellen Tan and Binh Tang and Ross Taylor and Adina Williams and Jian Xiang Kuan and Puxin Xu and Zheng Yan and Iliyan Zarov and Yuchen Zhang and Angela Fan and Melanie Kambadur and Sharan Narang and Aurelien Rodriguez and Robert Stojnic and Sergey Edunov and Thomas Scialom},
      year={2023},
      journal={arXiv preprint arXiv: 2307.09288},
      archivePrefix={arXiv}
}

@article{ho2020denoising,
  title={Denoising diffusion probabilistic models},
  author={Ho, Jonathan and Jain, Ajay and Abbeel, Pieter},
  journal={Advances in neural information processing systems},
  volume={33},
  pages={6840--6851},
  year={2020}
}


@article{wang2024diffusion,
      title={Diffusion Language Models Are Versatile Protein Learners}, 
      author={Xinyou Wang and Zaixiang Zheng and Fei Ye and Dongyu Xue and Shujian Huang and Quanquan Gu},
      year={2024},  
      journal = {ICML}
}


@inproceedings{liao-etal-2020-probabilistically,
    title = "Probabilistically Masked Language Model Capable of Autoregressive Generation in Arbitrary Word Order",
    author = "Liao, Yi  and
      Jiang, Xin  and
      Liu, Qun",
    booktitle = "Proceedings of the 58th Annual Meeting of the Association for Computational Linguistics",
    year = "2020",
    publisher = "Association for Computational Linguistics",
    pages = "263--274",
}


@article{austin2023structured,
      title={Structured Denoising Diffusion Models in Discrete State-Spaces}, 
      author={Jacob Austin and Daniel D. Johnson and Jonathan Ho and Daniel Tarlow and Rianne van den Berg},
      year={2021},  
      journal = {NeruIPS}
}

@article{hoogeboom2022autoregressive,
  title={Autoregressive diffusion models},
  author={Hoogeboom, Emiel and Gritsenko, Alexey A and Bastings, Jasmijn and Poole, Ben and Berg, Rianne van den and Salimans, Tim},
  journal={arXiv preprint arXiv:2110.02037},
  year={2021}
}


@article{varma2024glauber,
      title={Glauber Generative Model: Discrete Diffusion Models via Binary Classification}, 
      author={Harshit Varma and Dheeraj Nagaraj and Karthikeyan Shanmugam},
      year={2024},
      journal ={arXiv preprint arXiv: 2405.17035}
}

@article{papadopoulos2024arrows,
  title={Arrows of time for large language models},
  author={Papadopoulos, Vassilis and Wenger, J{\'e}r{\'e}mie and Hongler, Cl{\'e}ment},
  journal={arXiv preprint arXiv:2401.17505},
  year={2024}
}

@article{chang2022maskgit,
  author={Chang, Huiwen and Zhang, Han and Jiang, Lu and Liu, Ce and Freeman, William T.},
  journal = {CVPR},
  year = {2022},
  title={MaskGIT: Masked Generative Image Transformer}}

@inproceedings{devlin-etal-2019-bert,
    title = "{BERT}: Pre-training of Deep Bidirectional Transformers for Language Understanding",
    author = "Devlin, Jacob  and
      Chang, Ming-Wei  and
      Lee, Kenton  and
      Toutanova, Kristina",
    booktitle = "Proceedings of the 2019 Conference of the North {A}merican Chapter of the Association for Computational Linguistics: Human Language Technologies, Volume 1 (Long and Short Papers)",
    year = "2019",
    pages = "4171--4186",
}

@article{ou2024absorbing,
  title={Your absorbing discrete diffusion secretly models the conditional distributions of clean data},
  author={Ou, Jingyang and Nie, Shen and Xue, Kaiwen and Zhu, Fengqi and Sun, Jiacheng and Li, Zhenguo and Li, Chongxuan},
  journal={arXiv preprint arXiv:2406.03736},
  year={2024}
}


@article{shih2022training,
  title={Training and inference on any-order autoregressive models the right way},
  author={Shih, Andy and Sadigh, Dorsa and Ermon, Stefano},
  journal={NeurIPS},
  year={2022}
}

@article{chen2024reverse,
  title={Reverse Thinking Makes LLMs Stronger Reasoners},
  author={Chen, Justin Chih-Yao and Wang, Zifeng and Palangi, Hamid and Han, Rujun and Ebrahimi, Sayna and Le, Long and Perot, Vincent and Mishra, Swaroop and Bansal, Mohit and Lee, Chen-Yu and others},
  journal={arXiv preprint arXiv:2411.19865},
  year={2024}
}

@article{schiff2024simple,
  title={Simple Guidance Mechanisms for Discrete Diffusion Models},
  author={Schiff, Yair and Sahoo, Subham Sekhar and Phung, Hao and Wang, Guanghan and Boshar, Sam and Dalla-torre, Hugo and de Almeida, Bernardo P and Rush, Alexander and Pierrot, Thomas and Kuleshov, Volodymyr},
  journal={arXiv preprint arXiv:2412.10193},
  year={2024}
}

@article{ye2024beyond,
      title={Beyond Autoregression: Discrete Diffusion for Complex Reasoning and Planning}, 
      author={Jiacheng Ye and Jiahui Gao and Shansan Gong and Lin Zheng and Xin Jiang and Zhenguo Li and Lingpeng Kong},
      year={2024},
      journal ={arXiv preprint arXiv: 2410.14157} 
}

@article{lou2024discrete,
  title={Discrete Diffusion Modeling by Estimating the Ratios of the Data Distribution},
  author={Aaron Lou and Chenlin Meng and Stefano Ermon},
  journal={ICML},
  year={2024}
}

@article{liu2024copula,
  title={Discrete Copula Diffusion},
  author={Liu, Anji and Broadrick, Oliver and Niepert, Mathias and Broeck, Guy Van den},
  journal={arXiv preprint arXiv:2410.01949},
  year={2024}
}

@article{xu2024energy,
      title={Energy-Based Diffusion Language Models for Text Generation}, 
      author={Minkai Xu and Tomas Geffner and Karsten Kreis and Weili Nie and Yilun Xu and Jure Leskovec and Stefano Ermon and Arash Vahdat},
      year={2024},
      journal={arxiv preprint arXiv: 2410.21357},
}

@article{sahoo2024simple,
  title={Simple and effective masked diffusion language models},
  author={Sahoo, Subham and Arriola, Marianne and Schiff, Yair and Gokaslan, Aaron and Marroquin, Edgar and Chiu, Justin and Rush, Alexander and Kuleshov, Volodymyr},
  journal={Advances in Neural Information Processing Systems},
  volume={37},
  pages={130136--130184},
  year={2025}
}

@article{shi2025simplified,
      title={Simplified and Generalized Masked Diffusion for Discrete Data}, 
      author={Jiaxin Shi and Kehang Han and Zhe Wang and Arnaud Doucet and Michalis K. Titsias},
      year={2024},
      journal = {NeurIPS}
}

@misc{david_g__radcliffe_2020,
	title={3 million Sudoku puzzles with ratings},
	url={https://www.kaggle.com/dsv/1495975},
	DOI={10.34740/KAGGLE/DSV/1495975},
	publisher={Kaggle},
	author={David G. Radcliffe},
	year={2020}
}


@article{zheng2024maskeddiffusionmodelssecretly,
  title={Masked diffusion models are secretly time-agnostic masked models and exploit inaccurate categorical sampling},
  author={Zheng, Kaiwen and Chen, Yongxin and Mao, Hanzi and Liu, Ming-Yu and Zhu, Jun and Zhang, Qinsheng},
  journal={arXiv preprint arXiv:2409.02908},
  year={2024}
}

@article{nie2024scaling,
  title={Scaling up Masked Diffusion Models on Text},
  author={Nie, Shen and Zhu, Fengqi and Du, Chao and Pang, Tianyu and Liu, Qian and Zeng, Guangtao and Lin, Min and Li, Chongxuan},
  journal={arXiv preprint arXiv:2410.18514},
  year={2024}
}

@article{zheng2024reparameterized,
  title={A reparameterized discrete diffusion model for text generation},
  author={Zheng, Lin and Yuan, Jianbo and Yu, Lei and Kong, Lingpeng},
  journal={arXiv preprint arXiv:2302.05737},
  year={2023}
}

@article{chen2024convergence,
      title={Convergence Analysis of Discrete Diffusion Model: Exact Implementation through Uniformization}, 
      author={Hongrui Chen and Lexing Ying},
      year={2024},
      journal={arXiv preprint arXiv: 2402.08095},
}


@article{rectorbrooks2024steering,
  title={Steering masked discrete diffusion models via discrete denoising posterior prediction},
  author={Rector-Brooks, Jarrid and Hasan, Mohsin and Peng, Zhangzhi and Quinn, Zachary and Liu, Chenghao and Mittal, Sarthak and Dziri, Nouha and Bronstein, Michael and Bengio, Yoshua and Chatterjee, Pranam and others},
  journal={arXiv preprint arXiv:2410.08134},
  year={2024}
}

@article{jian2024roformer,
title = {RoFormer: Enhanced transformer with Rotary Position Embedding},
journal = {Neurocomputing},
volume = {568},
pages = {127063},
year = {2024},
author = {Jianlin Su and Murtadha Ahmed and Yu Lu and Shengfeng Pan and Wen Bo and Yunfeng Liu},
}


@inproceedings{
lehnert2024beyond,
title={Beyond A*: Better Planning with Transformers via Search Dynamics Bootstrapping},
author={Lucas Lehnert and Sainbayar Sukhbaatar and DiJia Su and Qinqing Zheng and Paul McVay and Michael Rabbat and Yuandong Tian},
journal = {COLM},
year = {2024}
}

@article{chuang2024learning,
  title={Learning to Route with Confidence Tokens},
  author={Chuang, Yu-Neng and Zhou, Helen and Sarma, Prathusha Kameswara and Gopalan, Parikshit and Boccio, John and Bolouki, Sara and Hu, Xia},
  journal={arXiv preprint arXiv:2410.13284},
  year={2024}
}

@article{chen2024premise,
  title={Premise order matters in reasoning with large language models},
  author={Chen, Xinyun and Chi, Ryan A and Wang, Xuezhi and Zhou, Denny},
  journal={arXiv preprint arXiv:2402.08939},
  year={2024}
}

@article{shah2024causal,
  title={Causal language modeling can elicit search and reasoning capabilities on logic puzzles},
  author={Shah, Kulin and Dikkala, Nishanth and Wang, Xin and Panigrahy, Rina},
  journal={arXiv preprint arXiv:2409.10502},
  year={2024}
}