@inproceedings{chen2023video,
  title={Video scene graph generation from single-frame weak supervision},
  author={Chen, Siqi and Xiao, Jun and Chen, Long},
  booktitle={The Eleventh International Conference on Learning Representations},
  year={2023}
}

@article{chowdhery2022palm,
  title={Palm: Scaling language modeling with pathways},
  author={Chowdhery, Aakanksha and Narang, Sharan and Devlin, Jacob and Bosma, Maarten and Mishra, Gaurav and Roberts, Adam and Barham, Paul and Chung, Hyung Won and Sutton, Charles and Gehrmann, Sebastian and others},
  journal={arXiv preprint arXiv:2204.02311},
  year={2022}
}

@inproceedings{cong2021spatial,
  title={Spatial-temporal transformer for dynamic scene graph generation},
  author={Cong, Yuren and Liao, Wentong and Ackermann, Hanno and Rosenhahn, Bodo and Yang, Michael Ying},
  booktitle={Proceedings of the IEEE/CVF international conference on computer vision},
  pages={16372--16382},
  year={2021}
}

@inproceedings{feng2023exploiting,
  title={Exploiting long-term dependencies for generating dynamic scene graphs},
  author={Feng, Shengyu and Mostafa, Hesham and Nassar, Marcel and Majumdar, Somdeb and Tripathi, Subarna},
  booktitle={Proceedings of the IEEE/CVF Winter Conference on Applications of Computer Vision},
  pages={5130--5139},
  year={2023}
}

@article{gruver2024large,
  title={Large language models are zero-shot time series forecasters},
  author={Gruver, Nate and Finzi, Marc and Qiu, Shikai and Wilson, Andrew G},
  journal={Advances in Neural Information Processing Systems},
  volume={36},
  year={2024}
}

@inproceedings{gupta2023visual,
  title={Visual programming: Compositional visual reasoning without training},
  author={Gupta, Tanmay and Kembhavi, Aniruddha},
  booktitle={Proceedings of the IEEE/CVF Conference on Computer Vision and Pattern Recognition},
  pages={14953--14962},
  year={2023}
}

@inproceedings{ji2020action,
  title={Action genome: Actions as compositions of spatio-temporal scene graphs},
  author={Ji, Jingwei and Krishna, Ranjay and Fei-Fei, Li and Niebles, Juan Carlos},
  booktitle={Proceedings of the IEEE/CVF Conference on Computer Vision and Pattern Recognition},
  pages={10236--10247},
  year={2020}
}

@article{jin2024time,
  title={Time Series Forecasting with LLMs: Understanding and Enhancing Model Capabilities},
  author={Jin, Mingyu and Tang, Hua and Zhang, Chong and Yu, Qinkai and Liu, Chengzhi and Zhu, Suiyuan and Zhang, Yongfeng and Du, Mengnan},
  journal={arXiv preprint arXiv:2402.10835},
  year={2024}
}

@inproceedings{khandelwal2024flocode,
  title={FloCoDe: Unbiased Dynamic Scene Graph Generation with Temporal Consistency and Correlation Debiasing},
  author={Khandelwal, Anant},
  booktitle={Proceedings of the IEEE/CVF Conference on Computer Vision and Pattern Recognition},
  pages={2516--2526},
  year={2024}
}

@inproceedings{kim2024llm4sgg,
  title={LLM4SGG: Large Language Models for Weakly Supervised Scene Graph Generation},
  author={Kim, Kibum and Yoon, Kanghoon and Jeon, Jaehyeong and In, Yeonjun and Moon, Jinyoung and Kim, Donghyun and Park, Chanyoung},
  booktitle={Proceedings of the IEEE/CVF Conference on Computer Vision and Pattern Recognition},
  pages={28306--28316},
  year={2024}
}

@inproceedings{li2022dynamic,
  title={Dynamic scene graph generation via anticipatory pre-training},
  author={Li, Yiming and Yang, Xiaoshan and Xu, Changsheng},
  booktitle={Proceedings of the IEEE/CVF Conference on Computer Vision and Pattern Recognition},
  pages={13874--13883},
  year={2022}
}

@inproceedings{li2022integrating,
  title={Integrating object-aware and interaction-aware knowledge for weakly supervised scene graph generation},
  author={Li, Xingchen and Chen, Long and Ma, Wenbo and Yang, Yi and Xiao, Jun},
  booktitle={Proceedings of the 30th ACM International Conference on Multimedia},
  pages={4204--4213},
  year={2022}
}

@article{lu2024chameleon,
  title={Chameleon: Plug-and-play compositional reasoning with large language models},
  author={Lu, Pan and Peng, Baolin and Cheng, Hao and Galley, Michel and Chang, Kai-Wei and Wu, Ying Nian and Zhu, Song-Chun and Gao, Jianfeng},
  journal={Advances in Neural Information Processing Systems},
  volume={36},
  year={2024}
}

@inproceedings{nag2023unbiased,
  title={Unbiased Scene Graph Generation in Videos},
  author={Nag, Sayak and Min, Kyle and Tripathi, Subarna and Roy-Chowdhury, Amit K},
  booktitle={Proceedings of the IEEE/CVF Conference on Computer Vision and Pattern Recognition},
  pages={22803--22813},
  year={2023}
}

@article{open2022chatgpt,
author={OpenAI},
year={2023},
title={ChatGPT.},
journal ={https://openai.com/blog/chatgpt}}

@inproceedings{shang2017video,
  title={Video visual relation detection},
  author={Shang, Xindi and Ren, Tongwei and Guo, Jingfan and Zhang, Hanwang and Chua, Tat-Seng},
  booktitle={Proceedings of the 25th ACM international conference on Multimedia},
  pages={1300--1308},
  year={2017}
}

@inproceedings{shang2021video,
  title={Video visual relation detection via iterative inference},
  author={Shang, Xindi and Li, Yicong and Xiao, Junbin and Ji, Wei and Chua, Tat-Seng},
  booktitle={Proceedings of the 29th ACM international conference on Multimedia},
  pages={3654--3663},
  year={2021}
}

@inproceedings{shi2021simple,
  title={A simple baseline for weakly-supervised scene graph generation},
  author={Shi, Jing and Zhong, Yiwu and Xu, Ning and Li, Yin and Xu, Chenliang},
  booktitle={Proceedings of the IEEE/CVF International Conference on Computer Vision},
  pages={16393--16402},
  year={2021}
}

@inproceedings{teng2021target,
  title={Target adaptive context aggregation for video scene graph generation},
  author={Teng, Yao and Wang, Limin and Li, Zhifeng and Wu, Gangshan},
  booktitle={Proceedings of the IEEE/CVF International Conference on Computer Vision},
  pages={13688--13697},
  year={2021}
}

@inproceedings{tsai2019video,
  title={Video relationship reasoning using gated spatio-temporal energy graph},
  author={Tsai, Yao-Hung Hubert and Divvala, Santosh and Morency, Louis-Philippe and Salakhutdinov, Ruslan and Farhadi, Ali},
  booktitle={Proceedings of the IEEE/CVF Conference on Computer Vision and Pattern Recognition},
  pages={10424--10433},
  year={2019}
}

@article{upstage2023llama,
author={Upstage},
year={2023},
journal ={https://huggingface.co/upstage/llama-30b-instruct}
}

@article{wei2024defense,
  title={In Defense of Clip-based Video Relation Detection},
  author={Wei, Meng and Chen, Long and Ji, Wei and Yue, Xiaoyu and Zimmermann, Roger},
  journal={IEEE Transactions on Image Processing},
  year={2024},
  publisher={IEEE}
}

@inproceedings{ye2021linguistic,
  title={Linguistic structures as weak supervision for visual scene graph generation},
  author={Ye, Keren and Kovashka, Adriana},
  booktitle={Proceedings of the IEEE/CVF Conference on Computer Vision and Pattern Recognition},
  pages={8289--8299},
  year={2021}
}

@inproceedings{zareian2020weakly,
  title={Weakly supervised visual semantic parsing},
  author={Zareian, Alireza and Karaman, Svebor and Chang, Shih-Fu},
  booktitle={Proceedings of the IEEE/CVF Conference on Computer Vision and Pattern Recognition},
  pages={3736--3745},
  year={2020}
}

@inproceedings{zhang2023learning,
  title={Learning To Generate Language-Supervised and Open-Vocabulary Scene Graph Using Pre-Trained Visual-Semantic Space},
  author={Zhang, Yong and Pan, Yingwei and Yao, Ting and Huang, Rui and Mei, Tao and Chen, Chang-Wen},
  booktitle={Proceedings of the IEEE/CVF Conference on Computer Vision and Pattern Recognition},
  pages={2915--2924},
  year={2023}
}

@inproceedings{zhong2021learning,
  title={Learning to generate scene graph from natural language supervision},
  author={Zhong, Yiwu and Shi, Jing and Yang, Jianwei and Xu, Chenliang and Li, Yin},
  booktitle={Proceedings of the IEEE/CVF International Conference on Computer Vision},
  pages={1823--1834},
  year={2021}
}

