
@article{vqa_1,
author = {Ghosh, Shalini and Burachas, Giedrius and Ray, Arijit and Ziskind, Avi},
title = {Generating natural language explanations for visual question answering using scene graphs and visual attention},
journal = {arXiv preprint arXiv:1902.05715},
year = 2019
}

@article{image_caption_1,
author = {Yang, Xu and Tang, Kaihua and Zhang, Hanwang and Cai, Jianfei},
title = {Auto-encoding scene graphs for image captioning},
pages={10685--10694},
journal = {CVPR},
year = 2019
}


@article{image_retrieval_1,
title={Structured query-based image retrieval using scene graphs},
author={Schroeder, Brigit and Tripathi, Subarna},
journal={CVPR Workshops},
pages={178--179},
year={2020}
}


@inproceedings{kim2024adaptive,
  title={Adaptive Self-training Framework for Fine-grained Scene Graph Generation},
  author={Kim, Kibum and Yoon, Kanghoon and In, Yeonjun and Moon, Jinyoung and Kim, Donghyun and Park, Chanyoung},
  booktitle={The Twelfth International Conference on Learning Representations},
year={2024}
}

@inproceedings{zhang2022fine,
  title={Fine-grained scene graph generation with data transfer},
  author={Zhang, Ao and Yao, Yuan and Chen, Qianyu and Ji, Wei and Liu, Zhiyuan and Sun, Maosong and Chua, Tat-Seng},
  booktitle={European conference on computer vision},
  pages={409--424},
  year={2022},
  organization={Springer}
}

@inproceedings{yoon2023unbiased,
  title={Unbiased heterogeneous scene graph generation with relation-aware message passing neural network},
  author={Yoon, Kanghoon and Kim, Kibum and Moon, Jinyoung and Park, Chanyoung},
  booktitle={Proceedings of the AAAI Conference on Artificial Intelligence},
  volume={37},
  number={3},
  pages={3285--3294},
  year={2023}
}

@inproceedings{zheng2023prototype,
  title={Prototype-based Embedding Network for Scene Graph Generation},
  author={Zheng, Chaofan and Lyu, Xinyu and Gao, Lianli and Dai, Bo and Song, Jingkuan},
  booktitle={Proceedings of the IEEE/CVF Conference on Computer Vision and Pattern Recognition},
  pages={22783--22792},
  year={2023}
}

@inproceedings{chen2023video,
  title={Video scene graph generation from single-frame weak supervision},
  author={Chen, Siqi and Xiao, Jun and Chen, Long},
  booktitle={The Eleventh International Conference on Learning Representations},
  year={2023}
}

@inproceedings{cong2021spatial,
  title={Spatial-temporal transformer for dynamic scene graph generation},
  author={Cong, Yuren and Liao, Wentong and Ackermann, Hanno and Rosenhahn, Bodo and Yang, Michael Ying},
  booktitle={Proceedings of the IEEE/CVF international conference on computer vision},
  pages={16372--16382},
  year={2021}
}

@inproceedings{feng2023exploiting,
  title={Exploiting long-term dependencies for generating dynamic scene graphs},
  author={Feng, Shengyu and Mostafa, Hesham and Nassar, Marcel and Majumdar, Somdeb and Tripathi, Subarna},
  booktitle={Proceedings of the IEEE/CVF Winter Conference on Applications of Computer Vision},
  pages={5130--5139},
  year={2023}
}

@inproceedings{teng2021target,
  title={Target adaptive context aggregation for video scene graph generation},
  author={Teng, Yao and Wang, Limin and Li, Zhifeng and Wu, Gangshan},
  booktitle={Proceedings of the IEEE/CVF International Conference on Computer Vision},
  pages={13688--13697},
  year={2021}
}

@inproceedings{nag2023unbiased,
  title={Unbiased Scene Graph Generation in Videos},
  author={Nag, Sayak and Min, Kyle and Tripathi, Subarna and Roy-Chowdhury, Amit K},
  booktitle={Proceedings of the IEEE/CVF Conference on Computer Vision and Pattern Recognition},
  pages={22803--22813},
  year={2023}
}

@inproceedings{xu2022meta,
  title={Meta spatio-temporal debiasing for video scene graph generation},
  author={Xu, Li and Qu, Haoxuan and Kuen, Jason and Gu, Jiuxiang and Liu, Jun},
  booktitle={European Conference on Computer Vision},
  pages={374--390},
  year={2022},
  organization={Springer}
}

@inproceedings{wang2022dynamic,
  title={Dynamic scene graph generation via temporal prior inference},
  author={Wang, Shuang and Gao, Lianli and Lyu, Xinyu and Guo, Yuyu and Zeng, Pengpeng and Song, Jingkuan},
  booktitle={Proceedings of the 30th ACM International Conference on Multimedia},
  pages={5793--5801},
  year={2022}
}

@inproceedings{zhong2021learning,
  title={Learning to generate scene graph from natural language supervision},
  author={Zhong, Yiwu and Shi, Jing and Yang, Jianwei and Xu, Chenliang and Li, Yin},
  booktitle={Proceedings of the IEEE/CVF International Conference on Computer Vision},
  pages={1823--1834},
  year={2021}
}

@inproceedings{zhang2023learning,
  title={Learning To Generate Language-Supervised and Open-Vocabulary Scene Graph Using Pre-Trained Visual-Semantic Space},
  author={Zhang, Yong and Pan, Yingwei and Yao, Ting and Huang, Rui and Mei, Tao and Chen, Chang-Wen},
  booktitle={Proceedings of the IEEE/CVF Conference on Computer Vision and Pattern Recognition},
  pages={2915--2924},
  year={2023}
}

@inproceedings{ye2021linguistic,
  title={Linguistic structures as weak supervision for visual scene graph generation},
  author={Ye, Keren and Kovashka, Adriana},
  booktitle={Proceedings of the IEEE/CVF Conference on Computer Vision and Pattern Recognition},
  pages={8289--8299},
  year={2021}
}

@inproceedings{kim2024llm4sgg,
  title={LLM4SGG: Large Language Models for Weakly Supervised Scene Graph Generation},
  author={Kim, Kibum and Yoon, Kanghoon and Jeon, Jaehyeong and In, Yeonjun and Moon, Jinyoung and Kim, Donghyun and Park, Chanyoung},
  booktitle={Proceedings of the IEEE/CVF Conference on Computer Vision and Pattern Recognition},
  pages={28306--28316},
  year={2024}
}

@inproceedings{li2022integrating,
  title={Integrating object-aware and interaction-aware knowledge for weakly supervised scene graph generation},
  author={Li, Xingchen and Chen, Long and Ma, Wenbo and Yang, Yi and Xiao, Jun},
  booktitle={Proceedings of the 30th ACM International Conference on Multimedia},
  pages={4204--4213},
  year={2022}
}

@article{yuan2022rlip,
  title={Rlip: Relational language-image pre-training for human-object interaction detection},
  author={Yuan, Hangjie and Jiang, Jianwen and Albanie, Samuel and Feng, Tao and Huang, Ziyuan and Ni, Dong and Tang, Mingqian},
  journal={Advances in Neural Information Processing Systems},
  volume={35},
  pages={37416--37431},
  year={2022}
}

@inproceedings{yuan2023rlipv2,
  title={RLIPv2: Fast Scaling of Relational Language-Image Pre-training},
  author={Yuan, Hangjie and Zhang, Shiwei and Wang, Xiang and Albanie, Samuel and Pan, Yining and Feng, Tao and Jiang, Jianwen and Ni, Dong and Zhang, Yingya and Zhao, Deli},
  booktitle={Proceedings of the IEEE/CVF International Conference on Computer Vision},
  pages={21649--21661},
  year={2023}
}

@inproceedings{ji2020action,
  title={Action genome: Actions as compositions of spatio-temporal scene graphs},
  author={Ji, Jingwei and Krishna, Ranjay and Fei-Fei, Li and Niebles, Juan Carlos},
  booktitle={Proceedings of the IEEE/CVF Conference on Computer Vision and Pattern Recognition},
  pages={10236--10247},
  year={2020}
}

@inproceedings{shang2017video,
  title={Video visual relation detection},
  author={Shang, Xindi and Ren, Tongwei and Guo, Jingfan and Zhang, Hanwang and Chua, Tat-Seng},
  booktitle={Proceedings of the 25th ACM international conference on Multimedia},
  pages={1300--1308},
  year={2017}
}

@inproceedings{tsai2019video,
  title={Video relationship reasoning using gated spatio-temporal energy graph},
  author={Tsai, Yao-Hung Hubert and Divvala, Santosh and Morency, Louis-Philippe and Salakhutdinov, Ruslan and Farhadi, Ali},
  booktitle={Proceedings of the IEEE/CVF Conference on Computer Vision and Pattern Recognition},
  pages={10424--10433},
  year={2019}
}

@inproceedings{li2022dynamic,
  title={Dynamic scene graph generation via anticipatory pre-training},
  author={Li, Yiming and Yang, Xiaoshan and Xu, Changsheng},
  booktitle={Proceedings of the IEEE/CVF Conference on Computer Vision and Pattern Recognition},
  pages={13874--13883},
  year={2022}
}


@inproceedings{shi2021simple,
  title={A simple baseline for weakly-supervised scene graph generation},
  author={Shi, Jing and Zhong, Yiwu and Xu, Ning and Li, Yin and Xu, Chenliang},
  booktitle={Proceedings of the IEEE/CVF International Conference on Computer Vision},
  pages={16393--16402},
  year={2021}
}

@inproceedings{zareian2020weakly,
  title={Weakly supervised visual semantic parsing},
  author={Zareian, Alireza and Karaman, Svebor and Chang, Shih-Fu},
  booktitle={Proceedings of the IEEE/CVF Conference on Computer Vision and Pattern Recognition},
  pages={3736--3745},
  year={2020}
}

@article{lu2024chameleon,
  title={Chameleon: Plug-and-play compositional reasoning with large language models},
  author={Lu, Pan and Peng, Baolin and Cheng, Hao and Galley, Michel and Chang, Kai-Wei and Wu, Ying Nian and Zhu, Song-Chun and Gao, Jianfeng},
  journal={Advances in Neural Information Processing Systems},
  volume={36},
  year={2024}
}

@inproceedings{gupta2023visual,
  title={Visual programming: Compositional visual reasoning without training},
  author={Gupta, Tanmay and Kembhavi, Aniruddha},
  booktitle={Proceedings of the IEEE/CVF Conference on Computer Vision and Pattern Recognition},
  pages={14953--14962},
  year={2023}
}

@article{jin2024time,
  title={Time Series Forecasting with LLMs: Understanding and Enhancing Model Capabilities},
  author={Jin, Mingyu and Tang, Hua and Zhang, Chong and Yu, Qinkai and Liu, Chengzhi and Zhu, Suiyuan and Zhang, Yongfeng and Du, Mengnan},
  journal={arXiv preprint arXiv:2402.10835},
  year={2024}
}

@inproceedings{radford2021learning,
  title={Learning transferable visual models from natural language supervision},
  author={Radford, Alec and Kim, Jong Wook and Hallacy, Chris and Ramesh, Aditya and Goh, Gabriel and Agarwal, Sandhini and Sastry, Girish and Askell, Amanda and Mishkin, Pamela and Clark, Jack and others},
  booktitle={International conference on machine learning},
  pages={8748--8763},
  year={2021},
  organization={PMLR}
}

@inproceedings{jia2021scaling,
  title={Scaling up visual and vision-language representation learning with noisy text supervision},
  author={Jia, Chao and Yang, Yinfei and Xia, Ye and Chen, Yi-Ting and Parekh, Zarana and Pham, Hieu and Le, Quoc and Sung, Yun-Hsuan and Li, Zhen and Duerig, Tom},
  booktitle={International conference on machine learning},
  pages={4904--4916},
  year={2021},
  organization={PMLR}
}

@inproceedings{zhong2022regionclip,
  title={Regionclip: Region-based language-image pretraining},
  author={Zhong, Yiwu and Yang, Jianwei and Zhang, Pengchuan and Li, Chunyuan and Codella, Noel and Li, Liunian Harold and Zhou, Luowei and Dai, Xiyang and Yuan, Lu and Li, Yin and others},
  booktitle={Proceedings of the IEEE/CVF Conference on Computer Vision and Pattern Recognition},
  pages={16793--16803},
  year={2022}
}



@article{doveh2024dense,
  title={Dense and aligned captions (dac) promote compositional reasoning in vl models},
  author={Doveh, Sivan and Arbelle, Assaf and Harary, Sivan and Herzig, Roei and Kim, Donghyun and Cascante-Bonilla, Paola and Alfassy, Amit and Panda, Rameswar and Giryes, Raja and Feris, Rogerio and others},
  journal={Advances in Neural Information Processing Systems},
  volume={36},
  year={2024}
}

@article{luo2022clip4clip,
  title={Clip4clip: An empirical study of clip for end to end video clip retrieval and captioning},
  author={Luo, Huaishao and Ji, Lei and Zhong, Ming and Chen, Yang and Lei, Wen and Duan, Nan and Li, Tianrui},
  journal={Neurocomputing},
  volume={508},
  pages={293--304},
  year={2022},
  publisher={Elsevier}
}

@inproceedings{momeni2023verbs,
  title={Verbs in action: Improving verb understanding in video-language models},
  author={Momeni, Liliane and Caron, Mathilde and Nagrani, Arsha and Zisserman, Andrew and Schmid, Cordelia},
  booktitle={Proceedings of the IEEE/CVF International Conference on Computer Vision},
  pages={15579--15591},
  year={2023}
}

@inproceedings{cao2022locvtp,
  title={Locvtp: Video-text pre-training for temporal localization},
  author={Cao, Meng and Yang, Tianyu and Weng, Junwu and Zhang, Can and Wang, Jue and Zou, Yuexian},
  booktitle={European Conference on Computer Vision},
  pages={38--56},
  year={2022},
  organization={Springer}
}

@inproceedings{ju2023distilling,
  title={Distilling Vision-Language Pre-training to Collaborate with Weakly-Supervised Temporal Action Localization},
  author={Ju, Chen and Zheng, Kunhao and Liu, Jinxiang and Zhao, Peisen and Zhang, Ya and Chang, Jianlong and Tian, Qi and Wang, Yanfeng},
  booktitle={Proceedings of the IEEE/CVF Conference on Computer Vision and Pattern Recognition},
  pages={14751--14762},
  year={2023}
}



@article{open2022chatgpt,
author={OpenAI},
year={2023},
title={ChatGPT.},
journal ={https://openai.com/blog/chatgpt}}


@article{upstage2023llama,
author={Upstage},
year={2023},
journal ={https://huggingface.co/upstage/llama-30b-instruct}
}


@article{chowdhery2022palm,
  title={Palm: Scaling language modeling with pathways},
  author={Chowdhery, Aakanksha and Narang, Sharan and Devlin, Jacob and Bosma, Maarten and Mishra, Gaurav and Roberts, Adam and Barham, Paul and Chung, Hyung Won and Sutton, Charles and Gehrmann, Sebastian and others},
  journal={arXiv preprint arXiv:2204.02311},
  year={2022}
}


@article{gruver2024large,
  title={Large language models are zero-shot time series forecasters},
  author={Gruver, Nate and Finzi, Marc and Qiu, Shikai and Wilson, Andrew G},
  journal={Advances in Neural Information Processing Systems},
  volume={36},
  year={2024}
}

@article{brown2020language,
  title={Language models are few-shot learners},
  author={Brown, Tom and Mann, Benjamin and Ryder, Nick and Subbiah, Melanie and Kaplan, Jared D and Dhariwal, Prafulla and Neelakantan, Arvind and Shyam, Pranav and Sastry, Girish and Askell, Amanda and others},
  journal={Advances in neural information processing systems},
  volume={33},
  pages={1877--1901},
  year={2020}
}


@article{peng2019solving,
  title={Solving hard coreference problems},
  author={Peng, Haoruo and Khashabi, Daniel and Roth, Dan},
  journal={arXiv preprint arXiv:1907.05524},
  year={2019}
}

@article{krishna2017visual,
  title={Visual genome: Connecting language and vision using crowdsourced dense image annotations},
  author={Krishna, Ranjay and Zhu, Yuke and Groth, Oliver and Johnson, Justin and Hata, Kenji and Kravitz, Joshua and Chen, Stephanie and Kalantidis, Yannis and Li, Li-Jia and Shamma, David A and others},
  journal={International journal of computer vision},
  volume={123},
  pages={32--73},
  year={2017},
  publisher={Springer}
}

@inproceedings{schuster2015generating,
  title={Generating semantically precise scene graphs from textual descriptions for improved image retrieval},
  author={Schuster, Sebastian and Krishna, Ranjay and Chang, Angel and Fei-Fei, Li and Manning, Christopher D},
  booktitle={Proceedings of the fourth workshop on vision and language},
  pages={70--80},
  year={2015}
}

@article{miller1995wordnet,
  title={WordNet: a lexical database for English},
  author={Miller, George A},
  journal={Communications of the ACM},
  volume={38},
  number={11},
  pages={39--41},
  year={1995},
  publisher={ACM New York, NY, USA}
}

@article{gao2023compositional,
  title={Compositional prompt tuning with motion cues for open-vocabulary video relation detection},
  author={Gao, Kaifeng and Chen, Long and Zhang, Hanwang and Xiao, Jun and Sun, Qianru},
  journal={arXiv preprint arXiv:2302.00268},
  year={2023}
}

@inproceedings{rezatofighi2019generalized,
  title={Generalized intersection over union: A metric and a loss for bounding box regression},
  author={Rezatofighi, Hamid and Tsoi, Nathan and Gwak, JunYoung and Sadeghian, Amir and Reid, Ian and Savarese, Silvio},
  booktitle={Proceedings of the IEEE/CVF conference on computer vision and pattern recognition},
  pages={658--666},
  year={2019}
}

@inproceedings{chen2011collecting,
  title={Collecting highly parallel data for paraphrase evaluation},
  author={Chen, David and Dolan, William B},
  booktitle={Proceedings of the 49th annual meeting of the association for computational linguistics: human language technologies},
  pages={190--200},
  year={2011}
}

@inproceedings{zhang2021vinvl,
  title={Vinvl: Revisiting visual representations in vision-language models},
  author={Zhang, Pengchuan and Li, Xiujun and Hu, Xiaowei and Yang, Jianwei and Zhang, Lei and Wang, Lijuan and Choi, Yejin and Gao, Jianfeng},
  booktitle={Proceedings of the IEEE/CVF conference on computer vision and pattern recognition},
  pages={5579--5588},
  year={2021}
}

@article{wang2022internvideo,
  title={Internvideo: General video foundation models via generative and discriminative learning},
  author={Wang, Yi and Li, Kunchang and Li, Yizhuo and He, Yinan and Huang, Bingkun and Zhao, Zhiyu and Zhang, Hongjie and Xu, Jilan and Liu, Yi and Wang, Zun and others},
  journal={arXiv preprint arXiv:2212.03191},
  year={2022}
}

@article{jiang2023mistral,
  title={Mistral 7B},
  author={Jiang, Albert Q and Sablayrolles, Alexandre and Mensch, Arthur and Bamford, Chris and Chaplot, Devendra Singh and Casas, Diego de las and Bressand, Florian and Lengyel, Gianna and Lample, Guillaume and Saulnier, Lucile and others},
  journal={arXiv preprint arXiv:2310.06825},
  year={2023}
}

@inproceedings{wang2023protege,
  title={ProTeGe: Untrimmed Pretraining for Video Temporal Grounding by Video Temporal Grounding},
  author={Wang, Lan and Mittal, Gaurav and Sajeev, Sandra and Yu, Ye and Hall, Matthew and Boddeti, Vishnu Naresh and Chen, Mei},
  booktitle={Proceedings of the IEEE/CVF Conference on Computer Vision and Pattern Recognition},
  pages={6575--6585},
  year={2023}
}

@inproceedings{yan2023unloc,
  title={Unloc: A unified framework for video localization tasks},
  author={Yan, Shen and Xiong, Xuehan and Nagrani, Arsha and Arnab, Anurag and Wang, Zhonghao and Ge, Weina and Ross, David and Schmid, Cordelia},
  booktitle={Proceedings of the IEEE/CVF International Conference on Computer Vision},
  pages={13623--13633},
  year={2023}
}

@article{jin2023time,
  title={Time-llm: Time series forecasting by reprogramming large language models},
  author={Jin, Ming and Wang, Shiyu and Ma, Lintao and Chu, Zhixuan and Zhang, James Y and Shi, Xiaoming and Chen, Pin-Yu and Liang, Yuxuan and Li, Yuan-Fang and Pan, Shirui and others},
  journal={arXiv preprint arXiv:2310.01728},
  year={2023}
}

@article{vaswani2017attention,
  title={Attention is all you need},
  author={Vaswani, Ashish and Shazeer, Noam and Parmar, Niki and Uszkoreit, Jakob and Jones, Llion and Gomez, Aidan N and Kaiser, {\L}ukasz and Polosukhin, Illia},
  journal={Advances in neural information processing systems},
  volume={30},
  year={2017}
}

@inproceedings{khandelwal2024flocode,
  title={FloCoDe: Unbiased Dynamic Scene Graph Generation with Temporal Consistency and Correlation Debiasing},
  author={Khandelwal, Anant},
  booktitle={Proceedings of the IEEE/CVF Conference on Computer Vision and Pattern Recognition},
  pages={2516--2526},
  year={2024}
}

@article{li2024zero,
  title={Zero-shot visual relation detection via composite visual cues from large language models},
  author={Li, Lin and Xiao, Jun and Chen, Guikun and Shao, Jian and Zhuang, Yueting and Chen, Long},
  journal={Advances in Neural Information Processing Systems},
  volume={36},
  year={2024}
}

@article{zhao2023less,
  title={Less is more: Toward zero-shot local scene graph generation via foundation models},
  author={Zhao, Shu and Xu, Huijuan},
  journal={arXiv preprint arXiv:2310.01356},
  year={2023}
}

@article{ficler2017controlling,
  title={Controlling linguistic style aspects in neural language generation},
  author={Ficler, Jessica and Goldberg, Yoav},
  journal={arXiv preprint arXiv:1707.02633},
  year={2017}
}

@article{radford2019language,
  title={Language models are unsupervised multitask learners},
  author={Radford, Alec and Wu, Jeffrey and Child, Rewon and Luan, David and Amodei, Dario and Sutskever, Ilya and others},
  journal={OpenAI blog},
  volume={1},
  number={8},
  pages={9},
  year={2019}
}

@inproceedings{chiou2021st,
  title={St-hoi: A spatial-temporal baseline for human-object interaction detection in videos},
  author={Chiou, Meng-Jiun and Liao, Chun-Yu and Wang, Li-Wei and Zimmermann, Roger and Feng, Jiashi},
  booktitle={Proceedings of the 2021 ACM Workshop on Intelligent Cross-Data Analysis and Retrieval},
  pages={9--17},
  year={2021}
}

@article{ni2023human,
  title={Human--object interaction prediction in videos through gaze following},
  author={Ni, Zhifan and Mascar{\'o}, Esteve Valls and Ahn, Hyemin and Lee, Dongheui},
  journal={Computer Vision and Image Understanding},
  volume={233},
  pages={103741},
  year={2023},
  publisher={Elsevier}
}

@article{li2023videochat,
  title={Videochat: Chat-centric video understanding},
  author={Li, KunChang and He, Yinan and Wang, Yi and Li, Yizhuo and Wang, Wenhai and Luo, Ping and Wang, Yali and Wang, Limin and Qiao, Yu},
  journal={arXiv preprint arXiv:2305.06355},
  year={2023}
}

@inproceedings{shang2021video,
  title={Video visual relation detection via iterative inference},
  author={Shang, Xindi and Li, Yicong and Xiao, Junbin and Ji, Wei and Chua, Tat-Seng},
  booktitle={Proceedings of the 29th ACM international conference on Multimedia},
  pages={3654--3663},
  year={2021}
}

@article{wei2024defense,
  title={In Defense of Clip-based Video Relation Detection},
  author={Wei, Meng and Chen, Long and Ji, Wei and Yue, Xiaoyu and Zimmermann, Roger},
  journal={IEEE Transactions on Image Processing},
  year={2024},
  publisher={IEEE}
}

@inproceedings{li2023winner,
  title={Winner: Weakly-supervised hierarchical decomposition and alignment for spatio-temporal video grounding},
  author={Li, Mengze and Wang, Han and Zhang, Wenqiao and Miao, Jiaxu and Zhao, Zhou and Zhang, Shengyu and Ji, Wei and Wu, Fei},
  booktitle={Proceedings of the IEEE/CVF Conference on Computer Vision and Pattern Recognition},
  pages={23090--23099},
  year={2023}
}

@inproceedings{krishna2017dense,
  title={Dense-captioning events in videos},
  author={Krishna, Ranjay and Hata, Kenji and Ren, Frederic and Fei-Fei, Li and Carlos Niebles, Juan},
  booktitle={Proceedings of the IEEE international conference on computer vision},
  pages={706--715},
  year={2017}
}

@inproceedings{huang2022weakly,
  title={Weakly supervised temporal action localization via representative snippet knowledge propagation},
  author={Huang, Linjiang and Wang, Liang and Li, Hongsheng},
  booktitle={Proceedings of the IEEE/CVF conference on computer vision and pattern recognition},
  pages={3272--3281},
  year={2022}
}

@inproceedings{zheng2022weakly,
  title={Weakly supervised temporal sentence grounding with gaussian-based contrastive proposal learning},
  author={Zheng, Minghang and Huang, Yanjie and Chen, Qingchao and Peng, Yuxin and Liu, Yang},
  booktitle={Proceedings of the IEEE/CVF Conference on Computer Vision and Pattern Recognition},
  pages={15555--15564},
  year={2022}
}

@article{wang2022self,
  title={Self-consistency improves chain of thought reasoning in language models},
  author={Wang, Xuezhi and Wei, Jason and Schuurmans, Dale and Le, Quoc and Chi, Ed and Narang, Sharan and Chowdhery, Aakanksha and Zhou, Denny},
  journal={arXiv preprint arXiv:2203.11171},
  year={2022}
}


@article{yoon2024ra,
  title={RA-SGG: Retrieval-Augmented Scene Graph Generation Framework via Multi-Prototype Learning},
  author={Yoon, Kanghoon and Kim, Kibum and Jeon, Jaehyung and In, Yeonjun and Kim, Donghyun and Park, Chanyoung},
  journal={arXiv preprint arXiv:2412.12788},
  year={2024}
}

@inproceedings{jeon2024semantic,
  title={Semantic Diversity-Aware Prototype-Based Learning for Unbiased Scene Graph Generation},
  author={Jeon, Jaehyeong and Kim, Kibum and Yoon, Kanghoon and Park, Chanyoung},
  booktitle={European Conference on Computer Vision},
  pages={379--395},
  year={2024},
  organization={Springer}
}