% dashcams
@article{adamova2020dashcam,
  title={Dashcam as a device to increase the road safety level},
  author={Adamov{\'a}, Veronika},
  journal={Proceedings of CBU in Natural Sciences and ICT},
  volume={1},
  pages={1--5},
  year={2020}
}

@article{li2022survey,
  title={A Survey of ADAS Perceptions With Development in China},
  author={Li, Xinran and Lin, Kuo-Yi and Meng, Min and Li, Xiuxian and Li, Li and Hong, Yiguang and Chen, Jie},
  journal={IEEE Transactions on Intelligent Transportation Systems},
  year={2022},
  publisher={IEEE}
}

@article{ke2020edge,
  title={Edge Computing for Real-Time Near-Crash Detection for Smart Transportation Applications},
  author={Ke, Ruimin and Cui, Zhiyong and Chen, Yanlong and Zhu, Meixin and Yang, Hao and Wang, Yinhai},
  journal={arXiv preprint arXiv:2008.00549},
  year={2020}
}

@ARTICLE{simoncini2022,
  author={Simoncini, Matteo and de Andrade, Douglas Coimbra and Taccari, Leonardo and Salti, Samuele and Kubin, Luca and Schoen, Fabio and Sambo, Francesco},
  journal={IEEE Transactions on Intelligent Transportation Systems}, 
  title={Unsafe Maneuver Classification From Dashcam Video and GPS/IMU Sensors Using Spatio-Temporal Attention Selector}, 
  year={2022},
  volume={23},
  number={9},
  pages={15605-15615},
  doi={10.1109/TITS.2022.3142672}
}
  
@inproceedings{yu2022vehicle,
  title={Vehicle Forward Collision Warning based upon Low Frequency Video Data: A hybrid Deep Learning Modeling Approach},
  author={Yu, Rongjie and Ai, Haoan},
  booktitle={2022 IEEE 25th International Conference on Intelligent Transportation Systems (ITSC)},
  pages={59--64},
  year={2022},
  organization={IEEE}
}

@inproceedings{wang2019monocular,
  title={Monocular plan view networks for autonomous driving},
  author={Wang, Dequan and Devin, Coline and Cai, Qi-Zhi and Kr{\"a}henb{\"u}hl, Philipp and Darrell, Trevor},
  booktitle={2019 IEEE/RSJ International Conference on Intelligent Robots and Systems (IROS)},
  pages={2876--2883},
  year={2019},
  organization={IEEE}
}

@inproceedings{taccari2018classification,
  title={Classification of crash and near-crash events from dashcam videos and telematics},
  author={Taccari, Leonardo and Sambo, Francesco and Bravi, Luca and Salti, Samuele and Sarti, Leonardo and Simoncini, Matteo and Lori, Alessandro},
  booktitle={2018 21st International Conference on Intelligent Transportation Systems (ITSC)},
  pages={2460--2465},
  year={2018},
  organization={IEEE}
}

@article{bravi2021detection,
  title={Detection of stop sign violations from dashcam data},
  author={Bravi, Luca and Kubin, Luca and Caprasecca, Stefano and de Andrade, Douglas Coimbra and Simoncini, Matteo and Taccari, Leonardo and Sambo, Francesco},
  journal={IEEE Transactions on Intelligent Transportation Systems},
  volume={23},
  number={6},
  pages={5411--5420},
  year={2021},
  publisher={IEEE}
}

@ARTICLE{magistri2022,
  author={Magistri, Simone and Boschi, Marco and Sambo, Francesco and de Andrade, Douglas Coimbra and Simoncini, Matteo and Kubin, Luca and Taccari, Leonardo and Luigi, Luca De and Salti, Samuele},
  journal={IEEE Transactions on Intelligent Transportation Systems}, 
  title={Lightweight and Effective Convolutional Neural Networks for Vehicle Viewpoint Estimation From Monocular Images}, 
  year={2022},
  volume={},
  number={},
  pages={1-10},
  doi={10.1109/TITS.2022.3216359}}
  
  
@inproceedings{pjetri2019light,
  title={Light footprint driving behaviour classification},
  author={Pjetri, Aurel and Simoncini, Matteo and Sambo, Francesco and Lori, Alessandro and Schoen, Fabio},
  booktitle={2019 IEEE Intelligent Transportation Systems Conference (ITSC)},
  pages={1186--1191},
  year={2019},
  organization={IEEE}
}

% motion profile
@inproceedings{kilicarslan2014visualizing,
  title={Visualizing driving video in temporal profile},
  author={Kilicarslan, Mehmet and Zheng, Jiang Yu},
  booktitle={2014 IEEE Intelligent Vehicles Symposium Proceedings},
  pages={1263--1269},
  year={2014},
  organization={IEEE}
}

@inproceedings{kilicarslan2014detecting,
  title={Detecting walking pedestrians from leg motion in driving video},
  author={Kilicarslan, Mehmet and Zheng, Jiang Yu},
  booktitle={17th International IEEE Conference on Intelligent Transportation Systems (ITSC)},
  pages={2924--2929},
  year={2014},
  organization={IEEE}
}

@inproceedings{kilicarslan2016bridge,
  title={Bridge motion to collision alarming using driving video},
  author={Kilicarslan, Mehmet and Zheng, Jiang Yu},
  booktitle={2016 23rd International Conference on Pattern Recognition (ICPR)},
  pages={1870--1875},
  year={2016},
  organization={IEEE}
}

@inproceedings{kilicarslan2017direct,
  title={Direct vehicle collision detection from motion in driving video},
  author={Kilicarslan, Mehmet and Zheng, Jiang Yu},
  booktitle={2017 IEEE Intelligent Vehicles Symposium (IV)},
  pages={1558--1564},
  year={2017},
  organization={IEEE}
}

@inproceedings{kolcheck2019visual,
  title={Visual counting of traffic flow from a car via vehicle detection and motion analysis},
  author={Kolcheck, Kevin and Wang, Zheyuan and Xu, Haiyan and Zheng, Jiang Yu},
  booktitle={Asian Conference on Pattern Recognition},
  pages={529--543},
  year={2019},
  organization={Springer}
}

@inproceedings{wang2020detecting,
  title={Detecting Vehicle Interactions in Driving Videos via Motion Profiles},
  author={Wang, Zheyuan and Zheng, Jiang Yu and Gao, Zhen},
  booktitle={2020 IEEE 23rd International Conference on Intelligent Transportation Systems (ITSC)},
  pages={1--6},
  year={2020},
  organization={IEEE}
}

@inproceedings{wang2021planning,
  title={Planning Autonomous Driving with Compact Road Profiles},
  author={Wang, Zheyuan and Cheng, Guo and Zheng, Jiang Yu},
  booktitle={2021 IEEE International Intelligent Transportation Systems Conference (ITSC)},
  pages={899--906},
  year={2021},
  organization={IEEE}
}

@article{redmon2018yolov3,
  title={Yolov3: An incremental improvement},
  author={Redmon, Joseph and Farhadi, Ali},
  journal={arXiv preprint arXiv:1804.02767},
  year={2018}
}

@article{kilicarslan2022motion,
  title={Motion-aware vehicle detection in driving videos},
  author={Kilicarslan, Mehmet and Temel, Tansu},
  journal={Turkish Journal of Electrical Engineering and Computer Sciences},
  volume={30},
  number={1},
  pages={63--78},
  year={2022}
}

@article{liu2018intriguing,
  title={An intriguing failing of convolutional neural networks and the coordconv solution},
  author={Liu, Rosanne and Lehman, Joel and Molino, Piero and Petroski Such, Felipe and Frank, Eric and Sergeev, Alex and Yosinski, Jason},
  journal={Advances in neural information processing systems},
  volume={31},
  year={2018}
}

@inproceedings{peng2018driving,
  author={Peng, Xishuai and Liu, Ruirui and Murphey, Yi Lu and Stent, Simon and Li, Yuanxiang},
  booktitle={2018 24th International Conference on Pattern Recognition (ICPR)}, 
  title={Driving Maneuver Detection via Sequence Learning from Vehicle Signals and Video Images}, 
  year={2018},
  pages={1265-1270},
  doi={10.1109/ICPR.2018.8546255}}

  @article{singh2023road,
	title = {{ROAD}: {The} {Road} {Event} {Awareness} {Dataset} for {Autonomous} {Driving}},
	doi = {10.1109/TPAMI.2022.3150906},
	journal = {IEEE Transactions on Pattern Analysis and Machine Intelligence},
	author = {Singh, Gurkirt and Akrigg, Stephen and Maio, Manuele Di and Fontana, Valentina and Alitappeh, Reza Javanmard and Khan, Salman and Saha, Suman and Jeddisaravi, Kossar and Yousefi, Farzad and Culley, Jacob and Nicholson, Tom and Omokeowa, Jordan and Grazioso, Stanislao and Bradley, Andrew and Gironimo, Giuseppe Di and Cuzzolin, Fabio},
	year = {2023},
	pages = {1036--1054}
}
@inproceedings{zekany2019classifying,
  title={Classifying Ego-Vehicle Road Maneuvers from Dashcam Video},
  author={Zekany, Stephen A and Dreslinski, Ronald G and Wenisch, Thomas F},
  booktitle={2019 IEEE Intelligent Transportation Systems Conference},
  pages={1204--1210},
  year={2019},
  organization={IEEE}
}

@INPROCEEDINGS{Feichtenhofer2019slowfast,
  author={Feichtenhofer, Christoph and Fan, Haoqi and Malik, Jitendra and He, Kaiming},
  booktitle={2019 IEEE/CVF International Conference on Computer Vision (ICCV)}, 
  title={SlowFast Networks for Video Recognition}, 
  year={2019},
  pages={6201-6210},
  doi={10.1109/ICCV.2019.00630}}

  @ARTICLE{zekany2022finding,
  author={Zekany, Stephen A. and Larsen, Thomas F. and Dreslinski, Ronald G. and Wenisch, Thomas F.},
  journal={IEEE Transactions on Intelligent Transportation Systems}, 
  title={Finding and Indexing Vehicle Maneuvers From Dashboard Camera Video}, 
  year={2022},
  volume={23},
  number={9},
  pages={16098-16109},
  doi={10.1109/TITS.2022.3147982}}
  
@inproceedings{shuai2017regression,
  title={Regression convolutional network for vanishing point detection},
  author={Shuai, Yan and Tiantian, Yan and Guodong, Yang and Zize, Liang},
  booktitle={2017 32nd Youth Academic Annual Conference of Chinese Association of Automation (YAC)},
  pages={634--638},
  year={2017},
  organization={IEEE}
}

@inproceedings{sandler2018mobilenetv2,
  title={Mobilenetv2: Inverted residuals and linear bottlenecks},
  author={Sandler, Mark and Howard, Andrew and Zhu, Menglong and Zhmoginov, Andrey and Chen, Liang-Chieh},
  booktitle={Proceedings of the IEEE conference on computer vision and pattern recognition},
  pages={4510--4520},
  year={2018}
}

@article{dosovitskiy2020image,
  title={An image is worth 16x16 words: Transformers for image recognition at scale},
  author={Dosovitskiy, Alexey and Beyer, Lucas and Kolesnikov, Alexander and Weissenborn, Dirk and Zhai, Xiaohua and Unterthiner, Thomas and Dehghani, Mostafa and Minderer, Matthias and Heigold, Georg and Gelly, Sylvain and others},
  journal={arXiv preprint arXiv:2010.11929},
  year={2020}
}