@INPROCEEDINGS{Feichtenhofer2019slowfast,
  author={Feichtenhofer, Christoph and Fan, Haoqi and Malik, Jitendra and He, Kaiming},
  booktitle={2019 IEEE/CVF International Conference on Computer Vision (ICCV)}, 
  title={SlowFast Networks for Video Recognition}, 
  year={2019},
  pages={6201-6210},
  doi={10.1109/ICCV.2019.00630}}

@inproceedings{kilicarslan2014detecting,
  title={Detecting walking pedestrians from leg motion in driving video},
  author={Kilicarslan, Mehmet and Zheng, Jiang Yu},
  booktitle={17th International IEEE Conference on Intelligent Transportation Systems (ITSC)},
  pages={2924--2929},
  year={2014},
  organization={IEEE}
}

@inproceedings{kilicarslan2014visualizing,
  title={Visualizing driving video in temporal profile},
  author={Kilicarslan, Mehmet and Zheng, Jiang Yu},
  booktitle={2014 IEEE Intelligent Vehicles Symposium Proceedings},
  pages={1263--1269},
  year={2014},
  organization={IEEE}
}

@inproceedings{kilicarslan2016bridge,
  title={Bridge motion to collision alarming using driving video},
  author={Kilicarslan, Mehmet and Zheng, Jiang Yu},
  booktitle={2016 23rd International Conference on Pattern Recognition (ICPR)},
  pages={1870--1875},
  year={2016},
  organization={IEEE}
}

@inproceedings{kilicarslan2017direct,
  title={Direct vehicle collision detection from motion in driving video},
  author={Kilicarslan, Mehmet and Zheng, Jiang Yu},
  booktitle={2017 IEEE Intelligent Vehicles Symposium (IV)},
  pages={1558--1564},
  year={2017},
  organization={IEEE}
}

@article{kilicarslan2022motion,
  title={Motion-aware vehicle detection in driving videos},
  author={Kilicarslan, Mehmet and Temel, Tansu},
  journal={Turkish Journal of Electrical Engineering and Computer Sciences},
  volume={30},
  number={1},
  pages={63--78},
  year={2022}
}

@inproceedings{peng2018driving,
  author={Peng, Xishuai and Liu, Ruirui and Murphey, Yi Lu and Stent, Simon and Li, Yuanxiang},
  booktitle={2018 24th International Conference on Pattern Recognition (ICPR)}, 
  title={Driving Maneuver Detection via Sequence Learning from Vehicle Signals and Video Images}, 
  year={2018},
  pages={1265-1270},
  doi={10.1109/ICPR.2018.8546255}}

@article{singh2023road,
	title = {{ROAD}: {The} {Road} {Event} {Awareness} {Dataset} for {Autonomous} {Driving}},
	doi = {10.1109/TPAMI.2022.3150906},
	journal = {IEEE Transactions on Pattern Analysis and Machine Intelligence},
	author = {Singh, Gurkirt and Akrigg, Stephen and Maio, Manuele Di and Fontana, Valentina and Alitappeh, Reza Javanmard and Khan, Salman and Saha, Suman and Jeddisaravi, Kossar and Yousefi, Farzad and Culley, Jacob and Nicholson, Tom and Omokeowa, Jordan and Grazioso, Stanislao and Bradley, Andrew and Gironimo, Giuseppe Di and Cuzzolin, Fabio},
	year = {2023},
	pages = {1036--1054}
}

@inproceedings{wang2020detecting,
  title={Detecting Vehicle Interactions in Driving Videos via Motion Profiles},
  author={Wang, Zheyuan and Zheng, Jiang Yu and Gao, Zhen},
  booktitle={2020 IEEE 23rd International Conference on Intelligent Transportation Systems (ITSC)},
  pages={1--6},
  year={2020},
  organization={IEEE}
}

@inproceedings{zekany2019classifying,
  title={Classifying Ego-Vehicle Road Maneuvers from Dashcam Video},
  author={Zekany, Stephen A and Dreslinski, Ronald G and Wenisch, Thomas F},
  booktitle={2019 IEEE Intelligent Transportation Systems Conference},
  pages={1204--1210},
  year={2019},
  organization={IEEE}
}

@ARTICLE{zekany2022finding,
  author={Zekany, Stephen A. and Larsen, Thomas F. and Dreslinski, Ronald G. and Wenisch, Thomas F.},
  journal={IEEE Transactions on Intelligent Transportation Systems}, 
  title={Finding and Indexing Vehicle Maneuvers From Dashboard Camera Video}, 
  year={2022},
  volume={23},
  number={9},
  pages={16098-16109},
  doi={10.1109/TITS.2022.3147982}}

