@article{mercier2018stochastic,
  title={A stochastic multiple gradient descent algorithm},
  author={Mercier, Quentin and Poirion, Fabrice and D{\'e}sid{\'e}ri, Jean-Antoine},
  journal={European Journal of Operational Research},
  volume={271},
  number={3},
  pages={808--817},
  year={2018},
  publisher={Elsevier}
}

@article{sener2018multi,
  title={Multi-task learning as multi-objective optimization},
  author={Sener, Ozan and Koltun, Vladlen},
  journal={Advances in neural information processing systems},
  volume={31},
  year={2018}
}

@article{mishkin2024directional,
  title={Directional Smoothness and Gradient Methods: Convergence and Adaptivity},
  author={Mishkin, Aaron and Khaled, Ahmed and Wang, Yuanhao and Defazio, Aaron and Gower, Robert M},
  journal={arXiv preprint arXiv:2403.04081},
  year={2024}
}


@article{bach2021learning,
  title={Learning theory from first principles},
  author={Bach, Francis},
  journal={Draft of a book, version of Sept},
  volume={6},
  pages={2021},
  year={2021}
}
@article{team2025kimi,
  title={Kimi k1. 5: Scaling Reinforcement Learning with LLMs},
  author={Team, Kimi and Du, Angang and Gao, Bofei and Xing, Bowei and Jiang, Changjiu and Chen, Cheng and Li, Cheng and Xiao, Chenjun and Du, Chenzhuang and Liao, Chonghua and others},
  journal={arXiv preprint arXiv:2501.12599},
  year={2025}
}

@article{gower2021stochastic,
  title={Stochastic polyak stepsize with a moving target},
  author={Gower, Robert M and Defazio, Aaron and Rabbat, Michael},
  journal={arXiv preprint arXiv:2106.11851},
  year={2021}
}

@article{navon2022multi,
  title={Multi-task learning as a bargaining game},
  author={Navon, Aviv and Shamsian, Aviv and Achituve, Idan and Maron, Haggai and Kawaguchi, Kenji and Chechik, Gal and Fetaya, Ethan},
  journal={arXiv preprint arXiv:2202.01017},
  year={2022}
}



@article{yu2020gradient,
  title={Gradient surgery for multi-task learning},
  author={Yu, Tianhe and Kumar, Saurabh and Gupta, Abhishek and Levine, Sergey and Hausman, Karol and Finn, Chelsea},
  journal={Advances in Neural Information Processing Systems},
  volume={33},
  pages={5824--5836},
  year={2020}
}

@article{liu2021conflict,
  title={Conflict-averse gradient descent for multi-task learning},
  author={Liu, Bo and Liu, Xingchao and Jin, Xiaojie and Stone, Peter and Liu, Qiang},
  journal={Advances in Neural Information Processing Systems},
  volume={34},
  pages={18878--18890},
  year={2021}
}

@article{desideri2012multiple,
  title={Multiple-gradient descent algorithm (MGDA) for multiobjective optimization},
  author={D{\'e}sid{\'e}ri, Jean-Antoine},
  journal={Comptes Rendus Mathematique},
  volume={350},
  number={5-6},
  pages={313--318},
  year={2012},
  publisher={Elsevier}
}

@article{bubeck2015convex,
  title={Convex optimization: Algorithms and complexity},
  author={Bubeck, S{\'e}bastien and others},
  journal={Foundations and Trends{\textregistered} in Machine Learning},
  volume={8},
  number={3-4},
  pages={231--357},
  year={2015},
  publisher={Now Publishers, Inc.}
}

@article{lacoste2012simpler,
  title={A simpler approach to obtaining an O (1/t) convergence rate for the projected stochastic subgradient method},
  author={Lacoste-Julien, Simon and Schmidt, Mark and Bach, Francis},
  journal={arXiv preprint arXiv:1212.2002},
  year={2012}
}

@article{fu2020d4rl,
  title={{D4RL}: Datasets for deep data-driven reinforcement learning},
  author={Fu, Justin and Kumar, Aviral and Nachum, Ofir and Tucker, George and Levine, Sergey},
  journal={arXiv preprint arXiv:2004.07219},
  year={2020}
}

@book{sutton2018reinforcement,
  title={Reinforcement learning: An introduction},
  author={Sutton, Richard S and Barto, Andrew G},
  year={2018},
  publisher={MIT press}
}

@article{osband2019deep,
  title={Deep Exploration via Randomized Value Functions.},
  author={Osband, Ian and Van Roy, Benjamin and Russo, Daniel J and Wen, Zheng and others},
  journal={Journal of Machine Learning Research},
  volume={20},
  number={124},
  pages={1--62},
  year={2019}
}

@article{d2021mushroomrl,
  title={Mushroomrl: Simplifying reinforcement learning research},
  author={D'Eramo, Carlo and Tateo, Davide and Bonarini, Andrea and Restelli, Marcello and Peters, Jan},
  journal={Journal of Machine Learning Research},
  volume={22},
  number={1},
  pages={5867--5871},
  year={2021},
  publisher={JMLRORG}
}

@article{lillicrap2015continuous,
  title={Continuous control with deep reinforcement learning},
  author={Lillicrap, Timothy P and Hunt, Jonathan J and Pritzel, Alexander and Heess, Nicolas and Erez, Tom and Tassa, Yuval and Silver, David and Wierstra, Daan},
  journal={arXiv preprint arXiv:1509.02971},
  year={2015}
}
# International Conference on Learning Representations

@inproceedings{dabney2018distributional,
  title={Distributional reinforcement learning with quantile regression},
  author={Dabney, Will and Rowland, Mark and Bellemare, Marc and Munos, R{\'e}mi},
  booktitle={Proceedings of the AAAI Conference on Artificial Intelligence},
  volume={32},
  number={1},
  year={2018}
}

@article{andrychowicz2017hindsight,
  title={Hindsight experience replay},
  author={Andrychowicz, Marcin and Wolski, Filip and Ray, Alex and Schneider, Jonas and Fong, Rachel and Welinder, Peter and McGrew, Bob and Tobin, Josh and Pieter Abbeel, OpenAI and Zaremba, Wojciech},
  journal={Advances in Neural Information Processing Systems},
  volume={30},
  year={2017}
}

@article{gauci2018horizon,
  title={Horizon: Facebook's Open Source Applied Reinforcement Learning Platform},
  author={Gauci, Jason and Conti, Edoardo and Liang, Yitao and Virochsiri, Kittipat and Chen, Zhengxing and He, Yuchen and Kaden, Zachary and Narayanan, Vivek and Ye, Xiaohui},
  journal={arXiv preprint arXiv:1811.00260},
  year={2018}
}

@article{serrano2023skrl,
  author  = {Antonio Serrano-Muñoz and Dimitrios Chrysostomou and Simon Bøgh and Nestor Arana-Arexolaleiba},
  title   = {skrl: Modular and Flexible Library for Reinforcement Learning},
  journal = {Journal of Machine Learning Research},
  year    = {2023},
  volume  = {24},
  number  = {254},
  pages   = {1--9},
  url     = {http://jmlr.org/papers/v24/23-0112.html}
}
@article{tessler2018reward,
  title={Reward constrained policy optimization},
  author={Tessler, Chen and Mankowitz, Daniel J and Mannor, Shie},
  journal={arXiv preprint arXiv:1805.11074},
  year={2018}
}

@article{osband2016deep,
  title={Deep exploration via bootstrapped {DQN}},
  author={Osband, Ian and Blundell, Charles and Pritzel, Alexander and Van Roy, Benjamin},
  journal={Advances in Neural Information Processing Systems},
  volume={29},
  year={2016}
}

@article{silver2017mastering,
  title={Mastering the game of go without human knowledge},
  author={Silver, David and Schrittwieser, Julian and Simonyan, Karen and Antonoglou, Ioannis and Huang, Aja and Guez, Arthur and Hubert, Thomas and Baker, Lucas and Lai, Matthew and Bolton, Adrian and others},
  journal={Nature},
  volume={550},
  number={7676},
  pages={354--359},
  year={2017},
  publisher={Nature Publishing Group}
}

@article{lin1992self,
  title={Self-improving reactive agents based on reinforcement learning, planning and teaching},
  author={Lin, Long-Ji},
  journal={Machine Learning},
  volume={8},
  pages={293--321},
  year={1992},
  publisher={Springer}
}

@article{mnih2015human,
  title={Human-level control through deep reinforcement learning},
  author={Mnih, Volodymyr and Kavukcuoglu, Koray and Silver, David and Rusu, Andrei A and Veness, Joel and Bellemare, Marc G and Graves, Alex and Riedmiller, Martin and Fidjeland, Andreas K and Ostrovski, Georg and others},
  journal={Nature},
  volume={518},
  number={7540},
  pages={529--533},
  year={2015},
  publisher={Nature Publishing Group}
}

@inproceedings{li2010contextual,
  title={A contextual-bandit approach to personalized news article recommendation},
  author={Li, Lihong and Chu, Wei and Langford, John and Schapire, Robert E},
  booktitle={Proceedings of the 19th International Conference on World Wide Web},
  pages={661--670},
  year={2010}
}

@inproceedings{agrawal2013thompson,
  title={Thompson sampling for contextual bandits with linear payoffs},
  author={Agrawal, Shipra and Goyal, Navin},
  booktitle={International Conference on Machine Learning},
  pages={127--135},
  year={2013},
  organization={PMLR}
}

@misc{bou2023torchrl,
      title={{TorchRL}: A data-driven decision-making library for {PyTorch}}, 
      author={Albert Bou and Matteo Bettini and Sebastian Dittert and Vikash Kumar and Shagun Sodhani and Xiaomeng Yang and Gianni De Fabritiis and Vincent Moens},
      year={2023},
      eprint={2306.00577},
      archivePrefix={arXiv},
}

@misc{asuncion2007uci,
  title={UCI machine learning repository},
  author={Asuncion, Arthur and Newman, David},
  year={2007},
  publisher={Irvine, CA, USA}
}
@article{dudik2011doubly,
  title={Doubly robust policy evaluation and learning},
  author={Dud{\'\i}k, Miroslav and Langford, John and Li, Lihong},
  journal={arXiv preprint arXiv:1103.4601},
  year={2011}
}

@article{bietti2021contextual,
  title={A contextual bandit bake-off},
  author={Bietti, Alberto and Agarwal, Alekh and Langford, John},
  journal={Journal of Machine Learning Research},
  volume={22},
  number={1},
  pages={5928--5976},
  year={2021},
}

@article{agarwal2014reliable,
  title={A reliable effective terascale linear learning system},
  author={Agarwal, Alekh and Chapelle, Olivier and Dud{\'\i}k, Miroslav and Langford, John},
  journal={Journal of Machine Learning Research},
  volume={15},
  number={1},
  pages={1111--1133},
  year={2014},
}

@inproceedings{liang2018rllib,
    Author = {Eric Liang and
              Richard Liaw and
              Robert Nishihara and
              Philipp Moritz and
              Roy Fox and
              Ken Goldberg and
              Joseph E. Gonzalez and
              Michael I. Jordan and
              Ion Stoica},
    Title = {{RLlib}: Abstractions for Distributed Reinforcement Learning},
    Booktitle = {International Conference on Machine Learning},
    Year = {2018}
}

@article{stable-baselines3,
  author  = {Antonin Raffin and Ashley Hill and Adam Gleave and Anssi Kanervisto and Maximilian Ernestus and Noah Dormann},
  title   = {Stable-Baselines3: Reliable Reinforcement Learning Implementations},
  journal = {Journal of Machine Learning Research},
  year    = {2021},
  volume  = {22},
  number  = {268},
  pages   = {1-8},
}

@article{tianshou,
  author  = {Jiayi Weng and Huayu Chen and Dong Yan and Kaichao You and Alexis Duburcq and Minghao Zhang and Yi Su and Hang Su and Jun Zhu},
  title   = {Tianshou: A Highly Modularized Deep Reinforcement Learning Library},
  journal = {Journal of Machine Learning Research},
  year    = {2022},
  volume  = {23},
  number  = {267},
  pages   = {1--6},
}

@article{huang2022cleanrl,
  author  = {Shengyi Huang and Rousslan Fernand Julien Dossa and Chang Ye and Jeff Braga and Dipam Chakraborty and Kinal Mehta and João G.M. Araújo},
  title   = {CleanRL: High-quality Single-file Implementations of Deep Reinforcement Learning Algorithms},
  journal = {Journal of Machine Learning Research},
  year    = {2022},
  volume  = {23},
  number  = {274},
  pages   = {1--18},
}

@inproceedings{foster2020beyond,
  title={Beyond {UCB}: Optimal and efficient contextual bandits with regression oracles},
  author={Foster, Dylan and Rakhlin, Alexander},
  booktitle={International Conference on Machine Learning},
  pages={3199--3210},
  year={2020},
}

@inproceedings{foster2018practical,
  title={Practical contextual bandits with regression oracles},
  author={Foster, Dylan and Agarwal, Alekh and Dud{\'\i}k, Miroslav and Luo, Haipeng and Schapire, Robert},
  booktitle={International Conference on Machine Learning},
  pages={1539--1548},
  year={2018},
}

@article{xu2023optimizing,
  title={Optimizing Long-term Value for Auction-Based Recommender Systems via On-Policy Reinforcement Learning},
  author={Xu, Ruiyang and Bhandari, Jalaj and Korenkevych, Dmytro and Liu, Fan and He, Yuchen and Nikulkov, Alex and Zhu, Zheqing},
  journal={RecSys},
  year={2023}
}

@article{korenkevych2023offline,
  title={Offline Reinforcement Learning for Optimizing Production Bidding Policies},
  author={Korenkevych, Dmytro and Cheng, Frank and Balakir, Artsiom and Nikulkov, Alex and Gao, Lingnan and Cen, Zhihao and Xu, Zuobing and Zhu, Zheqing},
  journal={Technical Report},
  year={2023}
}

@article{hochreiter1997long,
  title={Long short-term memory},
  author={Hochreiter, Sepp and Schmidhuber, J{\"u}rgen},
  journal={Neural Computation},
  volume={9},
  number={8},
  pages={1735--1780},
  year={1997},
  publisher={MIT press}
}

@Misc{Yadan2019Hydra,
  author =       {Omry Yadan},
  title =        {Hydra - A framework for elegantly configuring complex applications},
  howpublished = {Github},
  year =         {2019},
  url =          {https://github.com/facebookresearch/hydra}
}

@inproceedings{xu2021neural,
  title={Neural Contextual Bandits with Deep Representation and Shallow Exploration},
  author={Xu, Pan and Wen, Zheng and Zhao, Handong and Gu, Quanquan},
  booktitle={International Conference on Learning Representations},
  year={2021}
}

@article{lu2017ensemble,
  title={Ensemble sampling},
  author={Lu, Xiuyuan and Van Roy, Benjamin},
  journal={Advances in neural information processing systems},
  volume={30},
  year={2017}
}

@inproceedings{van2016deep,
  title={Deep reinforcement learning with double q-learning},
  author={Van Hasselt, Hado and Guez, Arthur and Silver, David},
  booktitle={Proceedings of the AAAI Conference on Artificial Intelligence},
  volume={30},
  number={1},
  year={2016}
}

@inproceedings{wang2016dueling,
  title={Dueling network architectures for deep reinforcement learning},
  author={Wang, Ziyu and Schaul, Tom and Hessel, Matteo and Hasselt, Hado and Lanctot, Marc and Freitas, Nando},
  booktitle={International Conference on Machine Learning},
  pages={1995--2003},
  year={2016},
}

@book{rummery1994line,
  title={On-line Q-learning using connectionist systems},
  author={Rummery, Gavin A and Niranjan, Mahesan},
  volume={37},
  year={1994},
  publisher={University of Cambridge, Department of Engineering Cambridge, UK}
}

@inproceedings{haarnoja2018soft,
  title={Soft actor-critic: Off-policy maximum entropy deep reinforcement learning with a stochastic actor},
  author={Haarnoja, Tuomas and Zhou, Aurick and Abbeel, Pieter and Levine, Sergey},
  booktitle={International Conference on Machine Learning},
  pages={1861--1870},
  year={2018},
}

@inproceedings{silver2014deterministic,
  title={Deterministic policy gradient algorithms},
  author={Silver, David and Lever, Guy and Heess, Nicolas and Degris, Thomas and Wierstra, Daan and Riedmiller, Martin},
  booktitle={International Conference on Machine Learning},
  pages={387--395},
  year={2014},
}

@inproceedings{fujimoto2018addressing,
  title={Addressing function approximation error in actor-critic methods},
  author={Fujimoto, Scott and Hoof, Herke and Meger, David},
  booktitle={International Conference on Machine Learning},
  pages={1587--1596},
  year={2018},
}

@article{kumar2020conservative,
  title={Conservative {Q}-learning for offline reinforcement learning},
  author={Kumar, Aviral and Zhou, Aurick and Tucker, George and Levine, Sergey},
  journal={Advances in Neural Information Processing Systems},
  volume={33},
  pages={1179--1191},
  year={2020}
}

@inproceedings{kostrikov2021offline,
  title={Offline Reinforcement Learning with Implicit {Q}-Learning},
  author={Kostrikov, Ilya and Nair, Ashvin and Levine, Sergey},
  booktitle={International Conference on Learning Representations},
  year={2021}
}

@article{cesa2017boltzmann,
  title={Boltzmann exploration done right},
  author={Cesa-Bianchi, Nicol{\`o} and Gentile, Claudio and Lugosi, G{\'a}bor and Neu, Gergely},
  journal={Advances in Neural Information Processing Systems},
  volume={30},
  year={2017}
}

@software{torchvision2016,
    title        = {TorchVision: PyTorch's Computer Vision library},
    author       = {TorchVision maintainers and contributors},
    year         = 2016,
    journal      = {GitHub repository},
    publisher    = {GitHub},
    howpublished = {\url{https://github.com/pytorch/vision}}
}

@inproceedings{wolf-etal-2020-transformers,
    title = "Transformers: State-of-the-Art Natural Language Processing",
    author = "Thomas Wolf and Lysandre Debut and Victor Sanh and Julien Chaumond and Clement Delangue and Anthony Moi and Pierric Cistac and Tim Rault and Rémi Louf and Morgan Funtowicz and Joe Davison and Sam Shleifer and Patrick von Platen and Clara Ma and Yacine Jernite and Julien Plu and Canwen Xu and Teven Le Scao and Sylvain Gugger and Mariama Drame and Quentin Lhoest and Alexander M. Rush",
    booktitle = "Proceedings of the 2020 Conference on Empirical Methods in Natural Language Processing: System Demonstrations",
    month = oct,
    year = "2020",
    address = "Online",
    publisher = "Association for Computational Linguistics",
    pages = "38--45"
}

@article{schulman2017proximal,
  title={Proximal policy optimization algorithms},
  author={Schulman, John and Wolski, Filip and Dhariwal, Prafulla and Radford, Alec and Klimov, Oleg},
  journal={arXiv preprint arXiv:1707.06347},
  year={2017}
}

@article{sutton1999policy,
  title={Policy gradient methods for reinforcement learning with function approximation},
  author={Sutton, Richard S and McAllester, David and Singh, Satinder and Mansour, Yishay},
  journal={Advances in Neural Information Processing Systems},
  volume={12},
  year={1999}
}

@article{levine2016end,
  title={End-to-end training of deep visuomotor policies},
  author={Levine, Sergey and Finn, Chelsea and Darrell, Trevor and Abbeel, Pieter},
  journal={Journal of Machine Learning Research},
  volume={17},
  number={1},
  pages={1334--1373},
  year={2016},
}

@inproceedings{peng2018sim,
  title={Sim-to-real transfer of robotic control with dynamics randomization},
  author={Peng, Xue Bin and Andrychowicz, Marcin and Zaremba, Wojciech and Abbeel, Pieter},
  booktitle={IEEE International Conference on Robotics and Automation},
  pages={3803--3810},
  year={2018},
}

@article{ouyang2022training,
  title={Training language models to follow instructions with human feedback},
  author={Ouyang, Long and Wu, Jeffrey and Jiang, Xu and Almeida, Diogo and Wainwright, Carroll and Mishkin, Pamela and Zhang, Chong and Agarwal, Sandhini and Slama, Katarina and Ray, Alex and others},
  journal={Advances in Neural Information Processing Systems},
  volume={35},
  pages={27730--27744},
  year={2022}
}

@article{d3rlpy,
  author  = {Takuma Seno and Michita Imai},
  title   = {d3rlpy: An Offline Deep Reinforcement Learning Library},
  journal = {Journal of Machine Learning Research},
  year    = {2022},
  volume  = {23},
  number  = {315},
  pages   = {1--20},
}

@article{osband2023approximate,
  title={Approximate Thompson Sampling via Epistemic Neural Networks},
  author={Osband, Ian and Wen, Zheng and Asghari, Seyed Mohammad and Dwaracherla, Vikranth and Ibrahimi, Morteza and Lu, Xiuyuan and Van Roy, Benjamin},
  journal={arXiv preprint arXiv:2302.09205},
  year={2023}
}

@inproceedings{zhu2023scalable,
  title={Scalable Neural Contextual Bandit for Recommender Systems},
  author={Zhu, Zheqing and Van Roy, Benjamin},
  booktitle={32nd ACM International Conference on Information and Knowledge Management (CIKM)},
  pages={3636-3646},
  year={2023}
}

@inproceedings{lu2018efficient,
  title={Efficient online recommendation via low-rank ensemble sampling},
  author={Lu, Xiuyuan and Wen, Zheng and Kveton, Branislav},
  booktitle={Proceedings of the 12th ACM Conference on Recommender Systems},
  pages={460--464},
  year={2018}
}

@article{nemirovski2009robust,
  title={Robust stochastic approximation approach to stochastic programming},
  author={Nemirovski, Arkadi and Juditsky, Anatoli and Lan, Guanghui and Shapiro, Alexander},
  journal={SIAM Journal on optimization},
  volume={19},
  number={4},
  pages={1574--1609},
  year={2009},
  publisher={SIAM}
}

@article{wang2017stochastic,
  title={Stochastic compositional gradient descent: algorithms for minimizing compositions of expected-value functions},
  author={Wang, Mengdi and Fang, Ethan X and Liu, Han},
  journal={Mathematical Programming},
  volume={161},
  pages={419--449},
  year={2017},
  publisher={Springer}
}

@article{rakhlin2011making,
  title={Making gradient descent optimal for strongly convex stochastic optimization},
  author={Rakhlin, Alexander and Shamir, Ohad and Sridharan, Karthik},
  journal={arXiv preprint arXiv:1109.5647},
  year={2011}
}

@article{bertsekas2011incremental,
  title={Incremental gradient, subgradient, and proximal methods for convex optimization: A survey},
  author={Bertsekas, Dimitri P and others},
  journal={Optimization for Machine Learning},
  volume={2010},
  number={1-38},
  pages={3},
  year={2011}
}

@article{chung1954stochastic,
  title={On a stochastic approximation method},
  author={Chung, Kai Lai},
  journal={The Annals of Mathematical Statistics},
  pages={463--483},
  year={1954},
  publisher={JSTOR}
}