% Encoding: UTF-8

@inproceedings{chen2022active,
  title={Active multi-task representation learning},
  author={Chen, Yifang and Jamieson, Kevin and Du, Simon},
  booktitle={International Conference on Machine Learning},
  pages={3271--3298},
  year={2022},
  organization={PMLR}
}


@article{lu2021power,
  title={On the power of multitask representation learning in linear mdp},
  author={Lu, Rui and Huang, Gao and Du, Simon S},
  journal={arXiv preprint arXiv:2106.08053},
  year={2021}
}

@article{hutchinson1989stochastic,
  title={A stochastic estimator of the trace of the influence matrix for Laplacian smoothing splines},
  author={Hutchinson, Michael F},
  journal={Communications in Statistics-Simulation and Computation},
  volume={18},
  number={3},
  pages={1059--1076},
  year={1989},
  publisher={Taylor \& Francis}
}

@inproceedings{yao2021adahessian,
  title={Adahessian: An adaptive second order optimizer for machine learning},
  author={Yao, Zhewei and Gholami, Amir and Shen, Sheng and Mustafa, Mustafa and Keutzer, Kurt and Mahoney, Michael},
  booktitle={proceedings of the AAAI conference on artificial intelligence},
  volume={35},
  number={12},
  pages={10665--10673},
  year={2021}
}

@article{roosta2015improved,
  title={Improved bounds on sample size for implicit matrix trace estimators},
  author={Roosta-Khorasani, Farbod and Ascher, Uri},
  journal={Foundations of Computational Mathematics},
  volume={15},
  number={5},
  pages={1187--1212},
  year={2015},
  publisher={Springer}
}

@article{liu2023sophia,
  title={Sophia: A scalable stochastic second-order optimizer for language model pre-training},
  author={Liu, Hong and Li, Zhiyuan and Hall, David and Liang, Percy and Ma, Tengyu},
  journal={arXiv preprint arXiv:2305.14342},
  year={2023}
}

@article{achituve2024bayesian,
  title={Bayesian Uncertainty for Gradient Aggregation in Multi-Task Learning},
  author={Achituve, Idan and Diamant, Idit and Netzer, Arnon and Chechik, Gal and Fetaya, Ethan},
  journal={arXiv preprint arXiv:2402.04005},
  year={2024}
}

@inproceedings{schaul2013no,
  title={No more pesky learning rates},
  author={Schaul, Tom and Zhang, Sixin and LeCun, Yann},
  booktitle={International conference on machine learning},
  pages={343--351},
  year={2013},
  organization={PMLR}
}

@inproceedings{chapelle2011improved,
  title={Improved preconditioner for hessian free optimization},
  author={Chapelle, Olivier and Erhan, Dumitru and others},
  booktitle={NIPS Workshop on Deep Learning and Unsupervised Feature Learning},
  volume={201},
  number={1},
  year={2011},
  organization={Citeseer}
}


@article{lin2023libmtl,
  title={Libmtl: A python library for deep multi-task learning},
  author={Lin, Baijiong and Zhang, Yu},
  journal={The Journal of Machine Learning Research},
  volume={24},
  number={1},
  pages={9999--10005},
  year={2023},
  publisher={JMLRORG}
}

@article{lee2024parrot,
  title={Parrot: Pareto-optimal multi-reward reinforcement learning framework for text-to-image generation},
  author={Lee, Seung Hyun and Li, Yinxiao and Ke, Junjie and Yoo, Innfarn and Zhang, Han and Yu, Jiahui and Wang, Qifei and Deng, Fei and Entis, Glenn and He, Junfeng and others},
  journal={arXiv preprint arXiv:2401.05675},
  year={2024}
}
@inproceedings{dann2023reinforcement,
  title={Reinforcement learning can be more efficient with multiple rewards},
  author={Dann, Christoph and Mansour, Yishay and Mohri, Mehryar},
  booktitle={International Conference on Machine Learning},
  pages={6948--6967},
  year={2023},
  organization={PMLR}
}

@book{boyd2004convex,
  title={Convex optimization},
  author={Boyd, Stephen and Vandenberghe, Lieven},
  year={2004},
  publisher={Cambridge university press}
}

@article{daskalakis2018last,
  title={Last-iterate convergence: Zero-sum games and constrained min-max optimization},
  author={Daskalakis, Constantinos and Panageas, Ioannis},
  journal={arXiv preprint arXiv:1807.04252},
  year={2018}
}
@article{rakhlin2013optimization,
  title={Optimization, learning, and games with predictable sequences},
  author={Rakhlin, Sasha and Sridharan, Karthik},
  journal={Advances in Neural Information Processing Systems},
  volume={26},
  year={2013}
}
@article{mertikopoulos2018mirror,
  title={Mirror descent in saddle-point problems: Going the extra (gradient) mile},
  author={Mertikopoulos, Panayotis and Zenati, Houssam and Lecouat, Bruno and Foo, Chuan-Sheng and Chandrasekhar, Vijay and Piliouras, Georgios},
  journal={arXiv preprint arXiv:1807.02629},
  year={2018}
}
@article{cen2021fast,
  title={Fast policy extragradient methods for competitive games with entropy regularization},
  author={Cen, Shicong and Wei, Yuting and Chi, Yuejie},
  journal={Advances in Neural Information Processing Systems},
  volume={34},
  pages={27952--27964},
  year={2021}
}

@book{nesterov2013introductory,
  title={Introductory lectures on convex optimization: A basic course},
  author={Nesterov, Yurii},
  volume={87},
  year={2013},
  publisher={Springer Science \& Business Media}
}

@book{nesterov2018lectures,
  title={Lectures on convex optimization},
  author={Nesterov, Yurii and others},
  volume={137},
  year={2018},
  publisher={Springer}
}

@article{desideri2012multiple,
  title={Multiple-gradient descent algorithm (MGDA) for multiobjective optimization},
  author={D{\'e}sid{\'e}ri, Jean-Antoine},
  journal={Comptes Rendus Mathematique},
  volume={350},
  number={5-6},
  pages={313--318},
  year={2012},
  publisher={Elsevier}
}

@article{sener2018multi,
  title={Multi-task learning as multi-objective optimization},
  author={Sener, Ozan and Koltun, Vladlen},
  journal={Advances in neural information processing systems},
  volume={31},
  year={2018}
}
@article{hazan2019revisiting,
  title={Revisiting the Polyak step size},
  author={Hazan, Elad and Kakade, Sham},
  journal={arXiv preprint arXiv:1905.00313},
  year={2019}
}

@article{polyak1987introduction,
  title={Introduction to optimization},
  author={Polyak, Boris T},
  year={1987},
  publisher={New York, Optimization Software,}
}

@inproceedings{chen2018gradnorm,
  title={Gradnorm: Gradient normalization for adaptive loss balancing in deep multitask networks},
  author={Chen, Zhao and Badrinarayanan, Vijay and Lee, Chen-Yu and Rabinovich, Andrew},
  booktitle={International conference on machine learning},
  pages={794--803},
  year={2018},
  organization={PMLR}
}

@article{liu2021conflict,
  title={Conflict-averse gradient descent for multi-task learning},
  author={Liu, Bo and Liu, Xingchao and Jin, Xiaojie and Stone, Peter and Liu, Qiang},
  journal={Advances in Neural Information Processing Systems},
  volume={34},
  pages={18878--18890},
  year={2021}
}

@article{navon2022multi,
  title={Multi-task learning as a bargaining game},
  author={Navon, Aviv and Shamsian, Aviv and Achituve, Idan and Maron, Haggai and Kawaguchi, Kenji and Chechik, Gal and Fetaya, Ethan},
  journal={arXiv preprint arXiv:2202.01017},
  year={2022}
}

@inproceedings{chennupati2019multinet++,
  title={Multinet++: Multi-stream feature aggregation and geometric loss strategy for multi-task learning},
  author={Chennupati, Sumanth and Sistu, Ganesh and Yogamani, Senthil and A Rawashdeh, Samir},
  booktitle={Proceedings of the IEEE/CVF conference on computer vision and pattern recognition workshops},
  pages={0--0},
  year={2019}
}

@article{lin2021reasonable,
  title={Reasonable effectiveness of random weighting: A litmus test for multi-task learning},
  author={Lin, Baijiong and Ye, Feiyang and Zhang, Yu and Tsang, Ivor W},
  journal={arXiv preprint arXiv:2111.10603},
  year={2021}
}

@article{yu2020gradient,
  title={Gradient surgery for multi-task learning},
  author={Yu, Tianhe and Kumar, Saurabh and Gupta, Abhishek and Levine, Sergey and Hausman, Karol and Finn, Chelsea},
  journal={Advances in Neural Information Processing Systems},
  volume={33},
  pages={5824--5836},
  year={2020}
}

@article{bastani2021predicting,
  title={Predicting with proxies: Transfer learning in high dimension},
  author={Bastani, Hamsa},
  journal={Management Science},
  volume={67},
  number={5},
  pages={2964--2984},
  year={2021},
  publisher={INFORMS}
}

@article{dzyabura2019accounting,
  title={Accounting for discrepancies between online and offline product evaluations},
  author={Dzyabura, Daria and Jagabathula, Srikanth and Muller, Eitan},
  journal={Marketing Science},
  volume={38},
  number={1},
  pages={88--106},
  year={2019},
  publisher={INFORMS}
}

@article{forrester2007multi,
  title={Multi-fidelity optimization via surrogate modelling},
  author={Forrester, Alexander IJ and S{\'o}bester, Andr{\'a}s and Keane, Andy J},
  journal={Proceedings of the royal society a: mathematical, physical and engineering sciences},
  volume={463},
  number={2088},
  pages={3251--3269},
  year={2007},
  publisher={The Royal Society London}
}

@article{kandasamy2016multi,
  title={The multi-fidelity multi-armed bandit},
  author={Kandasamy, Kirthevasan and Dasarathy, Gautam and Poczos, Barnabas and Schneider, Jeff},
  journal={Advances in neural information processing systems},
  volume={29},
  year={2016}
}

@article{kandasamy2016gaussian,
  title={Gaussian process bandit optimisation with multi-fidelity evaluations},
  author={Kandasamy, Kirthevasan and Dasarathy, Gautam and Oliva, Junier B and Schneider, Jeff and P{\'o}czos, Barnab{\'a}s},
  journal={Advances in neural information processing systems},
  volume={29},
  year={2016}
}

@inproceedings{kandasamy2017multi,
  title={Multi-fidelity bayesian optimisation with continuous approximations},
  author={Kandasamy, Kirthevasan and Dasarathy, Gautam and Schneider, Jeff and P{\'o}czos, Barnab{\'a}s},
  booktitle={International conference on machine learning},
  pages={1799--1808},
  year={2017},
  organization={PMLR}
}

@inproceedings{song2019general,
  title={A general framework for multi-fidelity bayesian optimization with gaussian processes},
  author={Song, Jialin and Chen, Yuxin and Yue, Yisong},
  booktitle={The 22nd International Conference on Artificial Intelligence and Statistics},
  pages={3158--3167},
  year={2019},
  organization={PMLR}
}

@inproceedings{wu2020practical,
  title={Practical multi-fidelity Bayesian optimization for hyperparameter tuning},
  author={Wu, Jian and Toscano-Palmerin, Saul and Frazier, Peter I and Wilson, Andrew Gordon},
  booktitle={Uncertainty in Artificial Intelligence},
  pages={788--798},
  year={2020},
  organization={PMLR}
}

@inproceedings{takeno2020multi,
  title={Multi-fidelity Bayesian optimization with max-value entropy search and its parallelization},
  author={Takeno, Shion and Fukuoka, Hitoshi and Tsukada, Yuhki and Koyama, Toshiyuki and Shiga, Motoki and Takeuchi, Ichiro and Karasuyama, Masayuki},
  booktitle={International Conference on Machine Learning},
  pages={9334--9345},
  year={2020},
  organization={PMLR}
}

@article{yi2021active,
  title={An active-learning method based on multi-fidelity Kriging model for structural reliability analysis},
  author={Yi, Jiaxiang and Wu, Fangliang and Zhou, Qi and Cheng, Yuansheng and Ling, Hao and Liu, Jun},
  journal={Structural and Multidisciplinary Optimization},
  volume={63},
  pages={173--195},
  year={2021},
  publisher={Springer}
}

@article{li2022batch,
  title={Batch multi-fidelity active learning with budget constraints},
  author={Li, Shibo and Phillips, Jeff M and Yu, Xin and Kirby, Robert and Zhe, Shandian},
  journal={Advances in Neural Information Processing Systems},
  volume={35},
  pages={995--1007},
  year={2022}
}

@article{li2020deep,
  title={Deep multi-fidelity active learning of high-dimensional outputs},
  author={Li, Shibo and Kirby, Robert M and Zhe, Shandian},
  journal={arXiv preprint arXiv:2012.00901},
  year={2020}
}

@inproceedings{zhao2020sim,
  title={Sim-to-real transfer in deep reinforcement learning for robotics: a survey},
  author={Zhao, Wenshuai and Queralta, Jorge Pe{\~n}a and Westerlund, Tomi},
  booktitle={2020 IEEE symposium series on computational intelligence (SSCI)},
  pages={737--744},
  year={2020},
  organization={IEEE}
}

@inproceedings{peng2018sim,
  title={Sim-to-real transfer of robotic control with dynamics randomization},
  author={Peng, Xue Bin and Andrychowicz, Marcin and Zaremba, Wojciech and Abbeel, Pieter},
  booktitle={2018 IEEE international conference on robotics and automation (ICRA)},
  pages={3803--3810},
  year={2018},
  organization={IEEE}
}


@article{caruana1997multitask,
  title={Multitask learning},
  author={Caruana, Rich},
  journal={Machine learning},
  volume={28},
  pages={41--75},
  year={1997},
  publisher={Springer}
}

@article{team2025kimi,
  title={Kimi k1. 5: Scaling Reinforcement Learning with LLMs},
  author={Team, Kimi and Du, Angang and Gao, Bofei and Xing, Bowei and Jiang, Changjiu and Chen, Cheng and Li, Cheng and Xiao, Chenjun and Du, Chenzhuang and Liao, Chonghua and others},
  journal={arXiv preprint arXiv:2501.12599},
  year={2025}
}

@article{gower2021stochastic,
  title={Stochastic polyak stepsize with a moving target},
  author={Gower, Robert M and Defazio, Aaron and Rabbat, Michael},
  journal={arXiv preprint arXiv:2106.11851},
  year={2021}
}

@article{zhang2024convergence,
  title={On the Convergence of Multi-objective Optimization under Generalized Smoothness},
  author={Zhang, Qi and Xiao, Peiyao and Ji, Kaiyi and Zou, Shaofeng},
  journal={arXiv preprint arXiv:2405.19440},
  year={2024}
}

@article{teh2017distral,
  title={Distral: Robust multitask reinforcement learning},
  author={Teh, Yee and Bapst, Victor and Czarnecki, Wojciech M and Quan, John and Kirkpatrick, James and Hadsell, Raia and Heess, Nicolas and Pascanu, Razvan},
  journal={Advances in neural information processing systems},
  volume={30},
  year={2017}
}
@article{he2024robust,
  title={Robust multi-task learning with excess risks},
  author={He, Yifei and Zhou, Shiji and Zhang, Guojun and Yun, Hyokun and Xu, Yi and Zeng, Belinda and Chilimbi, Trishul and Zhao, Han},
  journal={arXiv preprint arXiv:2402.02009},
  year={2024}
}
@inproceedings{wang2023generalized,
  title={Generalized Polyak step size for first order optimization with momentum},
  author={Wang, Xiaoyu and Johansson, Mikael and Zhang, Tong},
  booktitle={International Conference on Machine Learning},
  pages={35836--35863},
  year={2023},
  organization={PMLR}
}
@article{orvieto2022dynamics,
  title={Dynamics of sgd with stochastic polyak stepsizes: Truly adaptive variants and convergence to exact solution},
  author={Orvieto, Antonio and Lacoste-Julien, Simon and Loizou, Nicolas},
  journal={Advances in Neural Information Processing Systems},
  volume={35},
  pages={26943--26954},
  year={2022}
}
@inproceedings{loizou2021stochastic,
  title={Stochastic polyak step-size for sgd: An adaptive learning rate for fast convergence},
  author={Loizou, Nicolas and Vaswani, Sharan and Laradji, Issam Hadj and Lacoste-Julien, Simon},
  booktitle={International Conference on Artificial Intelligence and Statistics},
  pages={1306--1314},
  year={2021},
  organization={PMLR}
}

@article{jaderberg2016reinforcement,
  title={Reinforcement learning with unsupervised auxiliary tasks},
  author={Jaderberg, Max and Mnih, Volodymyr and Czarnecki, Wojciech Marian and Schaul, Tom and Leibo, Joel Z and Silver, David and Kavukcuoglu, Koray},
  journal={arXiv preprint arXiv:1611.05397},
  year={2016}
}
@article{veeriah2019discovery,
  title={Discovery of useful questions as auxiliary tasks},
  author={Veeriah, Vivek and Hessel, Matteo and Xu, Zhongwen and Rajendran, Janarthanan and Lewis, Richard L and Oh, Junhyuk and van Hasselt, Hado P and Silver, David and Singh, Satinder},
  journal={Advances in Neural Information Processing Systems},
  volume={32},
  year={2019}
}

@inproceedings{finn2017model,
  title={Model-agnostic meta-learning for fast adaptation of deep networks},
  author={Finn, Chelsea and Abbeel, Pieter and Levine, Sergey},
  booktitle={International conference on machine learning},
  pages={1126--1135},
  year={2017},
  organization={PMLR}
}

@article{hospedales2021meta,
  title={Meta-learning in neural networks: A survey},
  author={Hospedales, Timothy and Antoniou, Antreas and Micaelli, Paul and Storkey, Amos},
  journal={IEEE transactions on pattern analysis and machine intelligence},
  volume={44},
  number={9},
  pages={5149--5169},
  year={2021},
  publisher={IEEE}
}

@inproceedings{ravi2017optimization,
  title={Optimization as a model for few-shot learning},
  author={Ravi, Sachin and Larochelle, Hugo},
  booktitle={International conference on learning representations},
  year={2017}
}

@inproceedings{finn2019online,
  title={Online meta-learning},
  author={Finn, Chelsea and Rajeswaran, Aravind and Kakade, Sham and Levine, Sergey},
  booktitle={International conference on machine learning},
  pages={1920--1930},
  year={2019},
  organization={PMLR}
}


@article{guo2025deepseek,
  title={DeepSeek-R1: Incentivizing Reasoning Capability in LLMs via Reinforcement Learning},
  author={Guo, Daya and Yang, Dejian and Zhang, Haowei and Song, Junxiao and Zhang, Ruoyu and Xu, Runxin and Zhu, Qihao and Ma, Shirong and Wang, Peiyi and Bi, Xiao and others},
  journal={arXiv preprint arXiv:2501.12948},
  year={2025}
}

@article{lightman2023let,
  title={Let's verify step by step},
  author={Lightman, Hunter and Kosaraju, Vineet and Burda, Yura and Edwards, Harri and Baker, Bowen and Lee, Teddy and Leike, Jan and Schulman, John and Sutskever, Ilya and Cobbe, Karl},
  journal={arXiv preprint arXiv:2305.20050},
  year={2023}
}

@article{uesato2022solving,
  title={Solving math word problems with process-and outcome-based feedback},
  author={Uesato, Jonathan and Kushman, Nate and Kumar, Ramana and Song, Francis and Siegel, Noah and Wang, Lisa and Creswell, Antonia and Irving, Geoffrey and Higgins, Irina},
  journal={arXiv preprint arXiv:2211.14275},
  year={2022}
}

@inproceedings{luo2020accelerating,
  title={Accelerating reinforcement learning for reaching using continuous curriculum learning},
  author={Luo, Sha and Kasaei, Hamidreza and Schomaker, Lambert},
  booktitle={2020 International Joint Conference on Neural Networks (IJCNN)},
  pages={1--8},
  year={2020},
  organization={IEEE}
}

@article{wang2019dynamic,
  title={Dynamic subgoal-based exploration via bayesian optimization},
  author={Wang, Yijia and Poloczek, Matthias and Jiang, Daniel R},
  journal={arXiv preprint arXiv:1910.09143},
  year={2019}
}

@inproceedings{ng1999policy,
  title={Policy invariance under reward transformations: Theory and application to reward shaping},
  author={Ng, Andrew Y and Harada, Daishi and Russell, Stuart},
  booktitle={Icml},
  volume={99},
  pages={278--287},
  year={1999}
}

@article{hu2020learning,
  title={Learning to utilize shaping rewards: A new approach of reward shaping},
  author={Hu, Yujing and Wang, Weixun and Jia, Hangtian and Wang, Yixiang and Chen, Yingfeng and Hao, Jianye and Wu, Feng and Fan, Changjie},
  journal={Advances in Neural Information Processing Systems},
  volume={33},
  pages={15931--15941},
  year={2020}
}