@InProceedings{Bulat2021,
  author    = {Bulat, Adrian and Tzimiropoulos, Georgios},
  booktitle = {Proceedings of the IEEE/CVF International Conference on Computer Vision},
  title     = {Bit-Mixer: Mixed-precision networks with runtime bit-width selection},
  year      = {2021},
  pages     = {5188--5197},
  file      = {:paper/Bulat_Bit-Mixer_Mixed-Precision_Networks_With_Runtime_Bit-Width_Selection_ICCV_2021_paper.pdf:PDF},
  groups    = {adabits, Bit_mixer},
}

@InProceedings{Cai2020a,
  author    = {Cai, Zhaowei and Vasconcelos, Nuno},
  booktitle = {Proceedings of the IEEE/CVF Conference on Computer Vision and Pattern Recognition},
  title     = {Rethinking differentiable search for mixed-precision neural networks},
  year      = {2020},
  pages     = {2349--2358},
  file      = {:paper/Cai_Rethinking_Differentiable_Search_for_Mixed-Precision_Neural_Networks_CVPR_2020_paper.pdf:PDF},
  groups    = {混合精度},
}

@Article{Choi2018,
  author  = {Choi, Jungwook and Wang, Zhuo and Venkataramani, Swagath and Chuang, Pierce I-Jen and Srinivasan, Vijayalakshmi and Gopalakrishnan, Kailash},
  journal = {arXiv preprint arXiv:1805.06085},
  title   = {Pact: Parameterized clipping activation for quantized neural networks},
  year    = {2018},
  file    = {:paper/Pact Parameterized clipping activation for quantized neural networks.pdf:PDF},
  groups  = {PACT},
}

@Article{Courbariaux2015,
  author  = {Courbariaux, Matthieu and Bengio, Yoshua and David, Jean-Pierre},
  journal = {Advances in neural information processing systems},
  title   = {Binaryconnect:Training deep neural networks with binary weights during propagations},
  year    = {2015},
  volume  = {28},
  file    = {:paper/NIPS-2015-binaryconnect-training-deep-neural-networks-with-binary-weights-during-propagations-Paper.pdf:PDF},
  groups  = {Binarized and ternary Neural network},
}

@Article{Du2020,
  author        = {Kunyuan Du and Ya Zhang and Haibing Guan},
  journal       = {CoRR},
  title         = {From Quantized DNNs to Quantizable DNNs},
  year          = {2020},
  volume        = {abs/2004.05284},
  archiveprefix = {arXiv},
  bibsource     = {dblp computer science bibliography, https://dblp.org},
  biburl        = {https://dblp.org/rec/journals/corr/abs-2004-05284.bib},
  eprint        = {2004.05284},
  file          = {:paper/From Quantized DNNs to Quantizable DNNs .pdf:PDF},
  groups        = {adabits},
  timestamp     = {Tue, 14 Apr 2020 16:40:34 +0200},
  url           = {https://arxiv.org/abs/2004.05284},
}

@Article{Esser2019,
  author  = {Esser, Steven K and McKinstry, Jeffrey L and Bablani, Deepika and Appuswamy, Rathinakumar and Modha, Dharmendra S},
  journal = {arXiv preprint arXiv:1902.08153},
  title   = {Learned step size quantization},
  year    = {2019},
  file    = {:paper/Learned step size quantization.pdf:PDF},
  groups  = {LSQ*},
}

@Article{He2015,
  author        = {Kaiming He and Xiangyu Zhang and Shaoqing Ren and Jian Sun},
  journal       = {CoRR},
  title         = {Deep Residual Learning for Image Recognition},
  year          = {2015},
  volume        = {abs/1512.03385},
  archiveprefix = {arXiv},
  bibsource     = {dblp computer science bibliography, https://dblp.org},
  biburl        = {https://dblp.org/rec/journals/corr/HeZRS15.bib},
  eprint        = {1512.03385},
  file          = {:paper/Deep Residual Learning for Image Recognition.pdf:PDF},
  groups        = {resnet},
  timestamp     = {Wed, 17 Apr 2019 17:23:45 +0200},
  url           = {http://arxiv.org/abs/1512.03385},
}

@Article{Hubara2016,
  author  = {Hubara, Itay and Courbariaux, Matthieu and Soudry, Daniel and El-Yaniv, Ran and Bengio, Yoshua},
  journal = {Advances in neural information processing systems},
  title   = {Binarized neural networks},
  year    = {2016},
  volume  = {29},
  file    = {:paper/NIPS-2016-binarized-neural-networks-Paper.pdf:PDF},
  groups  = {Binarized and ternary Neural network},
}

@Article{Jin2019,
  author  = {Jin, Qing and Yang, Linjie and Liao, Zhenyu},
  journal = {arXiv preprint arXiv:1912.10207},
  title   = {Towards efficient training for neural network quantization},
  year    = {2019},
  file    = {:paper/Towards efficient training for neural network quantization.pdf:PDF},
  groups  = {adabits},
}

@Article{Li2019,
  author  = {Li, Yuhang and Dong, Xin and Wang, Wei},
  journal = {arXiv preprint arXiv:1909.13144},
  title   = {Additive powers-of-two quantization: An efficient non-uniform discretization for neural networks},
  year    = {2019},
  file    = {:paper/220_additive_powers_of_two_quantiz.pdf:PDF},
  groups  = {power-of-two quantization},
}

@Article{Miyashita2016,
  author  = {Miyashita, Daisuke and Lee, Edward H and Murmann, Boris},
  journal = {arXiv preprint arXiv:1603.01025},
  title   = {Convolutional neural networks using logarithmic data representation},
  year    = {2016},
  file    = {:paper/Convolutional neural networks using logarithmic data representation.pdf:PDF},
  groups  = {power-of-two quantization},
}

@InProceedings{Rastegari2016,
  author       = {Rastegari, Mohammad and Ordonez, Vicente and Redmon, Joseph and Farhadi, Ali},
  booktitle    = {European conference on computer vision},
  title        = {Xnor-net: Imagenet classification using binary convolutional neural networks},
  year         = {2016},
  organization = {Springer},
  pages        = {525--542},
  file         = {:paper/Xnor-net Imagenet classification using binary convolutional neural networks.pdf:PDF},
  groups       = {二值与三值量化},
}

@InProceedings{Shen2021,
  author    = {Shen, Mingzhu and Liang, Feng and Gong, Ruihao and Li, Yuhang and Li, Chuming and Lin, Chen and Yu, Fengwei and Yan, Junjie and Ouyang, Wanli},
  booktitle = {Proceedings of the IEEE/CVF International Conference on Computer Vision (ICCV)},
  title     = {Once Quantization-Aware Training: High Performance Extremely Low-Bit Architecture Search},
  year      = {2021},
  month     = {October},
  pages     = {5340-5349},
  file      = {:paper/Shen_Once_Quantization-Aware_Training_High_Performance_Extremely_Low-Bit_Architecture_Search_ICCV_2021_paper.pdf:PDF},
  groups    = {OQATNets},
}

@InProceedings{Wang2019,
  author    = {Wang, Kuan and Liu, Zhijian and Lin, Yujun and Lin, Ji and Han, Song},
  booktitle = {Proceedings of the IEEE/CVF Conference on Computer Vision and Pattern Recognition},
  title     = {Haq: Hardware-aware automated quantization with mixed precision},
  year      = {2019},
  pages     = {8612--8620},
  file      = {:paper/Wang_HAQ_Hardware-Aware_Automated_Quantization_With_Mixed_Precision_CVPR_2019_paper.pdf:PDF},
  groups    = {HAQ},
}

@Article{Wu2018,
  author  = {Wu, Bichen and Wang, Yanghan and Zhang, Peizhao and Tian, Yuandong and Vajda, Peter and Keutzer, Kurt},
  journal = {arXiv preprint arXiv:1812.00090},
  title   = {Mixed precision quantization of convnets via differentiable neural architecture search},
  year    = {2018},
  file    = {:paper/Mixed precision quantization of convnets via differentiable neural architecture search.pdf:PDF},
  groups  = {DNAS},
}

@InProceedings{Xu2022,
  author    = {Xu, Ke and Feng, Qiantai and Zhang, Xingyi and Wang, Dong},
  booktitle = {IJCAI},
  title     = {MultiQuant: Training Once for Multi-bit Quantization of Neural Networks},
  year      = {2022},
  editor    = {Lud De Raedt},
  month     = {7},
  note      = {Main Track},
  pages     = {3629--3635},
  publisher = {International Joint Conferences on Artificial Intelligence Organization},
  doi       = {10.24963/ijcai.2022/504},
  file      = {:paper/MultiQuant Training Once for Multi-Bit Quantization of Neural Networks.pdf:PDF},
  groups    = {OQATNets, adabits},
  url       = {https://doi.org/10.24963/ijcai.2022/504},
}

@InProceedings{Yu2021,
  author    = {Yu, Haichao and Li, Haoxiang and Shi, Humphrey and Huang, Thomas S and Hua, Gang},
  booktitle = {Proceedings of the AAAI Conference on Artificial Intelligence},
  title     = {Any-precision deep neural networks},
  year      = {2021},
  number    = {12},
  pages     = {10763--10771},
  volume    = {35},
  file      = {:paper/Any-precision deep neural networks.pdf:PDF;:paper/Any-precision deep neural networks-arxiv.pdf:PDF},
  groups    = {adabits},
}

@inproceedings{elthakeb2019releq,
  title={Releq: an automatic reinforcement learning approach for deep quantization of neural networks},
  author={Elthakeb, Ahmed and Pilligundla, Prannoy and Mireshghallah, FatemehSadat and Yazdanbakhsh, Amir and Gao, Sicuan and Esmaeilzadeh, Hadi},
  booktitle={NeurIPS ML for Systems workshop, 2018},
  year={2019}
}

@inproceedings{guo2020single,
  title={Single path one-shot neural architecture search with uniform sampling},
  author={Guo, Zichao and Zhang, Xiangyu and Mu, Haoyuan and Heng, Wen and Liu, Zechun and Wei, Yichen and Sun, Jian},
  booktitle={Computer Vision--ECCV 2020: 16th European Conference, Glasgow, UK, August 23--28, 2020, Proceedings, Part XVI 16},
  pages={544--560},
  year={2020},
  organization={Springer}
}

@inproceedings{kim2021self,
  title={Self-knowledge distillation with progressive refinement of targets},
  author={Kim, Kyungyul and Ji, ByeongMoon and Yoon, Doyoung and Hwang, Sangheum},
  booktitle={Proceedings of the IEEE/CVF International Conference on Computer Vision},
  pages={6567--6576},
  year={2021}
}

@article{li2021mqbench,
  title={Mqbench: Towards reproducible and deployable model quantization benchmark},
  author={Li, Yuhang and Shen, Mingzhu and Ma, Jian and Ren, Yan and Zhao, Mingxin and Zhang, Qi and Gong, Ruihao and Yu, Fengwei and Yan, Junjie},
  journal={arXiv preprint arXiv:2111.03759},
  year={2021}
}

@article{liu2021sharpness,
  title={Sharpness-aware quantization for deep neural networks},
  author={Liu, Jing and Cai, Jianfei and Zhuang, Bohan},
  journal={arXiv preprint arXiv:2111.12273},
  year={2021}
}

@inproceedings{shi2024bitwave,
  title={BitWave: Exploiting Column-Based Bit-Level Sparsity for Deep Learning Acceleration},
  author={Shi, Man and Jain, Vikram and Joseph, Antony and Meijer, Maurice and Verhelst, Marian},
  booktitle={2024 IEEE International Symposium on High-Performance Computer Architecture (HPCA)},
  pages={732--746},
  year={2024},
  organization={IEEE}
}

@article{wu2018mixed,
  title={Mixed precision quantization of convnets via differentiable neural architecture search},
  author={Wu, Bichen and Wang, Yanghan and Zhang, Peizhao and Tian, Yuandong and Vajda, Peter and Keutzer, Kurt},
  journal={arXiv preprint arXiv:1812.00090},
  year={2018}
}

@inproceedings{yao2021hawq,
  title={Hawq-v3: Dyadic neural network quantization},
  author={Yao, Zhewei and Dong, Zhen and Zheng, Zhangcheng and Gholami, Amir and Yu, Jiali and Tan, Eric and Wang, Leyuan and Huang, Qijing and Wang, Yida and Mahoney, Michael and others},
  booktitle={International Conference on Machine Learning},
  pages={11875--11886},
  year={2021},
  organization={PMLR}
}

@inproceedings{zhang2021training,
  title={Training for multi-resolution inference using reusable quantization terms},
  author={Zhang, Sai Qian and McDanel, Bradley and Kung, HT and Dong, Xin},
  booktitle={Proceedings of the 26th ACM International Conference on Architectural Support for Programming Languages and Operating Systems},
  pages={845--860},
  year={2021}
}

