@book{acemoglu2008introduction,
  title={Introduction to modern economic growth},
  author={Acemoglu, Daron},
  year={2008},
  publisher={Princeton university press}
}

@article{achdou2022income,
  title={Income and wealth distribution in macroeconomics: A continuous-time approach},
  author={Achdou, Yves and Han, Jiequn and Lasry, Jean-Michel and Lions, Pierre-Louis and Moll, Benjamin},
  journal={The review of economic studies},
  volume={89},
  number={1},
  pages={45--86},
  year={2022},
  publisher={Oxford University Press}
}

@article{aiyagari1994uninsured,
  title={Uninsured idiosyncratic risk and aggregate saving},
  author={Aiyagari, S Rao},
  journal={The Quarterly Journal of Economics},
  volume={109},
  number={3},
  pages={659--684},
  year={1994},
  publisher={MIT Press}
}

@article{arrow-debreu,
  title={Existence of an equilibrium for a competitive economy},
  author={Arrow, Kenneth  and Debreu, Gerard},
  journal={Econometrica: Journal of the Econometric Society},
  pages={265-290},
  year={1954},
  publisher={JSTOR}
}

@article{arrow1964role,
  title={Le role des valeurs boursieres pour la repartition la meilleure des risques, Econometrie, 41-47, English translation as The role of securities in the optimal allocation of risk-bearing},
  author={Arrow, Kenneth J},
  journal={Review of Economic Studies},
  volume={31},
  pages={91--96},
  year={1964}
}

@article{auclert2021using,
  title={Using the sequence-space Jacobian to solve and estimate heterogeneous-agent models},
  author={Auclert, Adrien and Bard{\'o}czy, Bence and Rognlie, Matthew and Straub, Ludwig},
  journal={Econometrica},
  volume={89},
  number={5},
  pages={2375--2408},
  year={2021},
  publisher={Wiley Online Library}
}

@article{bei2015tatonnement,
  title={Tatonnement for linear and gross substitutes markets},
  author={Bei, Xiaohui and Garg, Jugal and Hoefer, Martin},
  journal={CoRR abs/1507.04925},
  year={2015}
}

@article{bewley1983difficulty,
  title={A difficulty with the optimum quantity of money},
  author={Bewley, Truman},
  journal={Econometrica: Journal of the Econometric Society},
  pages={1485--1504},
  year={1983},
  publisher={JSTOR}
}

@inproceedings{branzei2021proportional,
  title={Proportional dynamics in exchange economies},
  author={Br{\^a}nzei, Simina and Devanur, Nikhil and Rabani, Yuval},
  booktitle={Proceedings of the 22nd ACM Conference on Economics and Computation},
  pages={180--201},
  year={2021}
}

@inproceedings{chen2006settling,
  title={Settling the complexity of two-player Nash equilibrium},
  author={Chen, Xi and Deng, Xiaotie},
  booktitle={2006 47th Annual IEEE Symposium on Foundations of Computer Science (FOCS'06)},
  pages={261--272},
  year={2006},
  organization={IEEE}
}

@techreport{childers2022differentiable,
  title={Differentiable State-Space Models and Hamiltonian Monte Carlo Estimation},
  author={Childers, David and Fern{\'a}ndez-Villaverde, Jes{\'u}s and Perla, Jesse and Rackauckas, Christopher and Wu, Peifan},
  year={2022},
  institution={National Bureau of Economic Research}
}

@article{christiano2018dsge,
  title={On DSGE models},
  author={Christiano, Lawrence J and Eichenbaum, Martin S and Trabandt, Mathias},
  journal={Journal of Economic Perspectives},
  volume={32},
  number={3},
  pages={113--140},
  year={2018},
  publisher={American Economic Association 2014 Broadway, Suite 305, Nashville, TN 37203-2418}
}

@article{clarida2000monetary,
  title={Monetary policy rules and macroeconomic stability: evidence and some theory},
  author={Clarida, Richard and Gali, Jordi and Gertler, Mark},
  journal={The Quarterly journal of economics},
  volume={115},
  number={1},
  pages={147--180},
  year={2000},
  publisher={MIT Press}
}

@article{cloyne2020monetary,
  title={Monetary policy when households have debt: new evidence on the transmission mechanism},
  author={Cloyne, James and Ferreira, Clodomiro and Surico, Paolo},
  journal={The Review of Economic Studies},
  volume={87},
  number={1},
  pages={102--129},
  year={2020},
  publisher={Oxford University Press}
}

@inproceedings{codenotti2005market,
  title={Market equilibrium via the excess demand function},
  author={Codenotti, Bruno and McCune, Benton and Varadarajan, Kasturi},
  booktitle={Proceedings of the thirty-seventh annual ACM symposium on Theory of computing},
  pages={74--83},
  year={2005}
}

@inproceedings{codenotti2006leontief,
  title={Leontief economies encode nonzero sum two-player games},
  author={Codenotti, Bruno and Saberi, Amin and Varadarajan, Kasturi and Ye, Yinyu},
  booktitle={SODA},
  volume={6},
  pages={659--667},
  year={2006}
}

@article{cox1976valuation,
  title={The valuation of options for alternative stochastic processes},
  author={Cox, John C and Ross, Stephen A},
  journal={Journal of financial economics},
  volume={3},
  number={1-2},
  pages={145--166},
  year={1976},
  publisher={Elsevier}
}

@article{cox1979option,
  title={Option pricing: A simplified approach},
  author={Cox, John C and Ross, Stephen A and Rubinstein, Mark},
  journal={Journal of financial Economics},
  volume={7},
  number={3},
  pages={229--263},
  year={1979},
  publisher={Elsevier}
}

@article{cox1985intertemporal,
  title={An intertemporal general equilibrium model of asset prices},
  author={Cox, John C and Ingersoll Jr, Jonathan E and Ross, Stephen A},
  journal={Econometrica: Journal of the Econometric Society},
  pages={363--384},
  year={1985},
  publisher={JSTOR}
}

@inproceedings{curry2023learning,
  title={Learning Solutions in Large Economic Networks using Deep Multi-Agent Reinforcement Learning},
  author={Curry, Michael and Trott, Alexander and Phade, Soham and Bai, Yu and Zheng, Stephan}
}

@article{daskalakis2009complexity,
  title={The complexity of computing a Nash equilibrium},
  author={Daskalakis, Constantinos and Goldberg, Paul W and Papadimitriou, Christos H},
  journal={SIAM Journal on Computing},
  volume={39},
  number={1},
  pages={195--259},
  year={2009},
  publisher={SIAM}
}

@article{deng2008computation,
  title={The computation of approximate competitive equilibrium is PPAD-hard},
  author={Deng, Xiaotie and Du, Ye},
  journal={Information Processing Letters},
  volume={108},
  number={6},
  pages={369--373},
  year={2008},
  publisher={Elsevier}
}

@INPROCEEDINGS{devanur2002market,
  author={N. R. {Devanur} and C. H. {Papadimitriou} and A. {Saberi} and V. V. {Vazirani}},
  booktitle={The 43rd Annual IEEE Symposium on Foundations of Computer Science, 2002. Proceedings.}, 
  title={Market equilibrium via a primal-dual-type algorithm}, 
  year={2002},
  volume={},
  number={},
  pages={389-395},
  doi={10.1109/SFCS.2002.1181963}
 }

@article{diamond1967incompletege,
 ISSN = {00028282},
 URL = {http://www.jstor.org/stable/1815367},
 author = {Peter A. Diamond},
 journal = {The American Economic Review},
 number = {4},
 pages = {759--776},
 publisher = {American Economic Association},
 title = {The Role of a Stock Market in a General Equilibrium Model with Technological Uncertainty},
 urldate = {2023-07-21},
 volume = {57},
 year = {1967}
}

@article{diamond1980income,
  title={Income taxation with fixed hours of work},
  author={Diamond, Peter},
  journal={Journal of Public Economics},
  volume={13},
  number={1},
  pages={101--110},
  year={1980},
  publisher={Elsevier}
}

@inproceedings{dreze1974investment,
  title={Investment under private ownership: optimality, equilibrium and stability},
  author={Dreze, Jacques H},
  booktitle={Allocation under Uncertainty: Equilibrium and Optimality: Proceedings from a Workshop sponsored by the International Economic Association},
  pages={129--166},
  year={1974},
  organization={Springer}
}

@article{duffie1985equilibrium,
  title={Equilibrium in incomplete markets: I: A basic model of generic existence},
  author={Duffie, Darrell and Shafer, Wayne},
  journal={Journal of Mathematical Economics},
  volume={14},
  number={3},
  pages={285--300},
  year={1985},
  publisher={Elsevier}
}

@article{duffie1986equilibrium,
  title={Equilibrium in incomplete markets: II: Generic existence in stochastic economies},
  author={Duffie, Darrell and Shafer, Wayne},
  journal={Journal of Mathematical Economics},
  volume={15},
  number={3},
  pages={199--216},
  year={1986},
  publisher={Elsevier}
}

@article{duffie1987stochastic,
  title={Stochastic equilibria with incomplete financial markets},
  author={Duffie, Darrell},
  journal={Journal of Economic Theory},
  volume={41},
  number={2},
  pages={405--416},
  year={1987},
  publisher={Elsevier}
}

@article{duffie1990stochmodels,
 ISSN = {00130427, 14680335},
 URL = {http://www.jstor.org/stable/2554945},
 author = {M. J. P. Selby},
 journal = {Economica},
 number = {227},
 pages = {413--415},
 publisher = {[London School of Economics, Wiley, London School of Economics and Political Science, Suntory and Toyota International Centres for Economics and Related Disciplines]},
 reviewed-author = {Darrell Duffie},
 urldate = {2023-08-17},
 volume = {57},
 year = {1990}
}

@article{eskelinen2021monetary,
  title={Monetary policy, agent heterogeneity and inequality: Insights from a three-agent New Keynesian model},
  author={Eskelinen, Maria},
  year={2021},
  publisher={ECB Working Paper}
}

@incollection{fernandez1016solve,
title = {Chapter 9 - Solution and Estimation Methods for DSGE Models},
editor = {John B. Taylor and Harald Uhlig},
series = {Handbook of Macroeconomics},
publisher = {Elsevier},
volume = {2},
pages = {527-724},
year = {2016},
issn = {1574-0048},
doi = {https://doi.org/10.1016/bs.hesmac.2016.03.006},
url = {https://www.sciencedirect.com/science/article/pii/S1574004816000070},
author = {J. Fernández-Villaverde and J.F. Rubio-Ramírez and F. Schorfheide},
keywords = {Approximation error analysis, Bayesian inference, DSGE model, Frequentist inference, GMM estimation, Impulse response function matching, Likelihood-based inference, Metropolis-Hastings algorithm, Minimum distance estimation, Particle filter, Perturbation methods, Projection methods, Sequential Monte Carlo.}
}

@book{foley1966resource,
  title={Resource allocation and the public sector},
  author={Foley, Duncan Karl},
  year={1966},
  publisher={Yale University}
}

@article{foley1970lindahl,
  title={Lindahl's Solution and the Core of an Economy with Public Goods},
  author={Foley, Duncan K},
  journal={Econometrica: Journal of the Econometric Society},
  pages={66--72},
  year={1970},
  publisher={JSTOR}
}

@inproceedings{gao2020polygm,
  author    = {Yuan Gao and
               Christian Kroer},
  editor    = {Hugo Larochelle and
               Marc'Aurelio Ranzato and
               Raia Hadsell and
               Maria{-}Florina Balcan and
               Hsuan{-}Tien Lin},
  title     = {First-Order Methods for Large-Scale Market Equilibrium Computation},
  booktitle = {Advances in Neural Information Processing Systems 33: Annual Conference
               on Neural Information Processing Systems 2020, NeurIPS 2020, December
               6-12, 2020, virtual},
  year      = {2020},
  url       = {https://proceedings.neurips.cc/paper/2020/hash/f75526659f31040afeb61cb7133e4e6d-Abstract.html},
  timestamp = {Tue, 19 Jan 2021 15:56:58 +0100},
  biburl    = {https://dblp.org/rec/conf/nips/GaoK20.bib},
  bibsource = {dblp computer science bibliography, https://dblp.org}
}

@inproceedings{garg2004auction,
  title={Auction algorithms for market equilibrium},
  author={Garg, Rahul and Kapoor, Sanjiv},
  booktitle={Proceedings of the thirty-sixth annual ACM symposium on Theory of computing},
  pages={511--518},
  year={2004}
}

@article{geanakoplos1986walrasian,
  title={Walrasian indeterminacy and Keynesian macroeconomics},
  author={Geanakoplos, John D and Polemarchakis, Herakles M},
  journal={The Review of Economic Studies},
  volume={53},
  number={5},
  pages={755--779},
  year={1986},
  publisher={Wiley-Blackwell}
}

@article{geanakoplos1990introduction,
  title={An introduction to general equilibrium with incomplete asset markets},
  author={Geanakoplos, John},
  journal={Journal of mathematical economics},
  volume={19},
  number={1-2},
  pages={1--38},
  year={1990},
  publisher={Elsevier}
}

@article{goktas2023tatonn,
  title={T\^atonnement in Homothetic {F}isher Markets},
  author={Goktas, Denizalp and Zhao, Jiayi and Greenwald, Amy},
  journal={arXiv preprint arXiv:2306.04890},
  year={2023}
}

@article{greenwald1986externalities,
  title={Externalities in economies with imperfect information and incomplete markets},
  author={Greenwald, Bruce C and Stiglitz, Joseph E},
  journal={The quarterly journal of economics},
  volume={101},
  number={2},
  pages={229--264},
  year={1986},
  publisher={MIT Press}
}

@article{han2021deepham,
  title={Deepham: A global solution method for heterogeneous agent models with aggregate shocks},
  author={Han, Jiequn and Yang, Yucheng and others},
  journal={arXiv preprint arXiv:2112.14377},
  year={2021}
}

@article{hart1975optimality,
  title={On the optimality of equilibrium when the market structure is incomplete},
  author={Hart, Oliver D},
  journal={Journal of economic theory},
  volume={11},
  number={3},
  pages={418--443},
  year={1975},
  publisher={Elsevier}
}

@article{huberman1982simple,
  title={A simple approach to arbitrage pricing theory},
  author={Huberman, Gur},
  journal={Journal of Economic Theory},
  volume={28},
  number={1},
  pages={183--191},
  year={1982},
  publisher={Elsevier}
}

@article{huggett1993risk,
  title={The risk-free rate in heterogeneous-agent incomplete-insurance economies},
  author={Huggett, Mark},
  journal={Journal of economic Dynamics and Control},
  volume={17},
  number={5-6},
  pages={953--969},
  year={1993},
  publisher={Elsevier}
}

@article{hurwicz1960optimality,
  title={Optimality and informational efficiency in resource allocation processes},
  author={Hurwicz, Leonid},
  journal={Mathematical methods in the social sciences},
  year={1960},
  publisher={Stanford University Press}
}

@article{hurwicz1972informationally,
  title={On informationally decentralized systems},
  author={Hurwicz, Leonid},
  journal={Decision and organization: A volume in Honor of J. Marschak},
  year={1972},
  publisher={North-Holland}
}

@article{hurwicz1979outcome,
  title={Outcome functions yielding Walrasian and Lindahl allocations at Nash equilibrium points},
  author={Hurwicz, Leonid},
  journal={The Review of Economic Studies},
  volume={46},
  number={2},
  pages={217--225},
  year={1979},
  publisher={Wiley-Blackwell}
}

@inproceedings{jain2005market,
  title={Market equilibria for homothetic, quasi-concave utilities and economies of scale in production},
  author={Jain, Kamal and Vazirani, Vijay V and Ye, Yinyu},
  booktitle={SODA},
  volume={5},
  pages={63--71},
  year={2005}
}

@article{kim2003spurious,
  title={Spurious welfare reversals in international business cycle models},
  author={Kim, Jinill and Kim, Sunghyun Henry},
  journal={journal of International Economics},
  volume={60},
  number={2},
  pages={471--500},
  year={2003},
  publisher={Elsevier}
}

@article{kydland1982time,
  title={Time to build and aggregate fluctuations},
  author={Kydland, Finn E and Prescott, Edward C},
  journal={Econometrica: Journal of the Econometric Society},
  pages={1345--1370},
  year={1982},
  publisher={JSTOR}
}

@article{long1983real,
  title={Real business cycles},
  author={Long Jr, John B and Plosser, Charles I},
  journal={Journal of political Economy},
  volume={91},
  number={1},
  pages={39--69},
  year={1983},
  publisher={The University of Chicago Press}
}

@article{loong1982pecuniary,
  title={Pecuniary externalities do matter when contingent claims markets are incomplete},
  author={Loong, Lee Hsien and Zeckhauser, Richard},
  journal={The Quarterly Journal of Economics},
  volume={97},
  number={1},
  pages={171--179},
  year={1982},
  publisher={MIT Press}
}

@article{lucas1978asset,
  title={Asset prices in an exchange economy},
  author={Lucas Jr, Robert E},
  journal={Econometrica: journal of the Econometric Society},
  pages={1429--1445},
  year={1978},
  publisher={JSTOR}
}

@book{magill2002theory,
  title={Theory of incomplete markets},
  author={Magill, Michael and Quinzii, Martine},
  volume={1},
  year={2002},
  publisher={Mit press}
}

@book{newbery1982theory,
  title={The theory of commodity price stabilization. A study in the economics of risk.},
  author={Newbery, David MG and Stiglitz, Joseph E},
  year={1982}
}

@book{parra2015solution,
  title={Solution Methods and Inference in Continuous-time Dynamic Equilibrium Economies:(with Applications in Asset Pricing and Income Fluctuation Models): a PhD Thesis Submitted to School of Business and Social Sciences, Aarhus University, in Partial Fulfilment of the Requirements of the PhD Degree in Economics and Business},
  author={Parra-Alvarez, Juan Carlos},
  year={2015},
  publisher={Department of Economics and Business, Aarhus University}
}

@article{radner1974note,
  title={A note on unanimity of stockholders' preferences among alternative production plans: A reformulation of the Ekern-Wilson model},
  author={Radner, Roy},
  journal={The Bell Journal of Economics and Management Science},
  pages={181--184},
  year={1974},
  publisher={JSTOR}
}

@article{ross1976options,
  title={Options and efficiency},
  author={Ross, Stephen A},
  journal={The Quarterly Journal of Economics},
  volume={90},
  number={1},
  pages={75--89},
  year={1976},
  publisher={MIT Press}
}

@article{samuelson1954pure,
  title={The pure theory of public expenditure},
  author={Samuelson, Paul A},
  journal={The review of economics and statistics},
  volume={36},
  number={4},
  pages={387--389},
  year={1954},
  publisher={JSTOR}
}

@article{sargent2000recursive,
  title={Recursive macroeconomic theory},
  author={Sargent, Thomas J and Ljungqvist, Lars},
  journal={Massachusetss Institute of Technology},
  year={2000}
}

@article{stiglitz1982self,
  title={Self-selection and Pareto efficient taxation},
  author={Stiglitz, Joseph E},
  journal={Journal of public economics},
  volume={17},
  number={2},
  pages={213--240},
  year={1982},
  publisher={Elsevier}
}

@book{stokey1989recursive,
  title={Recursive methods in economic dynamics},
  author={Stokey, Nancy L},
  year={1989},
  publisher={Harvard University Press}
}

@article{werner1985equilibrium,
  title={Equilibrium in economies with incomplete financial markets},
  author={Werner, Jan},
  journal={Journal of Economic Theory},
  volume={36},
  number={1},
  pages={110--119},
  year={1985},
  publisher={Elsevier}
}

