@inproceedings{ahmad2020carmap,
  title={{CarMap}: Fast 3d feature map updates for automobiles},
  author={Ahmad, Fawad and Qiu, Hang and Eells, Ray and others},
  booktitle={Proceedings of the USENIX NSDI},
  pages={1063--1081},
  year={2020}
}

@inproceedings{ben2020edge,
  title={{Edge-SLAM}: Edge-assisted visual simultaneous localization and mapping},
  author={Ben Ali, Ali J and Hashemifar, Zakieh Sadat and Dantu, Karthik},
  booktitle={Proceedings of the ACM MobiSys},
  pages={325--337},
  year={2020}
}

@inproceedings{braud2020multipath,
  title={Multipath computation offloading for mobile augmented reality},
  author={Braud, Tristan and Pengyuan, ZHOU and Kangasharju and others},
  booktitle={Proceedings of the IEEE PerCom},
  pages={1--10},
  year={2020}
}

@inproceedings{liu2021edgesharing,
  title={EdgeSharing: Edge assisted real-time localization and object sharing in urban streets},
  author={Liu, Luyang and Gruteser, Marco},
  booktitle={Proceedings of the IEEE INFOCOM},
  pages={1--10},
  year={2021}
}

@inproceedings{xu2020edge,
  title={Edge assisted mobile semantic visual {SLAM}},
  author={Xu, Jingao and Cao, Hao and Li, Danyang and others},
  booktitle={Proceedings of the IEEE INFOCOM},
  pages={1828--1837},
  year={2020}
}

@inproceedings{xu2022swarmmap,
 author = {Xu, Jingao and Cao, Hao and Yang, Zheng and others},
 booktitle = {Proceedings of the USENIX NSDI},
 pages = {977--993},
 title = {SwarmMap: Scaling Up Real-time Collaborative Visual SLAM at the Edge},
 year = {2022}
}

