@inproceedings{dhakal2022slam,
  title={SLAM-share: visual simultaneous localization and mapping for real-time multi-user augmented reality},
  author={Dhakal, Aditya and Ran, Xukan and Wang, Yunshu and Chen, Jiasi and Ramakrishnan, KK},
  booktitle={Proceedings of the 18th International Conference on emerging Networking EXperiments and Technologies},
  pages={293--306},
  year={2022}
}


@inproceedings{ran2020multi, 
  title={Multi-user augmented reality with communication efficient and spatially consistent virtual objects},
  author={Ran, Xukan and Slocum, Carter and Tsai, Yi-Zhen and Apicharttrisorn, Kittipat and Gorlatova, Maria and Chen, Jiasi},
  booktitle={Proceedings of the 16th International Conference on emerging Networking EXperiments and Technologies},
  pages={386--398},
  year={2020}
}

@article{cao2022edge,  
  title={Edge assisted mobile semantic visual SLAM},
  author={Cao, Hao and Xu, Jingao and Li, Danyang and Shangguan, Longfei and Liu, Yunhao and Yang, Zheng},
  journal={IEEE Transactions on Mobile Computing},
  volume={22},
  number={12},
  pages={6985--6999},
  year={2022},
  publisher={IEEE}
}

@inproceedings{chen2023adaptslam,
  title={AdaptSLAM: Edge-assisted adaptive SLAM with resource constraints via uncertainty minimization},
  author={Chen, Ying and Inaltekin, Hazer and Gorlatova, Maria},
  booktitle={IEEE INFOCOM 2023-IEEE Conference on Computer Communications},
  pages={1--10},
  year={2023},
  organization={IEEE}
}

@article{sossalla2022dynnetslam, 
  title={DynNetSLAM: Dynamic visual SLAM network offloading},
  author={Sossalla, Peter and Hofer, Johannes and Rischke, Justus and Vielhaus, Christian and Nguyen, Giang T and Reisslein, Martin and Fitzek, Frank HP},
  journal={IEEE Access},
  volume={10},
  pages={116014--116030},
  year={2022},
  publisher={IEEE}
}

@inproceedings{li2024edgeslam2, 
  title={edgeslam2: Rethinking edge-assisted visual slam with on-chip intelligence},
  author={Li, Danyang and Zhao, Yishujie and Xu, Jingao and Zhang, Shengkai and Shangguan, Longfei and Yang, Zheng},
  booktitle={IEEE INFOCOM 2024-IEEE Conference on Computer Communications},
  pages={1481--1490},
  year={2024},
  organization={IEEE}
}

@article{scargill2023ambient, 
  title={Ambient intelligence for next-generation AR},
  author={Scargill, Tim and Eom, Sangjun and Chen, Ying and Gorlatova, Maria},
  journal={arXiv preprint arXiv:2303.12968},
  year={2023}
}
@inproceedings{xu2022swarmmap,
  title={$\{$SwarmMap$\}$: Scaling up real-time collaborative visual $\{$SLAM$\}$ at the edge},
  author={Xu, Jingao and Cao, Hao and Yang, Zheng and Shangguan, Longfei and Zhang, Jialin and He, Xiaowu and Liu, Yunhao},
  booktitle={19th USENIX Symposium on Networked Systems Design and Implementation (NSDI 22)},
  pages={977--993},
  year={2022}
}

@inproceedings{huang2023diffusion,
  title={Diffusion-based generation, optimization, and planning in 3d scenes},
  author={Huang, Siyuan and Wang, Zan and Li, Puhao and Jia, Baoxiong and Liu, Tengyu and Zhu, Yixin and Liang, Wei and Zhu, Song-Chun},
  booktitle={Proceedings of the IEEE/CVF Conference on Computer Vision and Pattern Recognition},
  pages={16750--16761},
  year={2023}
}

@inproceedings{zhou2024drivinggaussian,
  title={Drivinggaussian: Composite gaussian splatting for surrounding dynamic autonomous driving scenes},
  author={Zhou, Xiaoyu and Lin, Zhiwei and Shan, Xiaojun and Wang, Yongtao and Sun, Deqing and Yang, Ming-Hsuan},
  booktitle={Proceedings of the IEEE/CVF Conference on Computer Vision and Pattern Recognition},
  pages={21634--21643},
  year={2024}
}

@article{qi2017pointnet++,
  title={Pointnet++: Deep hierarchical feature learning on point sets in a metric space},
  author={Qi, Charles Ruizhongtai and Yi, Li and Su, Hao and Guibas, Leonidas J},
  journal={Advances in neural information processing systems},
  volume={30},
  year={2017}
}

@inproceedings{qi2017pointnet,
  title={Pointnet: Deep learning on point sets for 3d classification and segmentation},
  author={Qi, Charles R and Su, Hao and Mo, Kaichun and Guibas, Leonidas J},
  booktitle={Proceedings of the IEEE conference on computer vision and pattern recognition},
  pages={652--660},
  year={2017}
}

@article{leitinger2019belief,
  title={A belief propagation algorithm for multipath-based SLAM},
  author={Leitinger, Erik and Meyer, Florian and Hlawatsch, Franz and Witrisal, Klaus and Tufvesson, Fredrik and Win, Moe Z},
  journal={IEEE transactions on wireless communications},
  volume={18},
  number={12},
  pages={5613--5629},
  year={2019},
  publisher={IEEE}
}

@article{yang2023multi,
  title={Multi-domain cooperative SLAM: The enabler for integrated sensing and communications},
  author={Yang, Jie and Wen, Chao-Kai and Yang, Xi and Xu, Jing and Du, Tao and Jin, Shi},
  journal={IEEE Wireless Communications},
  volume={30},
  number={1},
  pages={40--49},
  year={2023},
  publisher={IEEE}
}
@article{mildenhall2021nerf,
  title={Nerf: Representing scenes as neural radiance fields for view synthesis},
  author={Mildenhall, Ben and Srinivasan, Pratul P and Tancik, Matthew and Barron, Jonathan T and Ramamoorthi, Ravi and Ng, Ren},
  journal={Communications of the ACM},
  volume={65},
  number={1},
  pages={99--106},
  year={2021},
  publisher={ACM New York, NY, USA}
}
@inproceedings{zhao2023nerf2,
  title={Nerf2: Neural radio-frequency radiance fields},
  author={Zhao, Xiaopeng and An, Zhenlin and Pan, Qingrui and Yang, Lei},
  booktitle={Proceedings of the 29th Annual International Conference on Mobile Computing and Networking},
  pages={1--15},
  year={2023}
}

@inproceedings{braud2020multipath,
  title={Multipath computation offloading for mobile augmented reality},
  author={Braud, Tristan and Pengyuan, ZHOU and Kangasharju and others},
  booktitle={Proceedings of the IEEE PerCom},
  pages={1--10},
  year={2020}
}
@inproceedings{ahmad2020carmap,
  title={{CarMap}: Fast 3d feature map updates for automobiles},
  author={Ahmad, Fawad and Qiu, Hang and Eells, Ray and others},
  booktitle={Proceedings of the USENIX NSDI},
  pages={1063--1081},
  year={2020}
}
@inproceedings{xu2020edge,
  title={Edge assisted mobile semantic visual {SLAM}},
  author={Xu, Jingao and Cao, Hao and Li, Danyang and others},
  booktitle={Proceedings of the IEEE INFOCOM},
  pages={1828--1837},
  year={2020}
}
@inproceedings{ben2020edge,
  title={{Edge-SLAM}: Edge-assisted visual simultaneous localization and mapping},
  author={Ben Ali, Ali J and Hashemifar, Zakieh Sadat and Dantu, Karthik},
  booktitle={Proceedings of the ACM MobiSys},
  pages={325--337},
  year={2020}
}
@inproceedings{liu2021edgesharing,
  title={EdgeSharing: Edge assisted real-time localization and object sharing in urban streets},
  author={Liu, Luyang and Gruteser, Marco},
  booktitle={Proceedings of the IEEE INFOCOM},
  pages={1--10},
  year={2021}
}
@inproceedings{xu2022swarmmap,
 author = {Xu, Jingao and Cao, Hao and Yang, Zheng and others},
 booktitle = {Proceedings of the USENIX NSDI},
 pages = {977--993},
 title = {SwarmMap: Scaling Up Real-time Collaborative Visual SLAM at the Edge},
 year = {2022}
}
@inproceedings{liu2020livemap,
  title={LiveMap: Real-Time Dynamic Map in Automotive Edge Computing},
  author={Liu, Qiang and Han, Tao and Kim, BaekGyu},
  booktitle={Proceedings of the IEEE International Conference on Computer Communications, Virtual Conference},
  pages={1--10},
  year={2021}
}
@inproceedings{li2024edgeslam2,
  title={edgeSLAM2: Rethinking edge-assisted visual slam with on-chip intelligence},
  author={Li, Danyang and Zhao, Yishujie and Xu, Jingao and Zhang, Shengkai and Shangguan, Longfei and Yang, Zheng},
  booktitle={IEEE INFOCOM 2024-IEEE Conference on Computer Communications},
  pages={1481--1490},
  year={2024},
  organization={IEEE}
}

@inproceedings{ahmad2020carmap,
  title={{CarMap}: Fast 3d feature map updates for automobiles},
  author={Ahmad, Fawad and Qiu, Hang and Eells, Ray and others},
  booktitle={Proceedings of the USENIX NSDI},
  pages={1063--1081},
  year={2020}
}

@inproceedings{rublee2011orb,
  title={ORB: An efficient alternative to SIFT or SURF},
  author={Rublee, Ethan and Rabaud, Vincent and Konolige, Kurt and Bradski, Gary},
  booktitle={2011 International conference on computer vision},
  pages={2564--2571},
  year={2011},
  organization={Ieee}
}

@article{mur2017orb,
  title={Orb-slam2: An open-source slam system for monocular, stereo, and rgb-d cameras},
  author={Mur-Artal, Raul and Tard{\'o}s, Juan D},
  journal={IEEE transactions on robotics},
  volume={33},
  number={5},
  pages={1255--1262},
  year={2017},
  publisher={IEEE}
}

@article{mur2015orb,
  title={ORB-SLAM: a versatile and accurate monocular SLAM system},
  author={Mur-Artal, Raul and Montiel, Jose Maria Martinez and Tardos, Juan D},
  journal={IEEE transactions on robotics},
  volume={31},
  number={5},
  pages={1147--1163},
  year={2015},
  publisher={IEEE}
}
