 @article{afrin2021resource,
  title={Resource Allocation and Service Provisioning in Multi-Agent Cloud Robotics: A Comprehensive Survey},
  author={Afrin, Mahbuba and Jin, Jiong and Rahman, Akhlaqur and Rahman, Ashfaqur and Wan, Jiafu and Hossain, Ekram},
  journal={IEEE Communications Surveys \& Tutorials},
  year={2021},
  publisher={IEEE}
}

@inproceedings{ahmad2020carmap,
  title={{CarMap}: Fast 3d feature map updates for automobiles},
  author={Ahmad, Fawad and Qiu, Hang and Eells, Ray and others},
  booktitle={Proceedings of the USENIX NSDI},
  pages={1063--1081},
  year={2020}
}

@inproceedings{liu2021edgesharing,
  title={EdgeSharing: Edge assisted real-time localization and object sharing in urban streets},
  author={Liu, Luyang and Gruteser, Marco},
  booktitle={Proceedings of the IEEE INFOCOM},
  pages={1--10},
  year={2021}
}

@inproceedings{liu2019edge,
  title={Edge assisted real-time object detection for mobile augmented reality},
  author={Liu, Luyang and Li, Hongyu and Gruteser, Marco},
  booktitle={Proceedings of the MobiCom},
  pages={1--16},
  year={2019}
}
@inproceedings{du2020server,
  title={Server-driven video streaming for deep learning inference},
  author={Du, Kuntai and Pervaiz, Ahsan and Yuan, Xin and others},
  booktitle={Proceedings of the ACM SIGCOMM},
  pages={557--570},
  year={2020}
}

@inproceedings{wang2020joint,
  title={Joint configuration adaptation and bandwidth allocation for edge-assisted real-time video analytics},
  author={Can, Wang and Sheng, Zhang and Yu, Chen and others},
  booktitle={Proceedings of the IEEE INFOCOM},
  pages={257--266},
  year={2020}
}
 
@article{wang2020jointton,
  title={Joint server assignment and resource management for edge-based mar system},
  author={Wang, Can and Zhang, Sheng and Qian, Zhuzhong and Xiao, Mingjun and Wu, Jie and Ye, Baoliu and Lu, Sanglu},
  journal={IEEE/ACM Transactions on Networking},
  volume={28},
  number={5},
  pages={2378--2391},
  year={2020},
  publisher={IEEE}
}
@inproceedings{savva2019habitat,
  title={{Habitat}: A platform for embodied ai research},
  author={Savva, Manolis and Kadian, Abhishek and Maksymets, Oleksandr and others},
  booktitle={Proceedings of the IEEE/CVF ICCV},
  pages={9339--9347},
  year={2019}
}
@inproceedings{braud2020multipath,
  title={Multipath computation offloading for mobile augmented reality},
  author={Braud, Tristan and Pengyuan, ZHOU and Kangasharju and others},
  booktitle={Proceedings of the IEEE PerCom},
  pages={1--10},
  year={2020}
}
@article{abramovici2017context,
  title={Context-aware maintenance support for augmented reality assistance and synchronous multi-user collaboration},
  author={Abramovici, Michael and Wolf, Mario and Adwernat, Stefan and Neges, Matthias},
  journal={Procedia CIRP},
  volume={59},
  pages={18--22},
  year={2017},
  publisher={Elsevier}
}
@inproceedings{mangiante2017vr,
  title={Vr is on the edge: How to deliver 360 videos in mobile networks},
  author={Mangiante, Simone and Klas, Guenter and Navon, Amit and GuanHua, Zhuang and Ran, Ju and Silva, Marco Dias},
  booktitle={Proceedings of the Workshop on Virtual Reality and Augmented Reality Network},
  pages={30--35},
  year={2017}
}
@inproceedings{lyu2022deeper,
  title={A Deeper Understanding of State-Based Critics in Multi-Agent Reinforcement Learning},
  author={Lyu, Xueguang and Baisero, Andrea and Xiao, Yuchen and others},
  booktitle={Proceedings of the AAAI},
  volume={36},
  number={9},
  pages={9396--9404},
  year={2022}
}

@article{sun2019communications,
  title={Communications, caching, and computing for mobile virtual reality: Modeling and tradeoff},
  author={Sun, Yaping and Chen, Zhiyong and Tao, Meixia and Liu, Hui},
  journal={IEEE Transactions on Communications},
  volume={67},
  number={11},
  pages={7573--7586},
  year={2019},
  publisher={IEEE}
}
@article{lee2013embedded,
  title={Embedded visual SLAM: Applications for low-cost consumer robots},
  author={Lee, Seongsoo and Lee, Sukhan},
  journal={IEEE Robotics \& Automation Magazine},
  volume={20},
  number={4},
  pages={83--95},
  year={2013},
  publisher={IEEE}
}
@inproceedings{raju2019performance,
  title={Performance of Open Autonomous Vehicle Platforms: Autoware and Apollo},
  author={Raju, Vysyaraju Manikanta and Gupta, Vrinda and Lomate, Shailesh},
  booktitle={2019 IEEE 5th International Conference for Convergence in Technology (I2CT)},
  pages={1--5},
  year={2019},
  organization={IEEE}
}
@article{cadena2016past,
  title={Past, present, and future of simultaneous localization and mapping: Toward the robust-perception age},
  author={Cadena, Cesar and Carlone, Luca and Carrillo, Henry and Latif, Yasir and Scaramuzza, Davide and Neira, Jos{\'e} and Reid, Ian and Leonard, John J},
  journal={IEEE Transactions on robotics},
  volume={32},
  number={6},
  pages={1309--1332},
  year={2016},
  publisher={IEEE}
}
@article{mur2017orb,
  title={{ORB-SLAM2}: An open-source {SLAM} system for monocular, stereo, and {RGB-D} cameras},
  author={Mur-Artal, Raul and Tard{\'o}s, Juan D},
  journal={IEEE transactions on robotics},
  volume={33},
  number={5},
  pages={1255--1262},
  year={2017},
  publisher={IEEE}
}
 
@inproceedings{Hanyao2021edge,
  title={Edge-assisted Online On-device Object Detection for Real-time Video Analytics},
  author={Hanyao, Mengxi and Jin, Yibo and Qian, Zhuzhong and others},
  booktitle={Proceedings of the IEEE INFOCOM},
  pages={1--10},
  year={2021}
}
@inproceedings{wang2021enabling,
  title={Enabling Edge-Cloud Video Analytics for Robotics Applications},
  author={Wang, Yiding and Wang, Weiyan and Liu, Duowen and Jin, Xin and Jiang, Junchen and Chen, Kai},
  booktitle={Proceedings of the IEEE International Conference on Computer Communications, Virtual Conference},
  pages={1--10},
  year={2021}
}
@article{chinchali2021network,
  title={Network offloading policies for cloud robotics: a learning-based approach},
  author={Chinchali, Sandeep and Sharma, Apoorva and Harrison, James and Elhafsi, Amine and Kang, Daniel and Pergament, Evgenya and Cidon, Eyal and Katti, Sachin and Pavone, Marco},
  journal={Autonomous Robots},
  pages={1--16},
  year={2021},
  publisher={Springer}
}
@inproceedings{liu2020livemap,
  title={LiveMap: Real-Time Dynamic Map in Automotive Edge Computing},
  author={Liu, Qiang and Han, Tao and Kim, BaekGyu},
  booktitle={Proceedings of the IEEE International Conference on Computer Communications, Virtual Conference},
  pages={1--10},
  year={2021}
}
@inproceedings{galanopoulosautoml,
  title={{AutoML} for video analytics with edge computing},
  author={Galanopoulos, Apostolos and Ayala-Romero, Jose A and Leith, Douglas J and others},
  booktitle={Proceedings of the IEEE INFOCOM},
  pages={1--10},
  year={2021}
}

@article{zhang2020towards,
  title={Towards real-time cooperative deep inference over the cloud and edge end devices},
  author={Zhang, Shigeng and Li, Yinggang and Liu, Xuan and others},
  journal={Proceedings of the ACM Ubicomp},
  pages={1--24},
  year={2020}
}

@article{guo2021prefer,
  title={PREFER: Point-of-interest REcommendation with efficiency and privacy-preservation via Federated Edge leaRning},
  author={Guo, Yeting and Liu, Fang and Cai, Zhiping and others},
  journal={Proceedings of the ACM Ubicomp},
  pages={1--25},
  year={2021}
}

 @inproceedings{xu2020edge,
  title={Edge assisted mobile semantic visual {SLAM}},
  author={Xu, Jingao and Cao, Hao and Li, Danyang and others},
  booktitle={Proceedings of the IEEE INFOCOM},
  pages={1828--1837},
  year={2020}
}
@inproceedings{ben2020edge,
  title={{Edge-SLAM}: Edge-assisted visual simultaneous localization and mapping},
  author={Ben Ali, Ali J and Hashemifar, Zakieh Sadat and Dantu, Karthik},
  booktitle={Proceedings of the ACM MobiSys},
  pages={325--337},
  year={2020}
}
@inproceedings{zhang2018awstream,
  title={Awstream: Adaptive wide-area streaming analytics},
  author={Zhang, Ben and Jin, Xin and Ratnasamy, Sylvia and Wawrzynek, John and Lee, Edward A},
  booktitle={Proceedings of the 2018 Conference of the ACM Special Interest Group on Data Communication},
  pages={236--252},
  year={2018}
}
@article{donoho2006compressed,
  title={Compressed sensing},
  author={Donoho, David L},
  journal={IEEE Transactions on information theory},
  volume={52},
  number={4},
  pages={1289--1306},
  year={2006},
  publisher={IEEE}
}
@inproceedings{yeo2018neural,
  title={Neural adaptive content-aware internet video delivery},
  author={Yeo, Hyunho and Jung, Youngmok and Kim, Jaehong and Shin, Jinwoo and Han, Dongsu},
  booktitle={13th $\{$USENIX$\}$ Symposium on Operating Systems Design and Implementation ($\{$OSDI$\}$ 18)},
  pages={645--661},
  year={2018}
}
@article{shao2021learning,
  title={Learning Task-Oriented Communication for Edge Inference: An Information Bottleneck Approach},
  author={Shao, Jiawei and Mao, Yuyi and Zhang, Jun},
  journal={arXiv preprint arXiv:2102.04170},
  year={2021}
}
@inproceedings{geiger2012we,
  title={Are we ready for autonomous driving? the kitti vision benchmark suite},
  author={Geiger, Andreas and Lenz, Philip and Urtasun, Raquel},
  booktitle={2012 IEEE conference on computer vision and pattern recognition},
  pages={3354--3361},
  year={2012},
  organization={IEEE}
}
@article{zhang2020vdo,
  title={{VDO-SLAM}: A visual dynamic object-aware {SLAM} system},
  author={Zhang, Jun and Henein, Mina and Mahony, Robert and Ila, Viorela},
  journal={arXiv preprint arXiv:2005.11052},
  year={2020}
}
@Misc{krzanich2016data,
	howpublished = {[Online]},
	note = {\url{https://newsroom.intel.com/editorials/krzanich-the-future-of-automated-driving}},
	title = {Data is the new oil in the future of automated driving},
	author = {Brian Krzanich}
	}
@Misc{hdl64lidar,
howpublished = {[Online]},
note = {\url{https://velodynelidar.com/products/hdl-64e/}},
title = {},
author = {}
}

@Misc{zedstereo,
howpublished = {[Online]},
note = {\url{https://www.stereolabs.com/zed/specs/}},
title = {ZED Stereo Camera Datasheet},
author = {}
}
 
 @inproceedings{wang2021edgeduet,
  title={{EdgeDuet}: Tiling Small Object Detection for Edge Assisted Autonomous Mobile Vision},
  author={Xu, Wang and Zheng, Yang and Jiahang, Wu and others },
  booktitle={Proceedings of the IEEE INFOCOM},
  pages={1--10},
  year={2021}
}
 
@inproceedings{rublee2011orb,
  title={{ORB}: An efficient alternative to {SIFT} or {SURF}},
  author={Rublee, Ethan and Rabaud, Vincent and Konolige, Kurt and others},
  booktitle={Proceedings of the IEEE/CVF ICCV},
  pages={2564--2571},
  year={2011}
}
@inproceedings{yao2019egocentric,
  title={Egocentric vision-based future vehicle localization for intelligent driving assistance systems},
  author={Yao, Yu and Xu, Mingze and Choi, Chiho and Crandall, David J and Atkins, Ella M and Dariush, Behzad},
  booktitle={2019 International Conference on Robotics and Automation (ICRA)},
  pages={9711--9717},
  year={2019},
  organization={IEEE}
}
@inproceedings{li2018stereo,
  title={Stereo vision-based semantic {3D} object and ego-motion tracking for autonomous driving},
  author={Li, Peiliang and Qin, Tong and others},
  booktitle={Proceedings of the European Conference on Computer Vision (ECCV)},
  pages={646--661},
  year={2018}
}
@incollection{vithalani2020autonomous,
  title={Autonomous navigation using monocular {ORB SLAM2}},
  author={Vithalani, Shubham and Soni, Sneh and Rajpura, Param},
  booktitle={Recent Advances in Communication Infrastructure},
  pages={59--68},
  year={2020},
  publisher={Springer}
}
@article{liu2020computing,
  title={Computing Systems for Autonomous Driving: State of the Art and Challenges},
  author={Liu, Liangkai and Lu, Sidi and Zhong, Ren and Wu, Baofu and Yao, Yongtao and Zhang, Qingyang and Shi, Weisong},
  journal={IEEE Internet of Things Journal},
  volume={8},
  number={8},
  pages={6469--6486},
  year={2020},
  publisher={IEEE}
}
 
@article{chen2019deep,
  title={Deep Learning With Edge Computing: A Review.},
  author={Chen, Jiasi and Ran, Xukan},
  journal={Proc. IEEE},
  volume={107},
  number={8},
  pages={1655--1674},
  year={2019},
  publisher={IEEE}
}

@article{guo2018small,
  title={Small object Sensitive Segmentation of Urban Street Scene With Spatial Adjacency Between Object Classes.},
  author={Guo, Dazhou and Zhu, Ligeng and Lu, Yuhang and others},
  journal={IEEE Transactions on Image Processing},
  volume={28},
  number={6},
  pages={2643--2653},
  year={2018},
  publisher={IEEE}
}

@article{rosten2008faster,
  title={Faster and better: A machine learning approach to corner detection},
  author={Rosten, Edward and Porter, Reid and Drummond, Tom},
  journal={IEEE transactions on pattern analysis and machine intelligence},
  volume={32},
  number={1},
  pages={105--119},
  year={2008},
  publisher={IEEE}
}

@inproceedings{calonder2010brief,
  title={{BRIEF}: Binary robust independent elementary features},
  author={Calonder, Michael and Lepetit, Vincent and Strecha, Christoph and others},
  booktitle={Proceedings of the ECCV},
  pages={778--792},
  year={2010}
}

@inproceedings{park2017illumination,
  title={Illumination change robustness in direct visual {SLAM}},
  author={Park, Seonwook and Sch{\"o}ps, Thomas and Pollefeys, Marc},
  booktitle={Proceedings of the IEEE ICRA},
  pages={4523--4530},
  year={2017},
  organization={IEEE}
}

@article{fu2020fastorb,
  title={{FastORB-SLAM}: A fast {ORB-SLAM} method with descriptor independent keypoint matching},
  author={Fu, Qiang and Yu, Hongshan and Wang, Xiaolong and Yang, Zhengeng and Zhang, Hong and Mian, Ajmal},
  journal={arXiv preprint arXiv:2008.09870},
  year={2020}
}

@article{seong2015novel,
  title={A novel hardware architecture of the Lucas--Kanade optical flow for reduced frame memory access},
  author={Seong, Han-Soo and Rhee, Chae Eun and Lee, Hyuk-Jae},
  journal={IEEE transactions on circuits and systems for video technology},
  volume={26},
  number={6},
  pages={1187--1199},
  year={2015},
  publisher={IEEE}
}

@article{kingma2013auto,
  title={Auto-encoding variational bayes},
  author={Kingma, Diederik P and Welling, Max},
  journal={arXiv preprint arXiv:1312.6114},
  year={2013}
}

@article{alemi2016deep,
  title={Deep variational information bottleneck},
  author={Alemi, Alexander A and Fischer, Ian and Dillon, Joshua V and Murphy, Kevin},
  journal={arXiv preprint arXiv:1612.00410},
  year={2016}
}
@inproceedings{chen2015glimpse,
  title={Glimpse: Continuous, real-time object recognition on mobile devices},
  author={Chen, Tiffany Yu-Han and Ravindranath, Lenin and Deng, Shuo and Bahl, Paramvir and Balakrishnan, Hari},
  booktitle={Proceedings of the 13th ACM Conference on Embedded Networked Sensor Systems},
  pages={155--168},
  year={2015}
}

@inproceedings{valdenegro2017real,
  title={Real-time convolutional networks for sonar image classification in low-power embedded systems},
  author={Valdenegro-Toro, Matias},
  booktitle={Proceedings of the ESANN},
  year={2017}
}

@inproceedings{feng2020livedeep,
  title={{LiveDeep}: Online viewport prediction for live virtual reality streaming using lifelong deep learning},
  author={Feng, Xianglong and Liu, Yao and Wei, Sheng},
  booktitle={Proceedings of the IEEE VR},
  pages={800--808},
  year={2020}
}

@article{feng2021liveobj,
  title={{LiveObj}: Object Semantics-based Viewport Prediction for Live Mobile Virtual Reality Streaming},
  author={Feng, Xianglong and Bao, Zeyang and Wei, Sheng},
  journal={IEEE Transactions on Visualization and Computer Graphics},
  volume={27},
  number={5},
  pages={2736--2745},
  year={2021},
  publisher={IEEE}
}

@article{lecun1998gradient,
  title={Gradient-based learning applied to document recognition},
  author={LeCun, Yann and Bottou, L{\'e}on and Bengio, Yoshua and others},
  journal={Proceedings of the IEEE},
  volume={86},
  number={11},
  pages={2278--2324},
  year={1998},
  publisher={Ieee}
}

@inproceedings{mao2019park,
  title={Park: An open platform for learning-augmented computer systems},
  author={Mao, Hongzi and Negi, Parimarjan and Narayan, Akshay and others},
  booktitle={Proceedings of the NeurIPS},
  pages={1--13},
  year={2019}
}


@inproceedings{mnih2016asynchronous,
  title={Asynchronous methods for deep reinforcement learning},
  author={Mnih, Volodymyr and Badia, Adria Puigdomenech and Mirza, Mehdi and others},
  booktitle={Proceedings of the ICML},
  pages={1928--1937},
  year={2016},
  organization={PMLR}
}

@inproceedings{sutton2000policy,
  title={Policy gradient methods for reinforcement learning with function approximation},
  author={Sutton, Richard S and McAllester, David A and Singh, Satinder P and others},
  booktitle={Proceedings of the NeurIPS},
  pages={1057--1063},
  year={2000}
}

@book{sutton2018reinforcement,
  title={Reinforcement learning: An introduction},
  author={Sutton, Richard S and Barto, Andrew G},
  year={2018},
  publisher={MIT press}
}
@inproceedings{konda2000actor,
  title={Actor-critic algorithms},
  author={Konda, Vijay R and Tsitsiklis, John N},
  booktitle={Proceedings of the NeurIPS},
  pages={1008--1014},
  year={2000}
}
 @inproceedings{riiser2013commute,
  title={Commute path bandwidth traces from 3G networks: analysis and applications},
  author={Riiser, Haakon and Vigmostad, Paul and Griwodz, Carsten and others},
  booktitle={Proceedings of the 4th ACM Multimedia Systems Conference},
  pages={114--118},
  year={2013}
}
@article{oughton2019open,
  title={An open-source techno-economic assessment framework for {5G} deployment},
  author={Oughton, Edward J and Katsaros, Konstantinos and Entezami, Fariborz and others},
  journal={IEEE Access},
  volume={7},
  pages={155930--155940},
  year={2019},
  publisher={IEEE}
}
@article{geiger2013vision,
  title={Vision meets robotics: The {KITTI} dataset},
  author={Geiger, Andreas and Lenz, Philip and Stiller, Christoph and others},
  journal={The International Journal of Robotics Research},
  volume={32},
  number={11},
  pages={1231--1237},
  year={2013},
  publisher={Sage Publications Sage UK: London, England}
}
@misc{grupp2017evo,
  title={evo: Python package for the evaluation of odometry and {SLAM}},
  author={Grupp, Michael},
  howpublished={\url{https://github.com/MichaelGrupp/evo}},
  year={2017}
}
@inproceedings{mao2017neural,
  title={Neural adaptive video streaming with pensieve},
  author={Mao, Hongzi and Netravali, Ravi and Alizadeh, Mohammad},
  booktitle={Proceedings of the ACM SIGCOMM},
  pages={197--210},
  year={2017}
}
@inproceedings{zhang2020onrl,
  title={{OnRL}: Improving mobile video telephony via online reinforcement learning},
  author={Zhang, Huanhuan and Zhou, Anfu and Lu, Jiamin and others},
  booktitle={Proceedings of the ACM MobiCom},
  pages={1--14},
  year={2020}
}
@inproceedings{qiu2018avr,
  title={{AVR}: Augmented vehicular reality},
  author={Qiu, Hang and Ahmad, Fawad and Bai, Fan and others},
  booktitle={Proceedings of the ACM MobiSys},
  pages={81--95},
  year={2018}
}

@inproceedings{zhang2018pirvs,
  title={Pirvs: An advanced visual-inertial slam system with flexible sensor fusion and hardware co-design},
  author={Zhang, Zhe and Liu, Shaoshan and Tsai, Grace and Hu, Hongbing and Chu, Chen-Chi and Zheng, Feng},
  booktitle={2018 IEEE International Conference on Robotics and Automation (ICRA)},
  pages={1--7},
  year={2018},
  organization={IEEE}
}
@inproceedings{schmuck2017multi,
  title={{Multi-UAV} collaborative monocular {SLAM}},
  author={Schmuck, Patrik and Chli, Margarita},
  booktitle={2017 IEEE International Conference on Robotics and Automation (ICRA)},
  pages={3863--3870},
  year={2017},
  organization={IEEE}
}
@article{xiao2019dynamic,
  title={{Dynamic-SLAM}: Semantic monocular visual localization and mapping based on deep learning in dynamic environment},
  author={Xiao, Linhui and Wang, Jinge and Qiu, Xiaosong and Rong, Zheng and Zou, Xudong},
  journal={Robotics and Autonomous Systems},
  volume={117},
  pages={1--16},
  year={2019},
  publisher={Elsevier}
}
@article{chen2021edge,
  title={Edge computing assisted autonomous flight for {UAV}: Synergies between vision and communications},
  author={Chen, Quan and Zhu, Hai and Yang, Lei and others},
  journal={IEEE Communications Magazine},
  volume={59},
  number={1},
  pages={28--33},
  year={2021},
  publisher={IEEE}
}
@article{zhang2019mobile,
  title={Mobile edge intelligence and computing for the internet of vehicles},
  author={Zhang, Jun and Letaief, Khaled B},
  journal={Proceedings of the IEEE},
  volume={108},
  number={2},
  pages={246--261},
  year={2019},
  publisher={IEEE}
}
@article{kim2020research,
  title={Research Challenges and Security Threats to {AI}-Driven {5G} Virtual Emotion Applications Using Autonomous Vehicles, Drones, and Smart Devices},
  author={Kim, Hyunbum and Ben-Othman, Jalel and Mokdad, Lynda and others},
  journal={IEEE Network},
  volume={34},
  number={6},
  pages={288--294},
  year={2020},
  publisher={IEEE}
}
@article{durrant2006simultaneous,
  title={Simultaneous localization and mapping: {Part I}},
  author={Durrant-Whyte, Hugh and Bailey, Tim},
  journal={IEEE Robotics \& Automation Magazine},
  volume={13},
  number={2},
  pages={99--110},
  year={2006},
  publisher={IEEE}
}
 @article{wan2016cloud,
  title={Cloud robotics: Current status and open issues},
  author={Wan, Jiafu and Tang, Shenglong and Yan, Hehua and Li, Di and Wang, Shiyong and Vasilakos, Athanasios V},
  journal={IEEE Access},
  volume={4},
  pages={2797--2807},
  year={2016},
  publisher={IEEE}
}
 @article{taketomi2017visual,
  title={Visual SLAM algorithms: {A} survey from 2010 to 2016},
  author={Taketomi, Takafumi and Uchiyama, Hideaki and Ikeda, Sei},
  journal={IPSJ Transactions on Computer Vision and Applications},
  volume={9},
  number={1},
  pages={1--11},
  year={2017},
  publisher={SpringerOpen}
}

@inproceedings{mao2019variance,
  title={Variance reduction for reinforcement learning in input-driven environments},
  author={Mao, Hongzi and Venkatakrishnan, Shaileshh Bojja and Schwarzkopf, Malte and others},
  booktitle={Proceedings of the ICLR},
  year={2019}
}
% Proceedings of the 7th International Conference on
% Learning Representations (ICLR) (2019)

@inproceedings{lindner2022interactively,
  title={Interactively Learning Preference Constraints in Linear Bandits},
  author={Lindner, David and Tschiatschek, Sebastian and Hofmann, Katja and others},
  booktitle={Proceedings of the ICML},
  pages={13505--13527},
  year={2022},
  organization={PMLR}
}
@inproceedings{han2021tailored,
  title={Tailored learning-based scheduling for kubernetes-oriented edge-cloud system},
  author={Han, Yiwen and Shen, Shihao and Wang, Xiaofei and others},
  booktitle={Proceedings of the IEEE INFOCOM},
  pages={1--10},
  year={2021},
  organization={IEEE}
}
@inproceedings{zhu2021network,
  title={Network planning with deep reinforcement learning},
  author={Zhu, Hang and Gupta, Varun and Ahuja, Satyajeet Singh and others},
  booktitle={Proceedings of the ACM SIGCOMM},
  pages={258--271},
  year={2021}
}

UbiCom

@inproceedings{xu2022swarmmap,
 author = {Xu, Jingao and Cao, Hao and Yang, Zheng and others},
 booktitle = {Proceedings of the USENIX NSDI},
 pages = {977--993},
 title = {SwarmMap: Scaling Up Real-time Collaborative Visual SLAM at the Edge},
 year = {2022}
}

@article{ren2021adaptive,
  title={Adaptive computation offloading for mobile augmented reality},
  author={Ren, Jie and Gao, Ling and Wang, Xiaoming and others},
  journal={Proceedings of the ACM Ubicomp},
  pages={1--30},
  year={2021}
}
 
@article{misra2013overview,
  title={An overview of tiles in {HEVC}},
  author={Misra, Kiran and Segall, Andrew and Horowitz, Michael and Xu, Shilin and Fuldseth, Arild and Zhou, Minhua},
  journal={IEEE journal of selected topics in signal processing},
  volume={7},
  number={6},
  pages={969--977},
  year={2013},
  publisher={IEEE}
}

@book{williams2006gaussian,
  title={Gaussian processes for machine learning},
  author={Williams, Christopher KI and Rasmussen, Carl Edward},
  volume={2},
  number={3},
  year={2006},
  publisher={MIT press Cambridge, MA}
}

@incollection{mao2019learning,
  title={Learning scheduling algorithms for data processing clusters},
  author={Mao, Hongzi and Schwarzkopf, Malte and Venkatakrishnan, Shaileshh Bojja and Meng, Zili and Alizadeh, Mohammad},
  booktitle={Proceedings of the ACM special interest group on data communication},
  pages={270--288},
  year={2019}
}

@inproceedings{ayala2019vrain,
  title={{vrAIn}: A deep learning approach tailoring computing and radio resources in virtualized RANs},
  author={Ayala-Romero, Jose A and Garcia-Saavedra, Andres and Gramaglia, Marco and others},
  booktitle={Proceedings of the MobiCom},
  pages={1--16},
  year={2019}
}

@article{shen2023collaborative,
  title={Collaborative Learning-Based Scheduling for Kubernetes-Oriented Edge-Cloud Network},
  author={Shen, Shihao and Han, Yiwen and Wang, Xiaofei and others},
  journal={IEEE/ACM Transactions on Networking (Early Access)},
  year={2023},
  publisher={IEEE}
}

@article{al2017crowd,
  title={Crowd monitoring system using unmanned aerial vehicle (UAV)},
  author={Al-Sheary, Ali and Almagbile, Ali},
  journal={Journal of Civil Engineering and Architecture},
  volume={11},
  number={11},
  pages={1014--1024},
  year={2017}
}

@article{zhang2023hybrid,
  title={A Hybrid Many-Objective Optimization Algorithm for Task Offloading and Resource Allocation in Multi-Server Mobile Edge Computing Networks},
  author={Zhang, Jiangjiang and Gong, Bei and Waqas, Muhammad and Tu, Shanshan and Han, Zhu},
  journal={IEEE Transactions on Services Computing},
  year={2023},
  publisher={IEEE}
}

@inproceedings{wu2018variance,
  title={Variance reduction for policy gradient with action-dependent factorized baselines},
  author={Wu, Cathy and Rajeswaran, Aravind and Duan, Yan and Kumar, Vikash and Bayen, Alexandre M and Kakade, Sham and Mordatch, Igor and Abbeel, Pieter},
  booktitle={Proceedings of the ICLR},
  pages={1--16},
  year={2018}
}
@inproceedings{huang2023diffusion,
  title={Diffusion-based generation, optimization, and planning in 3d scenes},
  author={Huang, Siyuan and Wang, Zan and Li, Puhao and Jia, Baoxiong and Liu, Tengyu and Zhu, Yixin and Liang, Wei and Zhu, Song-Chun},
  booktitle={Proceedings of the IEEE/CVF Conference on Computer Vision and Pattern Recognition},
  pages={16750--16761},
  year={2023}
}

 
@inproceedings{zhou2024drivinggaussian,
  title={Drivinggaussian: Composite gaussian splatting for surrounding dynamic autonomous driving scenes},
  author={Zhou, Xiaoyu and Lin, Zhiwei and Shan, Xiaojun and Wang, Yongtao and Sun, Deqing and Yang, Ming-Hsuan},
  booktitle={Proceedings of the IEEE/CVF Conference on Computer Vision and Pattern Recognition},
  pages={21634--21643},
  year={2024}
}
@article{qi2017pointnet++,
  title={Pointnet++: Deep hierarchical feature learning on point sets in a metric space},
  author={Qi, Charles Ruizhongtai and Yi, Li and Su, Hao and Guibas, Leonidas J},
  journal={Advances in neural information processing systems},
  volume={30},
  year={2017}
}
@inproceedings{qi2017pointnet,
  title={Pointnet: Deep learning on point sets for 3d classification and segmentation},
  author={Qi, Charles R and Su, Hao and Mo, Kaichun and Guibas, Leonidas J},
  booktitle={Proceedings of the IEEE conference on computer vision and pattern recognition},
  pages={652--660},
  year={2017}
}
@article{leitinger2019belief,
  title={A belief propagation algorithm for multipath-based SLAM},
  author={Leitinger, Erik and Meyer, Florian and Hlawatsch, Franz and Witrisal, Klaus and Tufvesson, Fredrik and Win, Moe Z},
  journal={IEEE transactions on wireless communications},
  volume={18},
  number={12},
  pages={5613--5629},
  year={2019},
  publisher={IEEE}
}
@article{mildenhall2021nerf,
  title={Nerf: Representing scenes as neural radiance fields for view synthesis},
  author={Mildenhall, Ben and Srinivasan, Pratul P and Tancik, Matthew and Barron, Jonathan T and Ramamoorthi, Ravi and Ng, Ren},
  journal={Communications of the ACM},
  volume={65},
  number={1},
  pages={99--106},
  year={2021},
  publisher={ACM New York, NY, USA}
}

@inproceedings{zhao2023nerf2,
  title={Nerf2: Neural radio-frequency radiance fields},
  author={Zhao, Xiaopeng and An, Zhenlin and Pan, Qingrui and Yang, Lei},
  booktitle={Proceedings of the 29th Annual International Conference on Mobile Computing and Networking},
  pages={1--15},
  year={2023}
}

@article{liu2025deepswarm,
  title={DeepSwarm: towards swarm deep learning with bi-directional optimization of data acquisition and processing},
  author={Liu, Sicong and Guo, Bin and Wang, Ziqi and Wang, Lehao and Zhou, Zimu and Li, Xiaochen and Yu, Zhiwen},
  journal={Frontiers of Computer Science},
  volume={19},
  number={3},
  pages={1--3},
  year={2025},
  publisher={Springer}
}
@article{liu2023enabling,
  title={Enabling resource-efficient aiot system with cross-level optimization: A survey},
  author={Liu, Sicong and Guo, Bin and Fang, Cheng and Wang, Ziqi and Luo, Shiyan and Zhou, Zimu and Yu, Zhiwen},
  journal={IEEE Communications Surveys \& Tutorials},
  year={2023},
  publisher={IEEE}
}
@article{liu2024crowdtransfer,
  title={CrowdTransfer: Enabling Crowd Knowledge Transfer in AIoT Community},
  author={Liu, Yan and Guo, Bin and Li, Nuo and Ding, Yasan and Zhang, Zhouyangzi and Yu, Zhiwen},
  journal={IEEE Communications Surveys \& Tutorials},
  year={2024},
  publisher={IEEE}
}
