@article{adeshola2023opportunities,
  title={The opportunities and challenges of ChatGPT in education},
  author={Adeshola, Ibrahim and Adepoju, Adeola Praise},
  journal={Interactive Learning Environments},
  pages={1--14},
  year={2023},
  publisher={Taylor \& Francis},
  doi={https://doi.org/10.1080/10494820.2023.2253858}
}

@article{akbarilakeh2019attitudes,
  title={Attitudes of faculty members towards using e-learning},
  author={Akbarilakeh, Maryam and Razzaghi, Alireza and Moghaddam, Hoseein Delavar Pour},
  journal={Research and Development in Medical Education},
  volume={8},
  number={1},
  pages={12--19},
  year={2019},
  publisher={Tabriz University of Medical Sciences},
  doi={https://doi.org/10.15171/rdme.2019.003}
}

@article{albayati2024investigating,
  title={Investigating undergraduate students' perceptions and awareness of using ChatGPT as a regular assistance tool: A user acceptance perspective study},
  author={Albayati, Hayder},
  journal={Computers and Education: Artificial Intelligence},
  volume={6},
  pages={100203},
  year={2024},
  publisher={Elsevier},
  doi={https://doi.org/10.1016/j.caeai.2024.100203}
}

@article{amani2023generative,
  title={Generative AI perceptions: A survey to measure the perceptions of faculty, staff, and students on generative AI tools in academia},
  author={Amani, Sara and White, Lance and Balart, Trini and Arora, Laksha and Shryock, Dr Kristi J and Brumbelow, Dr Kelly and Watson, Dr Karan L},
  journal={arXiv preprint arXiv:2304.14415},
  year={2023},
  doi={https://doi.org/10.48550/arXiv.2304.14415}
}

@inproceedings{amoozadeh2024trust,
  title={Trust in Generative AI among students: An exploratory study},
  author={Amoozadeh, Matin and Daniels, David and Nam, Daye and Kumar, Aayush and Chen, Stella and Hilton, Michael and Srinivasa Ragavan, Sruti and Alipour, Mohammad Amin},
  booktitle={Proceedings of the 55th ACM Technical Symposium on Computer Science Education V. 1},
  pages={67--73},
  year={2024},
  doi={https://doi.org/10.1145/3626252.3630842}
}

@article{ayanwale2024exploring,
  title={Exploring STEAM teachers’ trust in AI-based educational technologies: A structural equation modelling approach},
  author={Ayanwale, Musa Adekunle and Adelana, Owolabi Paul and Odufuwa, Tolulope Timothy},
  journal={Discover Education},
  volume={3},
  number={1},
  pages={1--22},
  year={2024},
  publisher={Springer},
  doi={https://doi.org/10.1007/s44217-024-00092-z}
}

@article{baek2024chatgpt,
  title={“ChatGPT seems too good to be true”: College students’ use and perceptions of generative AI},
  author={Baek, Clare and Tate, Tamara and Warschauer, Mark},
  journal={Computers and Education: Artificial Intelligence},
  volume={7},
  pages={100294},
  year={2024},
  publisher={Elsevier},
  doi={https://doi.org/10.1016/j.caeai.2024.100294}
}

@article{beccerra1999trust,
  title={Trust within the organization: Integrating the trust literature with agency theory and transaction costs economics},
  author={Beccerra, Manuel and Gupta, Anil K},
  journal={Public Administration Quarterly},
  pages={177--203},
  year={1999},
  publisher={JSTOR},
doi={https://www.jstor.org/stable/40861779}
}

@article{beege2024ai,
  title={AI in STEM education: The relationship between teacher perceptions and ChatGPT use},
  author={Beege, Maik and Hug, Christopher and Nerb, Josef},
  journal={Computers in Human Behavior Reports},
  volume={16},
  pages={100494},
  year={2024},
  publisher={Elsevier},
  doi={https://doi.org/10.1016/j.chbr.2024.100494}
}

@inproceedings{bhattacharjee2024towards,
  title={Towards llm-guided causal explainability for black-box text classifiers},
  author={Bhattacharjee, Amrita and Moraffah, Raha and Garland, Joshua and Liu, Huan},
  booktitle={AAAI 2024 Workshop on Responsible Language Models, Vancouver, BC, Canada},
  year={2024},
doi={
https://doi.org/10.48550/arXiv.2309.13340}
}

@article{bunk2015understanding,
  title={Understanding Faculty Attitudes About Distance Education: The Importance of Excitement and Fear.},
  author={Bunk, Jennifer and Li, Rui and Smidt, Esther and Bidetti, Christopher and Malize, Brett},
  journal={Online Learning},
  volume={19},
  number={4},
  pages={n4},
  year={2015},
  publisher={ERIC}
}

@inproceedings{daly2024sensemaking,
  title={Sensemaking with AI: How Trust Influences Human-AI Collaboration in Health and Creative Industries},
  author={Daly, Sarah J and Hearn, Greg and Papageorgiou, Kyriaki},
  booktitle={ISPIM Innovation Symposium},
  pages={1--11},
  year={2024},
  organization={The International Society for Professional Innovation Management (ISPIM)}
}

@article{daumiller2021shifting,
  title={Shifting from face-to-face to online teaching during COVID-19: The role of university faculty achievement goals for attitudes towards this sudden change, and their relevance for burnout/engagement and student evaluations of teaching quality},
  author={Daumiller, Martin and Rinas, Raven and Hein, Julia and Janke, Stefan and Dickh{\"a}user, Oliver and Dresel, Markus},
  journal={Computers in Human Behavior},
  volume={118},
  pages={106677},
  year={2021},
  publisher={Elsevier},
  doi={https://doi.org/10.1016/j.chb.2020.106677}
}

@article{davis1989perceived,
  title={Perceived usefulness, perceived ease of use, and user acceptance of information technology},
  author={Davis, Fred D},
  journal={MIS Quarterly},
  year={1989},
  publisher={JSTOR}
}

@article{davis1989technology,
  title={Technology acceptance model},
  author={Davis, Fred D and Bagozzi, RP and Warshaw, PR},
  journal={J Manag Sci},
  volume={35},
  number={8},
  pages={982--1003},
  year={1989},
  publisher={Springer}
}

@article{denny2022robosourcing,
  title={Robosourcing Educational Resources--Leveraging Large Language Models for Learnersourcing},
  author={Denny, Paul and Sarsa, Sami and Hellas, Arto and Leinonen, Juho},
  journal={arXiv preprint arXiv:2211.04715},
  year={2022},
  doi={https://doi.org/10.1145/3501385.3543957}
}

@article{dirks2001role,
  title={The role of trust in organizational settings},
  author={Dirks, Kurt T and Ferrin, Donald L},
  journal={Organization science},
  volume={12},
  number={4},
  pages={450--467},
  year={2001},
  publisher={INFORMS},
  doi={https://doi.org/10.1287/orsc.12.4.450.10640}
}

@article{donnell2009relationship,
  title={The Relationship Between Student and Faculty Attitudes Toward Technology.},
  author={Donnell, Virginia},
  journal={Online Submission},
  year={2009},
  publisher={ERIC}
}

@article{espartinez2024exploring,
  title={Exploring student and teacher perceptions of ChatGPT use in higher education: A Q-Methodology study},
  author={Espartinez, Alma S},
  journal={Computers and Education: Artificial Intelligence},
  volume={7},
  pages={100264},
  year={2024},
  publisher={Elsevier},
  doi={https://doi.org/10.1016/j.caeai.2024.100264}
}

@article{farhi2023analyzing,
  title={Analyzing the students' views, concerns, and perceived ethics about chat GPT usage},
  author={Farhi, Faycal and Jeljeli, Riadh and Aburezeq, Ibtehal and Dweikat, Fawzi Fayez and Al-shami, Samer Ali and Slamene, Radouane},
  journal={Computers and Education: Artificial Intelligence},
  pages={100180},
  year={2023},
  publisher={Elsevier},
  doi={https://doi.org/10.1016/j.caeai.2023.100180}
}

@article{ghimire2024generative,
  title={Generative AI in Education: A Study of Educators' Awareness, Sentiments, and Influencing Factors},
  author={Ghimire, Aashish and Prather, James and Edwards, John},
  journal={arXiv preprint arXiv:2403.15586},
  year={2024},
  doi={https://doi.org/10.48550/arXiv.2403.15586}
}

@article{granic2019technology,
  title={Technology acceptance model in educational context: A systematic literature review},
  author={Grani{\'c}, Andrina and Maranguni{\'c}, Nikola},
  journal={British Journal of Educational Technology},
  volume={50},
  number={5},
  pages={2572--2593},
  year={2019},
  publisher={Wiley Online Library},
  doi={https://doi.org/10.1111/bjet.12864}
}

@article{gruenhagen2024rapid,
  title={The rapid rise of generative AI and its implications for academic integrity: Students’ perceptions and use of chatbots for assistance with assessments},
  author={Gruenhagen, Jan Henrik and Sinclair, Peter M and Carroll, Julie-Anne and Baker, Philip RA and Wilson, Ann and Demant, Daniel},
  journal={Computers and Education: Artificial Intelligence},
  volume={7},
  pages={100273},
  year={2024},
  publisher={Elsevier},
  doi={https://doi.org/10.1016/j.caeai.2024.100273}
}

@article{hall2013assessing,
  title={Assessing faculty attitudes toward technological change in graduate management education},
  author={Hall, Owen P and others},
  journal={Journal of Online Learning and Teaching},
  volume={9},
  number={1},
  pages={39--51},
  year={2013},
  publisher={Multimedia Educational Resource for Learning and Online Teaching (MERLOT)}
}

@article{imtiaz2014review,
  title={A review of technology acceptance studies in the field of education},
  author={Imtiaz, Md Athar and Maarop, Nurazean},
  journal={Jurnal Teknologi},
  volume={69},
  number={2},
  year={2014},
  doi={https://doi.org/10.11113/jt.v69.3101}
}

@inproceedings{jacovi2021formalizing,
  title={Formalizing trust in artificial intelligence: Prerequisites, causes and goals of human trust in AI},
  author={Jacovi, Alon and Marasovi{\'c}, Ana and Miller, Tim and Goldberg, Yoav},
  booktitle={Proceedings of the 2021 ACM conference on fairness, accountability, and transparency},
  pages={624--635},
  year={2021},
  doi={https://doi.org/10.1145/3442188.3445923}
}

@article{jarrah2023using,
  title={Using ChatGPT in academic writing is (not) a form of plagiarism: What does the literature say},
  author={Jarrah, Adeeb M and Wardat, Yousef and Fidalgo, Patricia},
  journal={Online Journal of Communication and Media Technologies},
  volume={13},
  number={4},
  pages={e202346},
  year={2023},
  doi={https://doi.org/10.30935/ojcmt/13572}
}

@article{johnson2023assessing,
  title={Assessing the accuracy and reliability of AI-generated medical responses: an evaluation of the Chat-GPT model},
  author={Johnson, Douglas and Goodman, Rachel and Patrinely, J and Stone, Cosby and Zimmerman, Eli and Donald, Rebecca and Chang, Sam and Berkowitz, Sean and Finn, Avni and Jahangir, Eiman and others},
  journal={Research Square},
  year={2023},
  publisher={American Journal Experts},
  doi={10.21203/rs.3.rs-2566942/v1}
}

@article{kasneci2023chatgpt,
  title={ChatGPT for good? On opportunities and challenges of large language models for education},
  author={Kasneci, Enkelejda and Se{\ss}ler, Kathrin and K{\"u}chemann, Stefan and Bannert, Maria and Dementieva, Daryna and Fischer, Frank and Gasser, Urs and Groh, Georg and G{\"u}nnemann, Stephan and H{\"u}llermeier, Eyke and others},
  journal={Learning and Individual Differences},
  volume={103},
  pages={102274},
  year={2023},
  publisher={Elsevier},
  doi={https://doi.org/10.1016/j.lindif.2023.102274}
}

@article{kim2021you,
  title={When do you trust AI? The effect of number presentation detail on consumer trust and acceptance of AI recommendations},
  author={Kim, Jungkeun and Giroux, Marilyn and Lee, Jacob C},
  journal={Psychology \& Marketing},
  volume={38},
  number={7},
  pages={1140--1155},
  year={2021},
  publisher={Wiley Online Library},
  doi={https://doi.org/10.1002/mar.21498}
}

@article{kim2023you,
  title={Do you trust ChatGPTs? Effects of the ethical and quality issues of generative AI on travel decisions},
  author={Kim, Jeong Hyun and Kim, Jungkeun and Kim, Changju and Kim, Seongseop},
  journal={Journal of Travel \& Tourism Marketing},
  volume={40},
  number={9},
  pages={779--801},
  year={2023},
  publisher={Taylor \& Francis},
  doi={https://doi.org/10.1080/10548408.2023.2293006}
}

@article{kiryakova2023chatgpt,
  title={ChatGPT—A challenging tool for the university professors in their teaching practice},
  author={Kiryakova, Gabriela and Angelova, Nadezhda},
  journal={Education Sciences},
  volume={13},
  number={10},
  pages={1056},
  year={2023},
  publisher={MDPI},
  doi={https://doi.org/10.3390/educsci13101056}
}

@article{klein2019technological,
  title={Technological barriers and incentives to learning analytics adoption in higher education: Insights from users},
  author={Klein, Carrie and Lester, Jaime and Rangwala, Huzefa and Johri, Aditya},
  journal={Journal of Computing in Higher Education},
  volume={31},
  pages={604--625},
  year={2019},
  publisher={Springer},
  doi={https://doi.org/10.1007/s12528-019-09210-5}
}

@article{kopcha2016understanding,
  title={Understanding university faculty perceptions about innovation in teaching and technology},
  author={Kopcha, Theodore J and Rieber, Lloyd P and Walker, Brandy B},
  journal={British Journal of Educational Technology},
  volume={47},
  number={5},
  pages={945--957},
  year={2016},
  publisher={Wiley Online Library},
  doi={https://doi.org/10.1111/bjet.12361}
}

@article{kosak2004prepared,
  title={Prepared to teach online? Perspectives of faculty in the University of North Carolina system},
  author={Kosak, Lysa and Manning, Dionna and Dobson, Ellen and Rogerson, Lisa and Cotnam, Shannon and Colaric, Susan and McFadden, Cheryl},
  journal={Online Journal of Distance Learning Administration},
  volume={7},
  number={3},
  pages={1--13},
  year={2004}
}

@article{lankton2015technology,
  title={Technology, humanness, and trust: Rethinking trust in technology},
  author={Lankton, Nancy K and McKnight, D Harrison and Tripp, John},
  journal={Journal of the Association for Information Systems},
  volume={16},
  number={10},
  pages={1},
  year={2015},
  doi={10.17705/1jais.00411}
}

@inproceedings{lau2023ban,
  title={From" Ban it till we understand it" to" Resistance is futile": How university programming instructors plan to adapt as more students use AI code generation and explanation tools such as ChatGPT and GitHub Copilot},
  author={Lau, Sam and Guo, Philip},
  booktitle={Proceedings of the 2023 ACM Conference on International Computing Education Research-Volume 1},
  pages={106--121},
  year={2023},
  doi={https://doi.org/10.1145/3568813.3600138}
}

@article{lewicki1998trust,
  title={Trust and distrust: New relationships and realities},
  author={Lewicki, Roy J and McAllister, Daniel J and Bies, Robert J},
  journal={Academy of management Review},
  volume={23},
  number={3},
  pages={438--458},
  year={1998},
  publisher={Academy of Management Briarcliff Manor, NY 10510},
  doi={https://doi.org/10.2307/259288}
}

@article{luo2024critical,
  title={A critical review of GenAI policies in higher education assessment: A call to reconsider the “originality” of students’ work},
  author={Luo, Jiahui},
  journal={Assessment \& Evaluation in Higher Education},
  pages={1--14},
  year={2024},
  publisher={Taylor \& Francis},
  doi={https://doi.org/10.1080/02602938.2024.2309963}
}

@inproceedings{lyu2024evaluating,
  title={Evaluating the effectiveness of llms in introductory computer science education: A semester-long field study},
  author={Lyu, Wenhan and Wang, Yimeng and Chung, Tingting and Sun, Yifan and Zhang, Yixuan}

@article{marzilli2014faculty,
  title={Faculty attitudes towards integrating technology and innovation},
  author={Marzilli, Colleen and Delello, Julie and Marmion, Shelly and McWhorter, Rochell and Roberts, Paul and Marzilli, T Scott},
  journal={arXiv preprint arXiv:1404.4334},
  year={2014},
  doi={https://doi.org/10.48550/arXiv.1404.4334}
}

@article{mayer1995integrative,
  title={An integrative model of organizational trust},
  author={Mayer, Roger C and Davis, James H and Schoorman, F David},
  journal={Academy of Management Review},
  volume={20},
  number={3},
  pages={709--734},
  year={1995},
  publisher={Academy of Management Briarcliff Manor, NY 10510},
  doi={https://doi.org/10.2307/258792}
}

@article{michel2023challenges,
  title={Challenges and opportunities of generative AI for higher education as explained by ChatGPT},
  author={Michel-Villarreal, Rosario and Vilalta-Perdomo, Eliseo and Salinas-Navarro, David Ernesto and Thierry-Aguilera, Ricardo and Gerardou, Flor Silvestre},
  journal={Education Sciences},
  volume={13},
  number={9},
  pages={856},
  year={2023},
  publisher={MDPI},
  doi={https://doi.org/10.3390/educsci13090856}
}

@article{min2023development,
  title={The development and validation of an interpersonal distrust scale},
  author={Min, Hanyi and Zickar, Michael J},
  journal={Journal of Business and Psychology},
  volume={38},
  number={5},
  pages={1099--1120},
  year={2023},
  publisher={Springer},
  doi={https://doi.org/10.1007/s10869-022-09854-8}
}

@inproceedings{nazaretsky2022instrument,
  title={An instrument for measuring teachers’ trust in AI-based educational technology},
  author={Nazaretsky, Tanya and Cukurova, Mutlu and Alexandron, Giora},
  booktitle={LAK22: 12th international learning analytics and knowledge conference},
  pages={56--66},
  year={2022},
  doi={https://doi.org/10.1145/3506860.3506866}
}

@article{nazaretsky2022teachers,
  title={Teachers' trust in AI-powered educational technology and a professional development program to improve it},
  author={Nazaretsky, Tanya and Ariely, Moriah and Cukurova, Mutlu and Alexandron, Giora},
  journal={British journal of educational technology},
  volume={53},
  number={4},
  pages={914--931},
  year={2022},
  publisher={Wiley Online Library},
  doi={https://doi.org/10.1111/bjet.13232}
}

@article{ngo2023perception,
  title={The perception by university students of the use of ChatGPT in education},
  author={Ngo, Thi Thuy An},
  journal={International Journal of Emerging Technologies in Learning (Online)},
  volume={18},
  number={17},
  pages={4},
  year={2023},
  publisher={International Association of Online Engineering (IAOE)},
  doi={https://doi.org/10.3991/ijet.v18i17.39019}
}

@article{niedlich2021comprehensive,
  title={A comprehensive view of trust in education: Conclusions from a systematic literature review},
  author={Niedlich, Sebastian and Kallfa{\ss}, Annika and Pohle, Silvana and Bormann, Inka},
  journal={Review of Education},
  volume={9},
  number={1},
  pages={124--158},
  year={2021},
  publisher={Wiley Online Library},
  doi={https://doi.org/10.1002/rev3.3239}
}

@article{nwana1990intelligent,
  title={Intelligent tutoring systems: an overview},
  author={Nwana, Hyacinth S},
  journal={Artificial Intelligence Review},
  volume={4},
  number={4},
  pages={251--277},
  year={1990},
  publisher={Springer},
  doi={https://doi.org/10.1007/BF00168958}
}

@article{onwuagboke2016faculty,
  title={Faculty attitude and use of ICT in instructional delivery in tertiary institutions in a developing nation},
  author={Onwuagboke, Bede Blaise Chukwunyere and Singh, Termit Kaur Ranjit},
  journal={International Journal of Research Studies in Educational Technology},
  volume={5},
  number={1},
  pages={77--88},
  year={2016},
  doi={10.5861/ijrset.2016.1428}
}

@phdthesis{palmore2011faculty,
  title={Faculty attitude towards integrating technology in teaching at a four-year Southeastern University},
  author={Palmore, Donna Venetta},
  year={2011},
  school={Auburn University}
}

@inproceedings{peters2023importance,
  title={The importance of distrust in AI},
  author={Peters, Tobias M and Visser, Roel W},
  booktitle={World Conference on Explainable Artificial Intelligence},
  pages={301--317},
  year={2023},
  organization={Springer},
  doi={https://doi.org/10.1007/978-3-031-44070-0_15}
}

@article{poldrack2023ai,
  title={AI-assisted coding: Experiments with GPT-4},
  author={Poldrack, Russell A and Lu, Thomas and Begu{\v{s}}, Ga{\v{s}}per},
  journal={arXiv preprint arXiv:2304.13187},
  year={2023},
  doi={https://doi.org/10.48550/arXiv.2304.13187}
}

@article{qin2020understanding,
  title={Understanding user trust in artificial intelligence-based educational systems: Evidence from China},
  author={Qin, Fen and Li, Kai and Yan, Jianyuan},
  journal={British Journal of Educational Technology},
  volume={51},
  number={5},
  pages={1693--1710},
  year={2020},
  publisher={Wiley Online Library},
  doi={https://doi.org/10.1111/bjet.12994}
}

@article{qudais2010senior,
  title={Senior Faculty Members' Attitudes in Jordanian Universities towards Using Information and Communication Technology.},
  author={Qudais, Mahmoud Abu and Al-Adhaileh, Mosleh and Al-Omari, Aieman},
  journal={The International Arab Journal of Information Technology},
  volume={1},
  number={4},
  pages={135--141},
  year={2010}
}

@article{ramlo2021coronavirus,
  title={The coronavirus and higher education: Faculty viewpoints about universities moving online during a worldwide pandemic},
  author={Ramlo, Susan},
  journal={Innovative Higher Education},
  volume={46},
  number={3},
  pages={241--259},
  year={2021},
  publisher={Springer},
  doi={https://doi.org/10.1007/s10755-020-09532-8}
}

@article{romero2023use,
  title={Use of ChatGPT at university as a tool for complex thinking: Students’ perceived usefulness},
  author={Romero-Rodr{\'\i}guez, Jos{\'e}-Mar{\'\i}a and Ram{\'\i}rez-Montoya, Mar{\'\i}a-Soledad and Buenestado-Fern{\'a}ndez, Mariana and Lara-Lara, Fernando},
  journal={Journal of New Approaches in Educational Research},
  volume={12},
  number={2},
  pages={323--339},
  year={2023},
  publisher={Springer},
  doi={https://doi.org/10.7821/naer.2023.7.1458}
}

@article{sarker2024llm,
  title={LLM potentiality and awareness: a position paper from the perspective of trustworthy and responsible AI modeling},
  author={Sarker, Iqbal H},
  journal={Discover Artificial Intelligence},
  volume={4},
  number={1},
  pages={40},
  year={2024},
  publisher={Springer},
  doi={https://doi.org/10.1007/s44163-024-00129-0}
}

@inproceedings{sarsa2022automatic,
  title={Automatic generation of programming exercises and code explanations using large language models},
  author={Sarsa, Sami and Denny, Paul and Hellas, Arto and Leinonen, Juho},
  booktitle={Proceedings of the 2022 ACM Conference on International Computing Education Research-Volume 1},
  pages={27--43},
  year={2022},
  doi={https://doi.org/10.1145/3501385.3543957}
}

@article{schilke2021trust,
  title={Trust in social relations},
  author={Schilke, Oliver and Reimann, Martin and Cook, Karen S},
  journal={Annual Review of Sociology},
  volume={47},
  number={1},
  pages={239--259},
  year={2021},
  publisher={Annual Reviews},
  doi={https://doi.org/10.1146/annurev-soc-082120-082850}
}

@article{shoufan2023exploring,
  title={Exploring students’ perceptions of ChatGPT: Thematic analysis and follow-up survey},
  author={Shoufan, Abdulhadi},
  journal={IEEE Access},
  volume={11},
  pages={38805--38818},
  year={2023},
  publisher={IEEE},
  doi={10.1109/ACCESS.2023.3268224}
}

@article{singh2023exploring,
  title={Exploring computer science students’ perception of ChatGPT in higher education: A descriptive and correlation study},
  author={Singh, Harpreet and Tayarani-Najaran, Mohammad-Hassan and Yaqoob, Muhammad},
  journal={Education Sciences},
  volume={13},
  number={9},
  pages={924},
  year={2023},
  publisher={MDPI},
  doi={https://doi.org/10.3390/educsci13090924}
}

@book{sleeman1982intelligent,
  title={Intelligent tutoring systems},
  author={Sleeman, Derek and Brown, John Seely},
  year={1982},
  publisher={London: Academic Press}
}

@article{stohr2024perceptions,
  title={Perceptions and usage of AI chatbots among students in higher education across genders, academic levels and fields of study},
  author={St{\"o}hr, Christian and Ou, Amy Wanyu and Malmstr{\"o}m, Hans},
  journal={Computers and Education: Artificial Intelligence},
  volume={7},
  pages={100259},
  year={2024},
  publisher={Elsevier},
  doi={https://doi.org/10.1016/j.caeai.2024.100259}
}

@article{sun2024trustllm,
  title={Trustllm: Trustworthiness in large language models},
  author={Sun, Lichao and Huang, Yue and Wang, Haoran and Wu, Siyuan and Zhang, Qihui and Gao, Chujie and Huang, Yixin and Lyu, Wenhan and Zhang, Yixuan and Li, Xiner and others},
  journal={arXiv preprint arXiv:2401.05561},
  year={2024},
  doi={https://doi.org/10.48550/arXiv.2401.05561}
}

@book{teo2011technology,
  title={Technology acceptance in education},
  author={Teo, Timothy},
  year={2011},
  publisher={Springer Science \& Business Media}
}

@article{viberg2024explains,
  title={What Explains Teachers’ Trust in AI in Education Across Six Countries?},
  author={Viberg, Olga and Cukurova, Mutlu and Feldman-Maggor, Yael and Alexandron, Giora and Shirai, Shizuka and Kanemune, Susumu and Wasson, Barbara and T{\o}mte, Cathrine and Spikol, Daniel and Milrad, Marcelo and others},
  journal={International Journal of Artificial Intelligence in Education},
  pages={1--29},
  year={2024},
  publisher={Springer},
  doi={https://doi.org/10.1007/s40593-024-00433-x}
}

@article{walker2023reliability,
  title={Reliability of medical information provided by ChatGPT: assessment against clinical guidelines and patient information quality instrument},
  author={Walker, Harriet Louise and Ghani, Shahi and Kuemmerli, Christoph and Nebiker, Christian Andreas and M{\"u}ller, Beat Peter and Raptis, Dimitri Aristotle and Staubli, Sebastian Manuel},
  journal={Journal of Medical Internet Research},
  volume={25},
  pages={e47479},
  year={2023},
  publisher={JMIR Publications Toronto, Canada},
  doi={10.2196/47479}
}

@article{wang2020participant,
  title={Participant or spectator? Comprehending the willingness of faculty to use intelligent tutoring systems in the artificial intelligence era},
  author={Wang, Shanyong and Yu, Haotian and Hu, Xianfeng and Li, Jun},
  journal={British Journal of Educational Technology},
  volume={51},
  number={5},
  pages={1657--1673},
  year={2020},
  publisher={Wiley Online Library},
  doi={https://doi.org/10.1111/bjet.12998}
}

@inproceedings{zhang2024profiling,
  title={Profiling the Dynamics of Trust \& Distrust in Social Media: A Survey Study},
  author={Zhang, Yixuan and Wang, Yimeng and Yongsatianchot, Nutchanon and Gaggiano, Joseph D and Suhaimi, Nurul M and Okrah, Anne and Kim, Miso and Griffin, Jacqueline and Parker, Andrea G},
  booktitle={Proceedings of the CHI Conference on Human Factors in Computing Systems},
  pages={1--24},
  year={2024},
  doi={https://doi.org/10.1145/3613904.3642927}
}

