@article{patil2018ggstatsplot,
  title={ggstatsplot:“ggplot2” based plots with statistical details},
  author={Patil, Indrajeet and Powell, Chuck},
  journal={CRAN},
  volume={9},
  year={2018}
}

@article{thomas2006general,
  title={A general inductive approach for analyzing qualitative evaluation data},
  author={Thomas, David R},
  journal={American Journal of Evaluation},
  volume={27},
  number={2},
  pages={237--246},
  year={2006},
  publisher={Sage Publications Sage CA: Thousand Oaks, CA},
  doi={https://doi.org/10.1177/1098214005283748}
}

@article{imtiaz2014review,
  title={A review of technology acceptance studies in the field of education},
  author={Imtiaz, Md Athar and Maarop, Nurazean},
  journal={Jurnal Teknologi},
  volume={69},
  number={2},
  year={2014},
  doi={https://doi.org/10.11113/jt.v69.3101}
}

@book{teo2011technology,
  title={Technology acceptance in education},
  author={Teo, Timothy},
  year={2011},
  publisher={Springer Science \& Business Media}
}

@article{granic2019technology,
  title={Technology acceptance model in educational context: A systematic literature review},
  author={Grani{\'c}, Andrina and Maranguni{\'c}, Nikola},
  journal={British Journal of Educational Technology},
  volume={50},
  number={5},
  pages={2572--2593},
  year={2019},
  publisher={Wiley Online Library},
  doi={https://doi.org/10.1111/bjet.12864}
}

@article{granic2022educational,
  title={Educational technology adoption: A systematic review},
  author={Grani{\'c}, Andrina},
  journal={Education and Information Technologies},
  volume={27},
  number={7},
  pages={9725--9744},
  year={2022},
  publisher={Springer},
  doi={https://doi.org/10.1007/s10639-022-10951-7}
}

@article{davis1989perceived,
  title={Perceived usefulness, perceived ease of use, and user acceptance of information technology},
  author={Davis, Fred D},
  journal={MIS Quarterly},
  year={1989},
  publisher={JSTOR}
}

@article{marzilli2014faculty,
  title={Faculty attitudes towards integrating technology and innovation},
  author={Marzilli, Colleen and Delello, Julie and Marmion, Shelly and McWhorter, Rochell and Roberts, Paul and Marzilli, T Scott},
  journal={arXiv preprint arXiv:1404.4334},
  year={2014},
  doi={https://doi.org/10.48550/arXiv.1404.4334}
}

@article{donnell2009relationship,
  title={The Relationship Between Student and Faculty Attitudes Toward Technology.},
  author={Donnell, Virginia},
  journal={Online Submission},
  year={2009},
  publisher={ERIC}
}

@article{hall2013assessing,
  title={Assessing faculty attitudes toward technological change in graduate management education},
  author={Hall, Owen P and others},
  journal={Journal of Online Learning and Teaching},
  volume={9},
  number={1},
  pages={39--51},
  year={2013},
  publisher={Multimedia Educational Resource for Learning and Online Teaching (MERLOT)}
}

@phdthesis{palmore2011faculty,
  title={Faculty attitude towards integrating technology in teaching at a four-year Southeastern University},
  author={Palmore, Donna Venetta},
  year={2011},
  school={Auburn University}
}

@article{qudais2010senior,
  title={Senior Faculty Members' Attitudes in Jordanian Universities towards Using Information and Communication Technology.},
  author={Qudais, Mahmoud Abu and Al-Adhaileh, Mosleh and Al-Omari, Aieman},
  journal={The International Arab Journal of Information Technology},
  volume={1},
  number={4},
  pages={135--141},
  year={2010}
}

@article{onwuagboke2016faculty,
  title={Faculty attitude and use of ICT in instructional delivery in tertiary institutions in a developing nation},
  author={Onwuagboke, Bede Blaise Chukwunyere and Singh, Termit Kaur Ranjit},
  journal={International Journal of Research Studies in Educational Technology},
  volume={5},
  number={1},
  pages={77--88},
  year={2016},
  doi={10.5861/ijrset.2016.1428}
}

@article{akbarilakeh2019attitudes,
  title={Attitudes of faculty members towards using e-learning},
  author={Akbarilakeh, Maryam and Razzaghi, Alireza and Moghaddam, Hoseein Delavar Pour},
  journal={Research and Development in Medical Education},
  volume={8},
  number={1},
  pages={12--19},
  year={2019},
  publisher={Tabriz University of Medical Sciences},
  doi={https://doi.org/10.15171/rdme.2019.003}
}

@article{bunk2015understanding,
  title={Understanding Faculty Attitudes About Distance Education: The Importance of Excitement and Fear.},
  author={Bunk, Jennifer and Li, Rui and Smidt, Esther and Bidetti, Christopher and Malize, Brett},
  journal={Online Learning},
  volume={19},
  number={4},
  pages={n4},
  year={2015},
  publisher={ERIC}
}

@article{kaqinari2021switch,
  title={The switch to online teaching during the first COVID-19 lockdown: A comparative study at four European universities},
  author={Kaqinari, Tomas and Makarova, Elena and Audran, Jacques and D{\"o}ring, Anna K and G{\"o}bel, Kerstin and Kern, Dominique},
  journal={Journal of University Teaching \& Learning Practice},
  volume={18},
  number={5},
  pages={10},
  year={2021},
  doi={10.53761/1.18.5.10}
}

@article{kopcha2016understanding,
  title={Understanding university faculty perceptions about innovation in teaching and technology},
  author={Kopcha, Theodore J and Rieber, Lloyd P and Walker, Brandy B},
  journal={British Journal of Educational Technology},
  volume={47},
  number={5},
  pages={945--957},
  year={2016},
  publisher={Wiley Online Library},
  doi={https://doi.org/10.1111/bjet.12361}
}

@article{shaw2023genai,
  title={GenAI in higher education: Fall 2023 update time for class study},
  author={Shaw, Catherine and Yuan, Lisa and Brennan, Dan and Martin, S and Janson, N and Fox, K and Bryant, G},
  journal={Tyton Partners. tytonpartners. com/time-for-class-2023/GenAI-Update},
  year={2023}
}

@online{CengageGroupreport2023,
  author =       "Cengage Group",
  year =         "2023",
  title =        "Apprehension of Generative AI in Higher Education Overstated, Cengage Survey Finds",
  url =          "https://www.cengagegroup.com/news/perspectives/2023/higher-ed-gen-ai-faculty-research-findings/",
  month =        August,
  lastaccessed = "August 29, 2024",
}

@inproceedings{zhang2024profiling,
  title={Profiling the Dynamics of Trust \& Distrust in Social Media: A Survey Study},
  author={Zhang, Yixuan and Wang, Yimeng and Yongsatianchot, Nutchanon and Gaggiano, Joseph D and Suhaimi, Nurul M and Okrah, Anne and Kim, Miso and Griffin, Jacqueline and Parker, Andrea G},
  booktitle={Proceedings of the CHI Conference on Human Factors in Computing Systems},
  pages={1--24},
  year={2024},
  doi={https://doi.org/10.1145/3613904.3642927}
}

@inproceedings{lyu2024evaluating,
  title={Evaluating the effectiveness of llms in introductory computer science education: A semester-long field study},
  author={Lyu, Wenhan and Wang, Yimeng and Chung, Tingting and Sun, Yifan and Zhang, Yixuan},
  booktitle={Proceedings of the Eleventh ACM Conference on Learning@ Scale},
  pages={63--74},
  year={2024},
  doi={https://doi.org/10.1145/3657604.3662036}
}

@article{wong2008data,
  title={Data analysis in qualitative research: A brief guide to using NVivo},
  author={Wong, Li Ping},
  journal={Malaysian family physician: the official journal of the Academy of Family Physicians of Malaysia},
  volume={3},
  number={1},
  pages={14},
  year={2008},
  publisher={Academy of Family Physicians of Malaysia}
}

@article{amani2023generative,
  title={Generative AI perceptions: A survey to measure the perceptions of faculty, staff, and students on generative AI tools in academia},
  author={Amani, Sara and White, Lance and Balart, Trini and Arora, Laksha and Shryock, Dr Kristi J and Brumbelow, Dr Kelly and Watson, Dr Karan L},
  journal={arXiv preprint arXiv:2304.14415},
  year={2023},
  doi={https://doi.org/10.48550/arXiv.2304.14415}
}

@article{ghimire2024generative,
  title={Generative AI in Education: A Study of Educators' Awareness, Sentiments, and Influencing Factors},
  author={Ghimire, Aashish and Prather, James and Edwards, John},
  journal={arXiv preprint arXiv:2403.15586},
  year={2024},
  doi={https://doi.org/10.48550/arXiv.2403.15586}
}

@article{kiryakova2023chatgpt,
  title={ChatGPT—A challenging tool for the university professors in their teaching practice},
  author={Kiryakova, Gabriela and Angelova, Nadezhda},
  journal={Education Sciences},
  volume={13},
  number={10},
  pages={1056},
  year={2023},
  publisher={MDPI},
  doi={https://doi.org/10.3390/educsci13101056}
}

@article{rasmussen2023adopt,
  title={Adopt or Abort? Mapping students’ and professors’ attitudes towards the use of generative AI in higher education},
  author={Rasmussen, Daniel and Karlsen, Tommy},
  year={2023}
}

@article{daumiller2021shifting,
  title={Shifting from face-to-face to online teaching during COVID-19: The role of university faculty achievement goals for attitudes towards this sudden change, and their relevance for burnout/engagement and student evaluations of teaching quality},
  author={Daumiller, Martin and Rinas, Raven and Hein, Julia and Janke, Stefan and Dickh{\"a}user, Oliver and Dresel, Markus},
  journal={Computers in Human Behavior},
  volume={118},
  pages={106677},
  year={2021},
  publisher={Elsevier},
  doi={https://doi.org/10.1016/j.chb.2020.106677}
}

@inproceedings{lau2023ban,
  title={From" Ban it till we understand it" to" Resistance is futile": How university programming instructors plan to adapt as more students use AI code generation and explanation tools such as ChatGPT and GitHub Copilot},
  author={Lau, Sam and Guo, Philip},
  booktitle={Proceedings of the 2023 ACM Conference on International Computing Education Research-Volume 1},
  pages={106--121},
  year={2023},
  doi={https://doi.org/10.1145/3568813.3600138}
}

@article{ramlo2021coronavirus,
  title={The coronavirus and higher education: Faculty viewpoints about universities moving online during a worldwide pandemic},
  author={Ramlo, Susan},
  journal={Innovative Higher Education},
  volume={46},
  number={3},
  pages={241--259},
  year={2021},
  publisher={Springer},
  doi={https://doi.org/10.1007/s10755-020-09532-8}
}

@inproceedings{peters2023importance,
  title={The importance of distrust in AI},
  author={Peters, Tobias M and Visser, Roel W},
  booktitle={World Conference on Explainable Artificial Intelligence},
  pages={301--317},
  year={2023},
  organization={Springer},
  doi={https://doi.org/10.1007/978-3-031-44070-0_15}
}

@article{mayer1995integrative,
  title={An integrative model of organizational trust},
  author={Mayer, Roger C and Davis, James H and Schoorman, F David},
  journal={Academy of Management Review},
  volume={20},
  number={3},
  pages={709--734},
  year={1995},
  publisher={Academy of Management Briarcliff Manor, NY 10510},
  doi={https://doi.org/10.2307/258792}
}


@article{lankton2015technology,
  title={Technology, humanness, and trust: Rethinking trust in technology},
  author={Lankton, Nancy K and McKnight, D Harrison and Tripp, John},
  journal={Journal of the Association for Information Systems},
  volume={16},
  number={10},
  pages={1},
  year={2015},
  doi={10.17705/1jais.00411}
}

@article{sun2024trustllm,
  title={Trustllm: Trustworthiness in large language models},
  author={Sun, Lichao and Huang, Yue and Wang, Haoran and Wu, Siyuan and Zhang, Qihui and Gao, Chujie and Huang, Yixin and Lyu, Wenhan and Zhang, Yixuan and Li, Xiner and others},
  journal={arXiv preprint arXiv:2401.05561},
  year={2024},
  doi={https://doi.org/10.48550/arXiv.2401.05561}
}

@article{dunn2023generative,
  title={What generative AI means for trust in health communications},
  author={Dunn, Adam G and Shih, Ivy and Ayre, Julie and Spallek, Heiko},
  journal={Journal of Communication in Healthcare},
  volume={16},
  number={4},
  pages={385--388},
  year={2023},
  publisher={Taylor \& Francis},
  doi={https://doi.org/10.1080/17538068.2023.2277489}
}

@inproceedings{amoozadeh2024trust,
  title={Trust in Generative AI among students: An exploratory study},
  author={Amoozadeh, Matin and Daniels, David and Nam, Daye and Kumar, Aayush and Chen, Stella and Hilton, Michael and Srinivasa Ragavan, Sruti and Alipour, Mohammad Amin},
  booktitle={Proceedings of the 55th ACM Technical Symposium on Computer Science Education V. 1},
  pages={67--73},
  year={2024},
  doi={https://doi.org/10.1145/3626252.3630842}
}

@article{jenks2024communicating,
  title={Communicating the cultural other: Trust and bias in generative AI and large language models},
  author={Jenks, Christopher J},
  journal={Applied Linguistics Review},
  number={0},
  year={2024},
  publisher={De Gruyter},
  doi={https://doi.org/10.1515/applirev-2024-0196}
}

@article{kim2023you,
  title={Do you trust ChatGPTs? Effects of the ethical and quality issues of generative AI on travel decisions},
  author={Kim, Jeong Hyun and Kim, Jungkeun and Kim, Changju and Kim, Seongseop},
  journal={Journal of Travel \& Tourism Marketing},
  volume={40},
  number={9},
  pages={779--801},
  year={2023},
  publisher={Taylor \& Francis},
  doi={https://doi.org/10.1080/10548408.2023.2293006}
}

@article{volery2001online,
  title={Online education: An exploratory study into success factors},
  author={Volery, Thierry},
  journal={Journal of educational computing research},
  volume={24},
  number={1},
  pages={77--92},
  year={2001},
  publisher={SAGE Publications Sage CA: Los Angeles, CA},
  doi={https://doi.org/10.2190/F0DY-BNYJ-18RB-NNNY}
}

@article{kosak2004prepared,
  title={Prepared to teach online? Perspectives of faculty in the University of North Carolina system},
  author={Kosak, Lysa and Manning, Dionna and Dobson, Ellen and Rogerson, Lisa and Cotnam, Shannon and Colaric, Susan and McFadden, Cheryl},
  journal={Online Journal of Distance Learning Administration},
  volume={7},
  number={3},
  pages={1--13},
  year={2004}
}

@article{boe2018learning,
  title={E-learning technology and higher education: the impact of organizational trust},
  author={B{\o}e, Tove},
  journal={Tertiary Education and Management},
  volume={24},
  number={4},
  pages={362--376},
  year={2018},
  publisher={Springer},
  doi={https://doi.org/10.1080/13583883.2018.1465991}
}

@article{ejdys2018building,
  title={Building technology trust in ICT application at a university},
  author={Ejdys, Joanna},
  journal={International Journal of Emerging Markets},
  volume={13},
  number={5},
  pages={980--997},
  year={2018},
  publisher={Emerald Publishing Limited},
  doi={https://doi.org/10.1108/IJoEM-07-2017-0234}
}

@article{lim2023generative,
  title={Generative AI and the future of education: Ragnar{\"o}k or reformation? A paradoxical perspective from management educators},
  author={Lim, Weng Marc and Gunasekara, Asanka and Pallant, Jessica Leigh and Pallant, Jason Ian and Pechenkina, Ekaterina},
  journal={The international journal of management education},
  volume={21},
  number={2},
  pages={100790},
  year={2023},
  publisher={Elsevier},
  doi={https://doi.org/10.1016/j.ijme.2023.100790}
}

@article{michel2023challenges,
  title={Challenges and opportunities of generative AI for higher education as explained by ChatGPT},
  author={Michel-Villarreal, Rosario and Vilalta-Perdomo, Eliseo and Salinas-Navarro, David Ernesto and Thierry-Aguilera, Ricardo and Gerardou, Flor Silvestre},
  journal={Education Sciences},
  volume={13},
  number={9},
  pages={856},
  year={2023},
  publisher={MDPI},
  doi={https://doi.org/10.3390/educsci13090856}
}

@article{denny2022robosourcing,
  title={Robosourcing Educational Resources--Leveraging Large Language Models for Learnersourcing},
  author={Denny, Paul and Sarsa, Sami and Hellas, Arto and Leinonen, Juho},
  journal={arXiv preprint arXiv:2211.04715},
  year={2022},
  doi={https://doi.org/10.1145/3501385.3543957}
}

@inproceedings{sarsa2022automatic,
  title={Automatic generation of programming exercises and code explanations using large language models},
  author={Sarsa, Sami and Denny, Paul and Hellas, Arto and Leinonen, Juho},
  booktitle={Proceedings of the 2022 ACM Conference on International Computing Education Research-Volume 1},
  pages={27--43},
  year={2022},
  doi={https://doi.org/10.1145/3501385.3543957}
}

@article{poldrack2023ai,
  title={AI-assisted coding: Experiments with GPT-4},
  author={Poldrack, Russell A and Lu, Thomas and Begu{\v{s}}, Ga{\v{s}}per},
  journal={arXiv preprint arXiv:2304.13187},
  year={2023},
  doi={https://doi.org/10.48550/arXiv.2304.13187}
}

@article{kasneci2023chatgpt,
  title={ChatGPT for good? On opportunities and challenges of large language models for education},
  author={Kasneci, Enkelejda and Se{\ss}ler, Kathrin and K{\"u}chemann, Stefan and Bannert, Maria and Dementieva, Daryna and Fischer, Frank and Gasser, Urs and Groh, Georg and G{\"u}nnemann, Stephan and H{\"u}llermeier, Eyke and others},
  journal={Learning and Individual Differences},
  volume={103},
  pages={102274},
  year={2023},
  publisher={Elsevier},
  doi={https://doi.org/10.1016/j.lindif.2023.102274}
}

@article{johnson2023assessing,
  title={Assessing the accuracy and reliability of AI-generated medical responses: an evaluation of the Chat-GPT model},
  author={Johnson, Douglas and Goodman, Rachel and Patrinely, J and Stone, Cosby and Zimmerman, Eli and Donald, Rebecca and Chang, Sam and Berkowitz, Sean and Finn, Avni and Jahangir, Eiman and others},
  journal={Research Square},
  year={2023},
  publisher={American Journal Experts},
  doi={10.21203/rs.3.rs-2566942/v1}
}

@article{walker2023reliability,
  title={Reliability of medical information provided by ChatGPT: assessment against clinical guidelines and patient information quality instrument},
  author={Walker, Harriet Louise and Ghani, Shahi and Kuemmerli, Christoph and Nebiker, Christian Andreas and M{\"u}ller, Beat Peter and Raptis, Dimitri Aristotle and Staubli, Sebastian Manuel},
  journal={Journal of Medical Internet Research},
  volume={25},
  pages={e47479},
  year={2023},
  publisher={JMIR Publications Toronto, Canada},
  doi={10.2196/47479}
}

@article{jarrah2023using,
  title={Using ChatGPT in academic writing is (not) a form of plagiarism: What does the literature say},
  author={Jarrah, Adeeb M and Wardat, Yousef and Fidalgo, Patricia},
  journal={Online Journal of Communication and Media Technologies},
  volume={13},
  number={4},
  pages={e202346},
  year={2023},
  doi={https://doi.org/10.30935/ojcmt/13572}
}

@misc{Suno, 
    howpublished={\url{https://suno.com/}}, 
    author={{Suno AI}},
    note = {Accessed: 2024-09-02},
    year={2024}
} 

@misc {deepai,
    howpublished={\url{https://deepai.org/video}},
    author={{DeepAI}},
    note={Accessed: 2024-09-02},
    year={2024}
}

@article{zhai2024effects,
  title={The effects of over-reliance on AI dialogue systems on students' cognitive abilities: a systematic review},
  author={Zhai, Chunpeng and Wibowo, Santoso and Li, Lily D},
  journal={Smart Learning Environments},
  volume={11},
  number={1},
  pages={28},
  year={2024},
  publisher={Springer},
  doi={https://doi.org/10.1186/s40561-024-00316-7}
}

@article{cotton2024chatting,
  title={Chatting and cheating: Ensuring academic integrity in the era of ChatGPT},
  author={Cotton, Debby RE and Cotton, Peter A and Shipway, J Reuben},
  journal={Innovations in Education and Teaching International},
  volume={61},
  number={2},
  pages={228--239},
  year={2024},
  publisher={Taylor \& Francis},
  doi={https://doi.org/10.1080/14703297.2023.2190148}
}


@article{ding2023students,
  title={Students’ perceptions of using ChatGPT in a physics class as a virtual tutor},
  author={Ding, Lu and Li, Tong and Jiang, Shiyan and Gapud, Albert},
  journal={International Journal of Educational Technology in Higher Education},
  volume={20},
  number={1},
  pages={63},
  year={2023},
  publisher={Springer},
  doi={https://doi.org/10.1186/s41239-023-00434-1}
}

@article{tossell2024student,
  title={Student perceptions of ChatGPT use in a college essay assignment: Implications for learning, grading, and trust in artificial intelligence},
  author={Tossell, Chad C and Tenhundfeld, Nathan L and Momen, Ali and Cooley, Katrina and de Visser, Ewart J},
  journal={IEEE Transactions on Learning Technologies},
  year={2024},
  publisher={IEEE},
  doi={10.1109/TLT.2024.3355015}
}

@article{ngo2023perception,
  title={The perception by university students of the use of ChatGPT in education},
  author={Ngo, Thi Thuy An},
  journal={International Journal of Emerging Technologies in Learning (Online)},
  volume={18},
  number={17},
  pages={4},
  year={2023},
  publisher={International Association of Online Engineering (IAOE)},
  doi={https://doi.org/10.3991/ijet.v18i17.39019}
}

@article{luo2024critical,
  title={A critical review of GenAI policies in higher education assessment: A call to reconsider the “originality” of students’ work},
  author={Luo, Jiahui},
  journal={Assessment \& Evaluation in Higher Education},
  pages={1--14},
  year={2024},
  publisher={Taylor \& Francis},
  doi={https://doi.org/10.1080/02602938.2024.2309963}
}

@inproceedings{jacovi2021formalizing,
  title={Formalizing trust in artificial intelligence: Prerequisites, causes and goals of human trust in AI},
  author={Jacovi, Alon and Marasovi{\'c}, Ana and Miller, Tim and Goldberg, Yoav},
  booktitle={Proceedings of the 2021 ACM conference on fairness, accountability, and transparency},
  pages={624--635},
  year={2021},
  doi={https://doi.org/10.1145/3442188.3445923}
}

@article{kim2021you,
  title={When do you trust AI? The effect of number presentation detail on consumer trust and acceptance of AI recommendations},
  author={Kim, Jungkeun and Giroux, Marilyn and Lee, Jacob C},
  journal={Psychology \& Marketing},
  volume={38},
  number={7},
  pages={1140--1155},
  year={2021},
  publisher={Wiley Online Library},
  doi={https://doi.org/10.1002/mar.21498}
}

@inproceedings{daly2024sensemaking,
  title={Sensemaking with AI: How Trust Influences Human-AI Collaboration in Health and Creative Industries},
  author={Daly, Sarah J and Hearn, Greg and Papageorgiou, Kyriaki},
  booktitle={ISPIM Innovation Symposium},
  pages={1--11},
  year={2024},
  organization={The International Society for Professional Innovation Management (ISPIM)}
}

@misc{Coffey_2023, 
    title={Most students outrunning faculty in AI use, study finds}, url={https://www.insidehighered.com/news/tech-innovation/artificial-intelligence/2023/10/31/most-students-outrunning-faculty-ai-use}, 
    journal={Inside Higher Ed | Higher Education News, Events and Jobs},
    author={Coffey, Lauren}, 
    year={2023}, 
    month={Oct}
} 

@article{mishra2024generative,
  title={Generative AI, Teacher Knowledge and Educational Research: Bridging Short-and Long-Term Perspectives},
  author={Mishra, Punya and Oster, Nicole and Henriksen, Danah},
  journal={TechTrends},
  volume={68},
  number={2},
  pages={205--210},
  year={2024},
  publisher={Springer},
  doi={https://doi.org/10.1007/s11528-024-00938-1}
}

@article{sullivan2023chatgpt,
  title={ChatGPT in higher education: Considerations for academic integrity and student learning},
  author={Sullivan, Miriam and Kelly, Andrew and McLaughlan, Paul},
  year={2023},
  publisher={Kaplan Higher Education Academy, Singapore},
  doi={https://doi.org/10.37074/jalt.2023.6.1.17},
  journal={Journal of Applied Learning \& Teaching}
}

@article{van2023chatgpt,
  title={ChatGPT and generative AI: Possibilities for its contribution to lesson planning, critical thinking and openness in teacher education},
  author={van den Berg, Geesje and du Plessis, Elize},
  journal={Education Sciences},
  volume={13},
  number={10},
  pages={998},
  year={2023},
  publisher={MDPI},
  doi={https://doi.org/10.3390/educsci13100998}
}

@misc{polarizedAI2023,
  author = {D’Agostino, Susan},
  title = {Why Professors Are Polarized on AI},
  year = {2023},
  howpublished = {\url{https://www.insidehighered.com/news/tech-innovation/artificial-intelligence/2023/09/13/why-faculty-members-are-polarized-ai}},
  note = {Accessed: 2023-09-13}
}

@misc{ChatGPT,
  author = {{OpenAI}},
  title = {ChatGPT},
  year = {2024},
  howpublished = {\url{https://openai.com/chatgpt}},
  note = {Accessed: 2024-09-07}
}

@article{beccerra1999trust,
  title={Trust within the organization: Integrating the trust literature with agency theory and transaction costs economics},
  author={Beccerra, Manuel and Gupta, Anil K},
  journal={Public Administration Quarterly},
  pages={177--203},
  year={1999},
  publisher={JSTOR},
doi={https://www.jstor.org/stable/40861779}
}

@article{adeshola2023opportunities,
  title={The opportunities and challenges of ChatGPT in education},
  author={Adeshola, Ibrahim and Adepoju, Adeola Praise},
  journal={Interactive Learning Environments},
  pages={1--14},
  year={2023},
  publisher={Taylor \& Francis},
  doi={https://doi.org/10.1080/10494820.2023.2253858}
}

@article{ayanwale2024exploring,
  title={Exploring STEAM teachers’ trust in AI-based educational technologies: A structural equation modelling approach},
  author={Ayanwale, Musa Adekunle and Adelana, Owolabi Paul and Odufuwa, Tolulope Timothy},
  journal={Discover Education},
  volume={3},
  number={1},
  pages={1--22},
  year={2024},
  publisher={Springer},
  doi={https://doi.org/10.1007/s44217-024-00092-z}
}

@misc{dagostino_2023, 
    title={Why faculty members are polarized on AI},
    url={https://www.insidehighered.com/news/tech-innovation/artificial-intelligence/2023/09/13/why-faculty-members-are-polarized-ai}, 
    journal={Inside Higher Ed | Higher Education News, Events and Jobs}, 
    author={D’Agostino, Susan}, 
    year={2023}, 
    month={Sep}
} 

@misc{Bamberg_2024, 
    title={Teacher-Student Trust Is Eroding Because Of AI; But It Doesn’t Have To}, 
    url={https://pedagog.ai/trust-in-the-age-of-ai/}, journal={Pedagog.ai}, 
    author={Bamberg, Nina}, 
    year={2024}, 
    month={Mar}
} 

@inproceedings{bhattacharjee2024towards,
  title={Towards llm-guided causal explainability for black-box text classifiers},
  author={Bhattacharjee, Amrita and Moraffah, Raha and Garland, Joshua and Liu, Huan},
  booktitle={AAAI 2024 Workshop on Responsible Language Models, Vancouver, BC, Canada},
  year={2024},
doi={
https://doi.org/10.48550/arXiv.2309.13340}
}

@article{sarker2024llm,
  title={LLM potentiality and awareness: a position paper from the perspective of trustworthy and responsible AI modeling},
  author={Sarker, Iqbal H},
  journal={Discover Artificial Intelligence},
  volume={4},
  number={1},
  pages={40},
  year={2024},
  publisher={Springer},
  doi={https://doi.org/10.1007/s44163-024-00129-0}
}





@inproceedings{dorton2022adaptations,
  title={Adaptations to trust incidents with artificial intelligence},
  author={Dorton, Stephen L and Harper, Samantha B and Neville, Kelly J},
  booktitle={Proceedings of the Human Factors and Ergonomics Society Annual Meeting},
  volume={66},
  number={1},
  pages={95--99},
  year={2022},
  organization={SAGE Publications Sage CA: Los Angeles, CA},
  doi={https://doi.org/10.1177/1071181322661146}
}

@article{choudhury2023investigating,
  title={Investigating the impact of user trust on the adoption and use of ChatGPT: survey analysis},
  author={Choudhury, Avishek and Shamszare, Hamid},
  journal={Journal of Medical Internet Research},
  volume={25},
  pages={e47184},
  year={2023},
  publisher={JMIR Publications Toronto, Canada},
  doi={https://doi.org/10.2196/47184}
}

@article{wang2024critical,
  title={Critical analysis of the technological affordances, challenges and future directions of Generative AI in education: a systematic review},
  author={Wang, Nan and Wang, Xiao and Su, Yu-Sheng},
  journal={Asia Pacific Journal of Education},
  volume={44},
  number={1},
  pages={139--155},
  year={2024},
  publisher={Taylor \& Francis},
  doi={https://doi.org/10.1080/02188791.2024.2305156}
}

@article{yusuf2024implementing,
  title={Implementing a proposed framework for enhancing critical thinking skills in synthesizing AI-generated texts},
  author={Yusuf, Abdullahi and Bello, Shamsudeen and Pervin, Nasrin and Tukur, Abdullahi Kadage},
  journal={Thinking Skills and Creativity},
  pages={101619},
  year={2024},
  publisher={Elsevier},
doi={https://doi.org/10.1016/j.tsc.2024.101619}
}

@article{jaidka2024misinformation,
  title={Misinformation, Disinformation, and Generative AI: Implications for Perception and Policy},
  author={Jaidka, Kokil and Chen, Tsuhan and Chesterman, Simon and Hsu, Wynne and Kan, Min-Yen and Kankanhalli, Mohan and Lee, Mong Li and Seres, Gyula and Sim, Terence and Taeihagh, Araz and others},
  journal={Digital Government: Research and Practice},
  year={2024},
  publisher={ACM New York, NY},
doi={
https://doi.org/10.1145/3689372}
}

@article{yusuf2024generative,
  title={Generative AI and the future of higher education: a threat to academic integrity or reformation? Evidence from multicultural perspectives},
  author={Yusuf, Abdullahi and Pervin, Nasrin and Rom{\'a}n-Gonz{\'a}lez, Marcos},
  journal={International Journal of Educational Technology in Higher Education},
  volume={21},
  number={1},
  pages={21},
  year={2024},
  publisher={Springer},
doi={
https://doi.org/10.1186/s41239-024-00453-6}
}

@article{abdelwahab2023business,
  title={Business students’ perceptions of Dutch higher educational institutions in preparing them for artificial intelligence work environments},
  author={Abdelwahab, Hanna Rahma and Rauf, Abdul and Chen, Dadi},
  journal={Industry and Higher Education},
  volume={37},
  number={1},
  pages={22--34},
  year={2023},
  publisher={SAGE Publications Sage UK: London, England},
doi={
https://doi.org/10.1177/09504222221087614}
}

@article{klingbeil2024trust,
  title={Trust and reliance on AI—An experimental study on the extent and costs of overreliance on AI},
  author={Klingbeil, Artur and Gr{\"u}tzner, Cassandra and Schreck, Philipp},
  journal={Computers in Human Behavior},
  volume={160},
  pages={108352},
  year={2024},
  publisher={Elsevier},
doi={
https://doi.org/10.1016/j.chb.2024.108352}
}

@article{benamati2010productive,
  title={The productive tension of trust and distrust: the coexistence and relative role of trust and distrust in online banking},
  author={Benamati, John “Skip” and Serva, Mark A and Fuller, Mark A},
  journal={Journal of Organizational Computing and Electronic Commerce},
  volume={20},
  number={4},
  pages={328--346},
  year={2010},
  publisher={Taylor \& Francis},
doi={https://doi.org/10.1080/10919392.2010.516632}
}

@article{chowdhary2020natural,
  title={Natural language processing},
  author={Chowdhary, KR1442 and Chowdhary, KR},
  journal={Fundamentals of Artificial Intelligence},
  pages={603--649},
  year={2020},
  publisher={Springer},
doi={https://doi.org/10.1007/978-81-322-3972-7_19
}
}

@inproceedings{zhang2021mapping,
  title={Mapping the landscape of COVID-19 crisis visualizations},
  author={Zhang, Yixuan and Sun, Yifan and Padilla, Lace and Barua, Sumit and Bertini, Enrico and Parker, Andrea G},
  booktitle={Proceedings of the 2021 CHI conference on human factors in computing systems},
  pages={1--23},
  year={2021},
doi={https://doi.org/10.1145/3411764.3445381}
}

@inproceedings{zhang2020effect,
  title={Effect of confidence and explanation on accuracy and trust calibration in AI-assisted decision making},
  author={Zhang, Yunfeng and Liao, Q Vera and Bellamy, Rachel KE},
  booktitle={Proceedings of the 2020 conference on fairness, accountability, and transparency},
  pages={295--305},
  year={2020},
  doi={https://doi.org/10.1145/3351095.3372852}
}

@article{okamura2020adaptive,
  title={Adaptive trust calibration for human-AI collaboration},
  author={Okamura, Kazuo and Yamada, Seiji},
  journal={Plos One},
  volume={15},
  number={2},
  pages={e0229132},
  year={2020},
  publisher={Public Library of Science San Francisco, CA USA},
  doi={https://doi.org/10.1371/journal.pone.0229132}
}

@article{andreadis2024mixed,
  title={Mixed methods assessment of the influence of demographics on medical advice of ChatGPT},
  author={Andreadis, Katerina and Newman, Devon R and Twan, Chelsea and Shunk, Amelia and Mann, Devin M and Stevens, Elizabeth R},
  journal={Journal of the American Medical Informatics Association},
  pages={ocae086},
  year={2024},
  publisher={Oxford University Press},
  doi={https://doi.org/10.1093/jamia/ocae086}
}

@article{bodani2023knowledge,
  title={Knowledge, attitude, and practices of general population toward utilizing ChatGPT: A cross-sectional study},
  author={Bodani, Nikita and Lal, Abhishek and Maqsood, Afsheen and Altamash, Sara and Ahmed, Naseer and Heboyan, Artak},
  journal={SAGE Open},
  volume={13},
  number={4},
  pages={21582440231211079},
  year={2023},
  publisher={SAGE Publications Sage CA: Los Angeles, CA},
  doi={https://doi.org/10.1177/21582440231211079}
}

@misc{gaiHarvard, 
    url={https://huit.harvard.edu/ai}, 
    journal={Generative Artificial Intelligence (AI)},
    author={{Harvard University}},
    title={Generative Artificial Intelligence (AI)},
    year={2024},
    note={Accessed: 2024-09-09},
} 

@misc{tyton_press_2023, 
    title={Artificial Intelligence in higher education: Trick or treat?}, 
    url={https://tytonpartners.com/artificial-intelligence-in-higher-education-trick-or-treat/}, 
    journal={Tyton Partners}, 
    publisher={Tyton Partners}, 
    author={Fox, Kristen and Shaw, Catherine}, 
    year={2023}, 
    month={Nov}} 

@misc{AsuGai2, 
url={https://provost.asu.edu/generative-ai}, journal={ASU},
author={Arizona State University},
note={Accessed: 2024-09-09},
title={Generative AI},
year={2024},
} 

@article{fairweather2002mythologies,
  title={The mythologies of faculty productivity: Implications for institutional policy and decision making},
  author={Fairweather, James S},
  journal={The Journal of Higher Education},
  volume={73},
  number={1},
  pages={26--48},
  year={2002},
  publisher={Taylor \& Francis},
  doi={https://doi.org/10.1080/00221546.2002.11777129}
}

@article{jones2012faculty,
  title={Faculty involvement in institutional governance: A literature review.},
  author={Jones, Willis A},
  journal={Journal of the Professoriate},
  volume={6},
  number={1},
  year={2012}
}

@article{min2023development,
  title={The development and validation of an interpersonal distrust scale},
  author={Min, Hanyi and Zickar, Michael J},
  journal={Journal of Business and Psychology},
  volume={38},
  number={5},
  pages={1099--1120},
  year={2023},
  publisher={Springer},
  doi={https://doi.org/10.1007/s10869-022-09854-8}
}

@article{chen2020review,
  title={A review: Knowledge reasoning over knowledge graph},
  author={Chen, Xiaojun and Jia, Shengbin and Xiang, Yang},
  journal={Expert Systems With Applications},
  volume={141},
  pages={112948},
  year={2020},
  publisher={Elsevier},
doi={https://doi.org/10.1016/j.eswa.2019.112948}
}

@incollection{oviatt2018multimodal,
  title={Multimodal learning analytics: Assessing learners' mental state during the process of learning},
  author={Oviatt, Sharon and Grafsgaard, Joseph and Chen, Lei and Ochoa, Xavier},
  booktitle={The Handbook of Multimodal-Multisensor Interfaces: Signal Processing, Architectures, and Detection of Emotion and Cognition-Volume 2},
  pages={331--374},
  year={2018},
doi={https://doi.org/10.1145/3107990.3108003}
}

@article{feuerriegel2024generative,
  title={Generative AI},
  author={Feuerriegel, Stefan and Hartmann, Jochen and Janiesch, Christian and Zschech, Patrick},
  journal={Business \& Information Systems Engineering},
  volume={66},
  number={1},
  pages={111--126},
  year={2024},
  publisher={Springer},
  doi={https://doi.org/10.1007/s12599-023-00834-7}
}

@article{schmid2023importance,
  title={The importance of an ethical framework for trust calibration in AI},
  author={Schmid, Amelie and Wiesche, Manuel},
  journal={IEEE Intelligent Systems},
  year={2023},
  publisher={IEEE},
  doi={10.1109/MIS.2023.3320443}
}

@article{marangunic2015technology,
  title={Technology acceptance model: a literature review from 1986 to 2013},
  author={Maranguni{\'c}, Nikola and Grani{\'c}, Andrina},
  journal={Universal access in the information society},
  volume={14},
  pages={81--95},
  year={2015},
  publisher={Springer},
  doi={https://doi.org/10.1007/s10209-014-0348-1}
}

@inproceedings{wischnewski2023measuring,
  title={Measuring and understanding trust calibrations for automated systems: a survey of the state-of-the-art and future directions},
  author={Wischnewski, Magdalena and Kr{\"a}mer, Nicole and M{\"u}ller, Emmanuel},
  booktitle={Proceedings of the 2023 CHI Conference on Human Factors in Computing Systems},
  pages={1--16},
  year={2023},
  doi={https://doi.org/10.1145/3544548.3581197}
}

@book{apple2009routledge,
  title={The Routledge international handbook of the sociology of education},
  author={Apple, Michael W and Ball, Stephen J and Gandin, Lu{\'\i}s Armando},
  year={2009},
  publisher={Routledge}
}

@book{selwyn2013distrusting,
  title={Distrusting educational technology: Critical questions for changing times},
  author={Selwyn, Neil},
  year={2013},
  publisher={Routledge}
}

@article{faranda2015effects,
  title={The effects of instructor service performance, immediacy, and trust on student--faculty out-of-class communication},
  author={Faranda, William T},
  journal={Marketing Education Review},
  volume={25},
  number={2},
  pages={83--97},
  year={2015},
  publisher={Taylor \& Francis},
  doi={https://doi.org/10.1080/10528008.2015.1029853}
}

@article{hensel1992storytelling,
  title={Storytelling as a method for teaching values and attitudes},
  author={Hensel, William A and Rasco, Teresa L},
  journal={Academic medicine},
  volume={67},
  number={8},
  pages={500--4},
  year={1992},
  publisher={LWW}
}

@article{cobern1993constructivism,
  title={Constructivism},
  author={Cobern, William W},
  journal={Journal of Educational and Psychological Consultation},
  volume={4},
  number={1},
  pages={105--112},
  year={1993},
  publisher={Taylor \& Francis},
  doi={https://doi.org/10.1207/s1532768xjepc0401_8}
}

@article{stohr2024perceptions,
  title={Perceptions and usage of AI chatbots among students in higher education across genders, academic levels and fields of study},
  author={St{\"o}hr, Christian and Ou, Amy Wanyu and Malmstr{\"o}m, Hans},
  journal={Computers and Education: Artificial Intelligence},
  volume={7},
  pages={100259},
  year={2024},
  publisher={Elsevier},
  doi={https://doi.org/10.1016/j.caeai.2024.100259}
}

@article{gruenhagen2024rapid,
  title={The rapid rise of generative AI and its implications for academic integrity: Students’ perceptions and use of chatbots for assistance with assessments},
  author={Gruenhagen, Jan Henrik and Sinclair, Peter M and Carroll, Julie-Anne and Baker, Philip RA and Wilson, Ann and Demant, Daniel},
  journal={Computers and Education: Artificial Intelligence},
  volume={7},
  pages={100273},
  year={2024},
  publisher={Elsevier},
  doi={https://doi.org/10.1016/j.caeai.2024.100273}
}

@article{espartinez2024exploring,
  title={Exploring student and teacher perceptions of ChatGPT use in higher education: A Q-Methodology study},
  author={Espartinez, Alma S},
  journal={Computers and Education: Artificial Intelligence},
  volume={7},
  pages={100264},
  year={2024},
  publisher={Elsevier},
  doi={https://doi.org/10.1016/j.caeai.2024.100264}
}

@article{baek2024chatgpt,
  title={“ChatGPT seems too good to be true”: College students’ use and perceptions of generative AI},
  author={Baek, Clare and Tate, Tamara and Warschauer, Mark},
  journal={Computers and Education: Artificial Intelligence},
  volume={7},
  pages={100294},
  year={2024},
  publisher={Elsevier},
  doi={https://doi.org/10.1016/j.caeai.2024.100294}
}

@article{chan2023deconstructing,
  title={Deconstructing student perceptions of generative AI (GenAI) through an expectancy value theory (EVT)-based instrument},
  author={Chan, Cecilia Ka Yuk and Zhou, Wenxin},
  journal={arXiv preprint arXiv:2305.01186},
  year={2023},
  doi={
https://doi.org/10.48550/arXiv.2305.01186
}
}

@inproceedings{khan2024path,
  title={Path to Personalization: A Systematic Review of GenAI in Engineering Education},
  author={Khan, Rubaina and Bhaduri, Sreyoshi and Mackenzie, Tammy and Paul, Animesh and Sankalp, KJ and Sen, Indrani},
  booktitle={KDD AI4Edu Workshop},
  year={2024},
  doi={ https://hal.science/hal-04673700v1}
}

@article{choudhuri2024guides,
  title={What Guides Our Choices? Modeling Developers' Trust and Behavioral Intentions Towards GenAI},
  author={Choudhuri, Rudrajit and Trinkenreich, Bianca and Pandita, Rahul and Kalliamvakou, Eirini and Steinmacher, Igor and Gerosa, Marco and Sanchez, Christopher and Sarma, Anita},
  journal={arXiv preprint arXiv:2409.04099},
  year={2024},
doi={
https://doi.org/10.48550/arXiv.2409.04099}
}

@article{zhai2024transforming,
  title={Transforming teachers’ roles and agencies in the era of generative ai: Perceptions, acceptance, knowledge, and practices},
  author={Zhai, Xiaoming},
  journal={Journal of Science Education and Technology},
  pages={1--11},
  year={2024},
  publisher={Springer},
doi={https://doi.org/10.1007/s10956-024-10174-0}
}

@inproceedings{saunders2024making,
  title={MAKING SENSE OF GENERATIVE AI: SEEKING TO CATALYSE DIGITAL TRANSFORMATION IN EDUCATION},
  author={Saunders, G and Oradini, F},
  booktitle={EDULEARN24 Proceedings},
  pages={3738--3747},
  year={2024},
  organization={IATED},
doi={https://doi.org/10.21125/edulearn.2024.0959}
}

@article{zhou2024mediating,
  title={The Mediating Role of Generative AI Self-Regulation on Students’ Critical Thinking and Problem-Solving},
  author={Zhou, Xue and Teng, Da and Al-Samarraie, Hosam},
  journal={Education Sciences},
  year={2024},
  publisher={MDPI},
doi={https://doi.org/10.3390/educsci14121302}
}

@incollection{akbar2024revolutionizing,
  title={Revolutionizing Creative Education: The Role of Generative AI in Enhancing Innovation and Learning in Higher Education},
  author={Akbar, Khalida and Nyika, Farai Donald and Mbonye, Vicent},
  booktitle={Impacts of Generative AI on Creativity in Higher Education},
  pages={307--330},
  year={2024},
  publisher={IGI Global}
}

@article{dai2024students,
  title={Why students use or not use generative AI: Student conceptions, concerns, and implications for engineering education},
  author={Dai, Yun},
  journal={Digital Engineering},
  pages={100019},
  year={2024},
  publisher={Elsevier},
  doi={https://doi.org/10.1016/j.dte.2024.100019}
}

@inproceedings{li2024user,
  title={User experience design professionals’ perceptions of generative artificial intelligence},
  author={Li, Jie and Cao, Hancheng and Lin, Laura and Hou, Youyang and Zhu, Ruihao and El Ali, Abdallah},
  booktitle={Proceedings of the CHI Conference on Human Factors in Computing Systems},
  pages={1--18},
  year={2024},
  doi={https://doi.org/10.1145/3613904.3642114}
}

@article{yang2024genai,
  title={GenAI Distortion: The Effect of GenAI Fluency and Positive Affect},
  author={Yang, Xiantong and Zhang, Mengmeng},
  journal={arXiv preprint arXiv:2404.17822},
  year={2024},
  doi={https://doi.org/10.48550/arXiv.2404.17822}
}

@inproceedings{olohunfunmi2024exploring,
  title={Exploring Ethical Dilemmas of AI Generative Tools Among Higher Education Students: A Systematic Review},
  author={Olohunfunmi, Ismail Abdulfatai and Khairuddin, Ahmad Zulfadhli},
  booktitle={International Conference on Innovation \& Entrepreneurship in Computing, Engineering \& Science Education (InvENT 2024)},
  pages={255--275},
  year={2024},
  organization={Atlantis Press},
  doi={10.2991/978-94-6463-589-8_24}
}

@misc{magicschool_ai,
  author = {MagicSchool},
  title = {MagicSchool.ai},
  howpublished = {\url{https://www.magicschool.ai/}},
  note = {Accessed: 2024-12-26},
  year = {2024}
}

@misc{eduaide_ai,
  author = {Eduaide.ai},
  title = {Eduaide.ai},
  howpublished = {\url{https://www.eduaide.ai/}},
  note = {Accessed: 2024-12-26},
  year = {2024}
}

@article{dirks2001role,
  title={The role of trust in organizational settings},
  author={Dirks, Kurt T and Ferrin, Donald L},
  journal={Organization science},
  volume={12},
  number={4},
  pages={450--467},
  year={2001},
  publisher={INFORMS},
  doi={https://doi.org/10.1287/orsc.12.4.450.10640}
}

@article{sitkin1993explaining,
  title={Explaining the limited effectiveness of legalistic “remedies” for trust/distrust},
  author={Sitkin, Sim B and Roth, Nancy L},
  journal={Organization science},
  volume={4},
  number={3},
  pages={367--392},
  year={1993},
  publisher={INFORMS},
  doi={https://doi.org/10.1287/orsc.4.3.367}
}

@article{lewicki1998trust,
  title={Trust and distrust: New relationships and realities},
  author={Lewicki, Roy J and McAllister, Daniel J and Bies, Robert J},
  journal={Academy of management Review},
  volume={23},
  number={3},
  pages={438--458},
  year={1998},
  publisher={Academy of Management Briarcliff Manor, NY 10510},
  doi={https://doi.org/10.2307/259288}
}

@article{schilke2021trust,
  title={Trust in social relations},
  author={Schilke, Oliver and Reimann, Martin and Cook, Karen S},
  journal={Annual Review of Sociology},
  volume={47},
  number={1},
  pages={239--259},
  year={2021},
  publisher={Annual Reviews},
  doi={https://doi.org/10.1146/annurev-soc-082120-082850}
}

@article{niedlich2021comprehensive,
  title={A comprehensive view of trust in education: Conclusions from a systematic literature review},
  author={Niedlich, Sebastian and Kallfa{\ss}, Annika and Pohle, Silvana and Bormann, Inka},
  journal={Review of Education},
  volume={9},
  number={1},
  pages={124--158},
  year={2021},
  publisher={Wiley Online Library},
  doi={https://doi.org/10.1002/rev3.3239}
}

@article{corrigan2010trust,
  title={TRUST US.},
  author={Corrigan, Michael W and Klein, Thomas J and Isaacs, Thelma},
  journal={Journal of Research in Character Education},
  volume={8},
  number={2},
  year={2010}
}

@article{brion2015can,
  title={“Can I trust you with this?” Investigating middle school students’ use of learning supports},
  author={Brion-Meisels, Gretchen},
  journal={Urban Education},
  volume={50},
  number={6},
  pages={718--749},
  year={2015},
  publisher={SAGE Publications Sage CA: Los Angeles, CA},
  doi={https://doi.org/10.1177/0042085914525788}
}

@article{nwana1990intelligent,
  title={Intelligent tutoring systems: an overview},
  author={Nwana, Hyacinth S},
  journal={Artificial Intelligence Review},
  volume={4},
  number={4},
  pages={251--277},
  year={1990},
  publisher={Springer},
  doi={https://doi.org/10.1007/BF00168958}
}

@book{sleeman1982intelligent,
  title={Intelligent tutoring systems},
  author={Sleeman, Derek and Brown, John Seely},
  year={1982},
  publisher={London: Academic Press}
}

@article{nazaretsky2022teachers,
  title={Teachers' trust in AI-powered educational technology and a professional development program to improve it},
  author={Nazaretsky, Tanya and Ariely, Moriah and Cukurova, Mutlu and Alexandron, Giora},
  journal={British journal of educational technology},
  volume={53},
  number={4},
  pages={914--931},
  year={2022},
  publisher={Wiley Online Library},
  doi={https://doi.org/10.1111/bjet.13232}
}

@article{viberg2024explains,
  title={What Explains Teachers’ Trust in AI in Education Across Six Countries?},
  author={Viberg, Olga and Cukurova, Mutlu and Feldman-Maggor, Yael and Alexandron, Giora and Shirai, Shizuka and Kanemune, Susumu and Wasson, Barbara and T{\o}mte, Cathrine and Spikol, Daniel and Milrad, Marcelo and others},
  journal={International Journal of Artificial Intelligence in Education},
  pages={1--29},
  year={2024},
  publisher={Springer},
  doi={https://doi.org/10.1007/s40593-024-00433-x}
}

@incollection{kastania2024building,
  title={Building Trust in AI Education: Addressing Transparency and Ensuring Trustworthiness},
  author={Kastania, Nikoleta Polyxeni ‘Paulina’},
  booktitle={Trust and Inclusion in AI-mediated Education: Where Human Learning Meets Learning Machines},
  pages={73--90},
  year={2024},
  publisher={Springer},
  doi={https://doi.org/10.1007/978-3-031-64487-0_4}
}

@article{wang2020participant,
  title={Participant or spectator? Comprehending the willingness of faculty to use intelligent tutoring systems in the artificial intelligence era},
  author={Wang, Shanyong and Yu, Haotian and Hu, Xianfeng and Li, Jun},
  journal={British Journal of Educational Technology},
  volume={51},
  number={5},
  pages={1657--1673},
  year={2020},
  publisher={Wiley Online Library},
  doi={https://doi.org/10.1111/bjet.12998}
}

@article{qin2020understanding,
  title={Understanding user trust in artificial intelligence-based educational systems: Evidence from China},
  author={Qin, Fen and Li, Kai and Yan, Jianyuan},
  journal={British Journal of Educational Technology},
  volume={51},
  number={5},
  pages={1693--1710},
  year={2020},
  publisher={Wiley Online Library},
  doi={https://doi.org/10.1111/bjet.12994}
}

@article{klein2019technological,
  title={Technological barriers and incentives to learning analytics adoption in higher education: Insights from users},
  author={Klein, Carrie and Lester, Jaime and Rangwala, Huzefa and Johri, Aditya},
  journal={Journal of Computing in Higher Education},
  volume={31},
  pages={604--625},
  year={2019},
  publisher={Springer},
  doi={https://doi.org/10.1007/s12528-019-09210-5}
}

@inproceedings{nazaretsky2022instrument,
  title={An instrument for measuring teachers’ trust in AI-based educational technology},
  author={Nazaretsky, Tanya and Cukurova, Mutlu and Alexandron, Giora},
  booktitle={LAK22: 12th international learning analytics and knowledge conference},
  pages={56--66},
  year={2022},
  doi={https://doi.org/10.1145/3506860.3506866}
}

@article{hoffmann2022training,
  title={Training compute-optimal large language models},
  author={Hoffmann, Jordan and Borgeaud, Sebastian and Mensch, Arthur and Buchatskaya, Elena and Cai, Trevor and Rutherford, Eliza and Casas, Diego de Las and Hendricks, Lisa Anne and Welbl, Johannes and Clark, Aidan and others},
  journal={arXiv preprint arXiv:2203.15556},
  year={2022},
  doi={https://doi.org/10.48550/arXiv.2203.15556}
}

@article{mcdonald2022great,
  title={Great power, great responsibility: Recommendations for reducing energy for training language models},
  author={McDonald, Joseph and Li, Baolin and Frey, Nathan and Tiwari, Devesh and Gadepally, Vijay and Samsi, Siddharth},
  journal={arXiv preprint arXiv:2205.09646},
  year={2022},
  doi={https://doi.org/10.48550/arXiv.2205.09646}
}

@misc{crawford2021atlas,
  title={The Atlas of AI: Power, Politics, and the Planetary Costs of Artificial Intelligence},
  author={Crawford, Kate},
  year={2021},
  publisher={Yale University Press}
}

@article{birhane2021algorithmic,
  title={Algorithmic injustice: a relational ethics approach},
  author={Birhane, Abeba},
  journal={Patterns},
  volume={2},
  number={2},
  year={2021},
  publisher={Elsevier},
  doi={https://doi.org/10.1016/j.patter.2021.100205}
}

@misc{Crawford_2024, 
    title={Generative AI’s environmental costs are soaring - and mostly secret}, 
    url={https://www.nature.com/articles/d41586-024-00478-x}, 
    journal={Nature News}, 
    publisher={Nature Publishing Group}, 
    author={Crawford, Kate}, 
    year={2024}, 
    month={Feb}
} 

@inproceedings{strubell2020energy,
  title={Energy and policy considerations for modern deep learning research},
  author={Strubell, Emma and Ganesh, Ananya and McCallum, Andrew},
  booktitle={Proceedings of the AAAI conference on artificial intelligence},
  volume={34},
  number={09},
  pages={13693--13696},
  year={2020},
  doi={https://doi.org/10.1609/aaai.v34i09.7123}
}

@article{xu2024survey,
  title={A survey of resource-efficient llm and multimodal foundation models},
  author={Xu, Mengwei and Yin, Wangsong and Cai, Dongqi and Yi, Rongjie and Xu, Daliang and Wang, Qipeng and Wu, Bingyang and Zhao, Yihao and Yang, Chen and Wang, Shihe and others},
  journal={arXiv preprint arXiv:2401.08092},
  year={2024},
  doi={https://doi.org/10.48550/arXiv.2401.08092}
}

@article{gou2021knowledge,
  title={Knowledge distillation: A survey},
  author={Gou, Jianping and Yu, Baosheng and Maybank, Stephen J and Tao, Dacheng},
  journal={International Journal of Computer Vision},
  volume={129},
  number={6},
  pages={1789--1819},
  year={2021},
  publisher={Springer},
  doi={https://doi.org/10.1007/s11263-021-01453-z}
}

@article{cao2020overview,
  title={An overview on edge computing research},
  author={Cao, Keyan and Liu, Yefan and Meng, Gongjie and Sun, Qimeng},
  journal={IEEE access},
  volume={8},
  pages={85714--85728},
  year={2020},
  publisher={IEEE},
  doi={10.1109/ACCESS.2020.2991734}
}

@article{singh2023exploring,
  title={Exploring computer science students’ perception of ChatGPT in higher education: A descriptive and correlation study},
  author={Singh, Harpreet and Tayarani-Najaran, Mohammad-Hassan and Yaqoob, Muhammad},
  journal={Education Sciences},
  volume={13},
  number={9},
  pages={924},
  year={2023},
  publisher={MDPI},
  doi={https://doi.org/10.3390/educsci13090924}
}

@article{farhi2023analyzing,
  title={Analyzing the students' views, concerns, and perceived ethics about chat GPT usage},
  author={Farhi, Faycal and Jeljeli, Riadh and Aburezeq, Ibtehal and Dweikat, Fawzi Fayez and Al-shami, Samer Ali and Slamene, Radouane},
  journal={Computers and Education: Artificial Intelligence},
  pages={100180},
  year={2023},
  publisher={Elsevier},
  doi={https://doi.org/10.1016/j.caeai.2023.100180}
}

@article{shoufan2023exploring,
  title={Exploring students’ perceptions of ChatGPT: Thematic analysis and follow-up survey},
  author={Shoufan, Abdulhadi},
  journal={IEEE Access},
  volume={11},
  pages={38805--38818},
  year={2023},
  publisher={IEEE},
  doi={10.1109/ACCESS.2023.3268224}
}

@article{romero2023use,
  title={Use of ChatGPT at university as a tool for complex thinking: Students’ perceived usefulness},
  author={Romero-Rodr{\'\i}guez, Jos{\'e}-Mar{\'\i}a and Ram{\'\i}rez-Montoya, Mar{\'\i}a-Soledad and Buenestado-Fern{\'a}ndez, Mariana and Lara-Lara, Fernando},
  journal={Journal of New Approaches in Educational Research},
  volume={12},
  number={2},
  pages={323--339},
  year={2023},
  publisher={Springer},
  doi={https://doi.org/10.7821/naer.2023.7.1458}
}

@article{albayati2024investigating,
  title={Investigating undergraduate students' perceptions and awareness of using ChatGPT as a regular assistance tool: A user acceptance perspective study},
  author={Albayati, Hayder},
  journal={Computers and Education: Artificial Intelligence},
  volume={6},
  pages={100203},
  year={2024},
  publisher={Elsevier},
  doi={https://doi.org/10.1016/j.caeai.2024.100203}
}

@article{beege2024ai,
  title={AI in STEM education: The relationship between teacher perceptions and ChatGPT use},
  author={Beege, Maik and Hug, Christopher and Nerb, Josef},
  journal={Computers in Human Behavior Reports},
  volume={16},
  pages={100494},
  year={2024},
  publisher={Elsevier},
  doi={https://doi.org/10.1016/j.chbr.2024.100494}
}

@article{davis1989technology,
  title={Technology acceptance model},
  author={Davis, Fred D and Bagozzi, RP and Warshaw, PR},
  journal={J Manag Sci},
  volume={35},
  number={8},
  pages={982--1003},
  year={1989},
  publisher={Springer}
}

@article{kang2021sample,
  title={Sample size determination and power analysis using the G* Power software},
  author={Kang, Hyun},
  journal={Journal of educational evaluation for health professions},
  volume={18},
  year={2021},
  publisher={Korea Health Personnel Licensing Examination Institute}
}