@MISC{african_licenses,
        KEY = {Aubra Anthony, Lakshmee Sharma, and Elina Noor, 2024},
        TITLE = {Advancing a More Global Agenda for Trustworthy Artificial Intelligence.},
        HOWPUBLISHED = {Carnegie Endowment for International Peace, \url{https://carnegieendowment.org/research/2024/04/advancing-a-more-global-agenda-for-trustworthy-artificial-intelligence?lang=en}},
        YEAR = {Accessed February 2025}
}

@article{biswas2003semi,
  title={Semi-supervised development of ASR systems for multilingual code-switched speech in under-resourced languages. arXiv 2020},
  author={Biswas, A and Y{\i}lmaz, E and De Wet, F and van der Westhuizen, E and Niesler, T},
  journal={arXiv preprint arXiv:2003.03135}
}

@article{emezue2023afrodigits,
  title={AfroDigits: A Community-Driven Spoken Digit Dataset for African Languages},
  author={Emezue, Chris Chinenye and Gandhi, Sanchit and Tunstall, Lewis and Abid, Abubakar and Meyer, Josh and Lhoest, Quentin and Allen, Pete and Von Platen, Patrick and Kiela, Douwe and Jernite, Yacine and others},
  journal={arXiv preprint arXiv:2303.12582},
  year={2023}
}

@inproceedings{louw2001african,
  title={African speech technology (AST) telephone speech databases: corpus design and contents.},
  author={Louw, Philippa H and Roux, Justus C and Botha, Elizabeth C},
  booktitle={INTERSPEECH},
  pages={2055--2058},
  year={2001}
}

@article{meyer2022bibletts,
  title={Bibletts: a large, high-fidelity, multilingual, and uniquely african speech corpus},
  author={Meyer, Josh and Adelani, David Ifeoluwa and Casanova, Edresson and {\"O}ktem, Alp and Weber, Daniel Whitenack Julian and Kabongo, Salomon and Salesky, Elizabeth and Orife, Iroro and Leong, Colin and Ogayo, Perez and others},
  journal={arXiv preprint arXiv:2207.03546},
  year={2022}
}

@article{nekotoparticipatory,
  title={Participatory Translations of Oshiwambo: Towards Culture Preservation with Language Technology},
  author={Nekoto, Wilhelmina Onyothi and Kreutzer, Julia and Rajab, Jenalea and Ochieng, Millicent and Abbott, Jade}
}

@article{ogun20241000,
  title={1000 African Voices: Advancing inclusive multi-speaker multi-accent speech synthesis},
  author={Ogun, Sewade and Owodunni, Abraham T and Olatunji, Tobi and Alese, Eniola and Oladimeji, Babatunde and Afonja, Tejumade and Olaleye, Kayode and Etori, Naome A and Adewumi, Tosin},
  journal={arXiv preprint arXiv:2406.11727},
  year={2024}
}

@article{olatunji2023afrispeech,
  title={Afrispeech-200: Pan-african accented speech dataset for clinical and general domain asr},
  author={Olatunji, Tobi and Afonja, Tejumade and Yadavalli, Aditya and Emezue, Chris Chinenye and Singh, Sahib and Dossou, Bonaventure FP and Osuchukwu, Joanne and Osei, Salomey and Tonja, Atnafu Lambebo and Etori, Naome and others},
  journal={Transactions of the Association for Computational Linguistics},
  volume={11},
  pages={1669--1685},
  year={2023},
  publisher={MIT Press One Broadway, 12th Floor, Cambridge, Massachusetts 02142, USA~â€¦}
}

@article{strom2018linguistic,
  title={Linguistic and sociolinguistic aspects of variation in the Eastern Cape: Complexities of Xhosa language use},
  author={Str{\"o}m, Eva-Marie Bloom},
  journal={Studia Orientalia Electronica},
  volume={6},
  pages={90--120},
  year={2018}
}

@inproceedings{van2017synthesising,
  title={Synthesising isiZulu-English Code-Switch Bigrams Using Word Embeddings.},
  author={Van Der Westhuizen, Ewald and Niesler, Thomas},
  booktitle={INTERSPEECH},
  pages={72--76},
  year={2017}
}

@article{wanjawa2022kencorpus,
  title={Kencorpus: A kenyan language corpus of swahili, dholuo and luhya for natural language processing tasks},
  author={Wanjawa, Barack and Wanzare, Lilian and Indede, Florence and McOnyango, Owen and Ombui, Edward and Muchemi, Lawrence},
  journal={arXiv preprint arXiv:2208.12081},
  year={2022}
}

