% RLC main.bib Version 2024.1
@phdthesis{tsitsiklis_1985,
  title   = {Problems in decentralized decision making and computation},
  author  = {Tsitsiklis, John N},
  advisor = {Michael Athans.},
  school  = {Massachusetts Institute of Technology},
  publisher = {Massachusetts Institute of Technology},
  subject = {Electrical Engineering and Computer Science},
  year    = {1985}
}

@inproceedings{tan_1993,
  title = {Multi-Agent Reinforcement Learning: {{Independent}} vs. {{Cooperative}} Agents},
  booktitle = {In Proceedings of the Tenth International Conference on Machine Learning},
  author = {Tan, Ming},
  year = {1993},
  pages = {330--337},
  publisher = {{Morgan Kaufmann}},
}

@inproceedings{claus_1998,
  title = {The Dynamics of Reinforcement Learning in Cooperative Multiagent Systems},
  booktitle = {Proceedings of the Fifteenth {{National}}/{{Tenth}} Conference on Artificial {{Intelligence}}/{{Innovative}} Applications of Artificial Intelligence},
  author = {Claus, Caroline and Boutilier, Craig},
  year = {1998},
  pages = {746--752},
  publisher = {{American Association for Artificial Intelligence}},
  address = {{USA}},
  isbn = {0-262-51098-7},
  series = {{{AAAI}} '98/{{IAAI}} '98}
}

@inproceedings{guestrin_2002,
    author = {Guestrin, Carlos and Lagoudakis, Michail G. and Parr, Ronald},
    title = {Coordinated Reinforcement Learning},
    year = {2002},
    booktitle = {Proceedings of the Nineteenth International Conference on Machine Learning},
    pages = {227–234},
    numpages = {8},
    series = {ICML '02}
}

@inproceedings{xiao_2003,
  author={Lin Xiao and Boyd, S.},
  booktitle={42nd IEEE International Conference on Decision and Control (IEEE Cat. No.03CH37475)}, 
  title={Fast linear iterations for distributed averaging}, 
  year={2003},
  volume={5},
  number={},
  pages={4997-5002 Vol.5}}

@article{kok_2006,
    author = {Kok, Jelle R. and Vlassis, Nikos},
    title = {Collaborative Multiagent Reinforcement Learning by Payoff Propagation},
    year = {2006},
    issue_date = {12/1/2006},
    publisher = {JMLR.org},
    volume = {7},
    issn = {1532-4435},
    journal = {J. Mach. Learn. Res.},
    month = dec,
    pages = {1789–1828},
    numpages = {40}
} 

@article{xiao_2007,
    title = {Distributed average consensus with least-mean-square deviation},
    journal = {Journal of Parallel and Distributed Computing},
    volume = {67},
    number = {1},
    pages = {33-46},
    year = {2007},
    issn = {0743-7315},
    author = {Lin Xiao and Stephen Boyd and Seung-Jean Kim},
}

@article{forero_2010,
    author = {Forero, Pedro A. and Cano, Alfonso and Giannakis, Georgios B.},
    title = {Consensus-Based Distributed Support Vector Machines},
    year = {2010},
    issue_date = {3/1/2010},
    publisher = {JMLR.org},
    volume = {11},
    issn = {1532-4435},
    journal = {J. Mach. Learn. Res.},
    month = {aug},
    pages = {1663–1707},
    numpages = {45}
}

@article{dall-anese_2013,
  author={Dall'Anese, Emiliano and Zhu, Hao and Giannakis, Georgios B.},
  journal={IEEE Transactions on Smart Grid}, 
  title={Distributed Optimal Power Flow for Smart Microgrids}, 
  year={2013},
  volume={4},
  number={3},
  pages={1464-1475},
  doi={10.1109/TSG.2013.2248175}
}

@inproceedings{kingma_2014,
    author       = {Diederik P. Kingma and Jimmy Ba}, 
    editor       = {Yoshua Bengio and Yann LeCun},
    title        = {Adam: {A} Method for Stochastic Optimization},
    booktitle    = {3rd International Conference on Learning Representations, {ICLR} 2015,
                  San Diego, CA, USA, May 7-9, 2015, Conference Track Proceedings},
    year         = {2015}
}

@article{mnih_2015,
    author    = {Mnih, Volodymyr and Kavukcuoglu, Koray and Silver, David and Graves, Alex and Antonoglou, Ioannis and Wierstra, Daan and Riedmiller, Martin},
    title     = {Playing Atari with Deep Reinforcement Learning},
    journal   = {Nature},
    year={2015},
    volume={518},
    number={7540},
    pages={529-533}
}

@book{goodfellow_2016,
  title                    = {Deep Learning},
  author                   = {Ian J. Goodfellow and Yoshua Bengio and Aaron Courville},
  publisher                = {MIT Press},
  year                     = {2016},
  address                  = {Cambridge, MA, USA},
  note                     = {\url{http://www.deeplearningbook.org}}
}

@inproceedings{lillicrap_2016,
  author       = {Timothy P. Lillicrap and
                  Jonathan J. Hunt and
                  Alexander Pritzel and
                  Nicolas Heess and
                  Tom Erez and
                  Yuval Tassa and
                  David Silver and
                  Daan Wierstra},
  editor       = {Yoshua Bengio and
                  Yann LeCun},
  title        = {Continuous control with deep reinforcement learning},
  booktitle    = {4th International Conference on Learning Representations, {ICLR} 2016,
                  San Juan, Puerto Rico, May 2-4, 2016, Conference Track Proceedings},
  year         = {2016},
}

@book{oliehoek_2016,
  title = {A {{Concise Introduction}} to {{Decentralized POMDPs}}},
  author = {Oliehoek, Frans A. and Amato, Christopher},
  year = {2016},
  publisher = {{Springer International Publishing}},
  address = {{Cham}},
  language = {en},
  series = {{{SpringerBriefs}} in {{Intelligent Systems}}}
}

@article{levine_2016,
    author = {Sergey Levine and Peter Pastor and Alex Krizhevsky and Julian Ibarz and Deirdre Quillen},
    title ={Learning hand-eye coordination for robotic grasping with deep learning and large-scale data collection},
    journal = {The International Journal of Robotics Research},
    volume = {37},
    number = {4-5},
    pages = {421-436},
    year = {2018}
}

@inproceedings{mnih_2016,
  title = 	 {Asynchronous Methods for Deep Reinforcement Learning},
  author = 	 {Mnih, Volodymyr and Badia, Adria Puigdomenech and Mirza, Mehdi and Graves, Alex and Lillicrap, Timothy and Harley, Tim and Silver, David and Kavukcuoglu, Koray},
  booktitle = 	 {Proceedings of The 33rd International Conference on Machine Learning},
  pages = 	 {1928--1937},
  year = 	 {2016},
  editor = 	 {Balcan, Maria Florina and Weinberger, Kilian Q.},
  volume = 	 {48},
  series = 	 {Proceedings of Machine Learning Research},
  address = 	 {New York, New York, USA},
  month = 	 {20--22 Jun},
  publisher =    {PMLR},
}

@inproceedings{gupta_2017,
    author="Gupta, Jayesh K.
    and Egorov, Maxim
    and Kochenderfer, Mykel",
    editor="Sukthankar, Gita
    and Rodriguez-Aguilar, Juan A.",
    title="Cooperative Multi-agent Control Using Deep Reinforcement Learning",
    booktitle="Autonomous Agents and Multiagent Systems",
    year="2017",
    publisher="Springer International Publishing",
    address="Cham",
    pages="66--83",
    isbn="978-3-319-71682-4"
}

@inproceedings{jiang_2017,
author = {Jiang, Zhanhong and Balu, Aditya and Hegde, Chinmay and Sarkar, Soumik},
title = {Collaborative Deep Learning in Fixed Topology Networks},
year = {2017},
isbn = {9781510860964},
publisher = {Curran Associates Inc.},
address = {Red Hook, NY, USA},
booktitle = {Proceedings of the 31st International Conference on Neural Information Processing Systems},
pages = {5906–5916},
numpages = {11},
location = {Long Beach, California, USA},
series = {NIPS'17}
}

@article{lowe_2017,
      title={Multi-Agent Actor-Critic for Mixed Cooperative-Competitive Environments},
      author={Lowe, Ryan and Wu, Yi and Tamar, Aviv and Harb, Jean and Abbeel, Pieter and Mordatch, Igor},
      journal={Neural Information Processing Systems (NIPS)},
      year={2017}
}
@inproceedings{henderson_2018,
author = {Henderson, Peter and Islam, Riashat and Bachman, Philip and Pineau, Joelle and Precup, Doina and Meger, David},
title = {Deep reinforcement learning that matters},
year = {2018},
publisher = {AAAI Press},
booktitle = {Proceedings of the Thirty-Second AAAI Conference on Artificial Intelligence and Thirtieth Innovative Applications of Artificial Intelligence Conference and Eighth AAAI Symposium on Educational Advances in Artificial Intelligence},
articleno = {392},
numpages = {8},
location = {New Orleans, Louisiana, USA},
series = {AAAI'18/IAAI'18/EAAI'18}
}
  
@article{qu_2018,
  author={Qu, Guannan and Li, Na},
  journal={IEEE Transactions on Control of Network Systems}, 
  title={Harnessing Smoothness to Accelerate Distributed Optimization}, 
  year={2018},
  volume={5},
  number={3},
  pages={1245-1260}}

@inproceedings{rashid_2018,  
    title =  {{QMIX}: Monotonic Value Function Factorisation for Deep Multi-Agent Reinforcement Learning},  
    author =       {Rashid, Tabish and Samvelyan, Mikayel and Schroeder, Christian and Farquhar, Gregory and Foerster, Jakob and Whiteson, Shimon},  
    booktitle =  {Proceedings of the 35th International Conference on Machine Learning},  
    pages =  {4295--4304},  
    year =  {2018},  
    editor =  {Dy, Jennifer and Krause, Andreas},  
    volume =  {80},  
    series =  {Proceedings of Machine Learning Research},  
    month =  {10--15 Jul},  
    publisher =    {PMLR}
}
@inproceedings{sunehag_2018,
    author = {Sunehag, Peter and Lever, Guy and Gruslys, Audrunas and Czarnecki, Wojciech Marian and Zambaldi, Vinicius and Jaderberg, Max and Lanctot, Marc and Sonnerat, Nicolas and Leibo, Joel Z. and Tuyls, Karl and Graepel, Thore},
    title = {Value-Decomposition Networks For Cooperative Multi-Agent Learning Based On Team Reward},
    year = {2018},
    publisher = {International Foundation for Autonomous Agents and Multiagent Systems},
    address = {Richland, SC},
    booktitle = {Proceedings of the 17th International Conference on Autonomous Agents and MultiAgent Systems},
    pages = {2085–2087},
    numpages = {3},
    location = {Stockholm, Sweden},
    series = {AAMAS '18}
}

@book{sutton_2018,
  title={Reinforcement Learning: An Introduction},
  author={Sutton, R.S. and Barto, A.G.},
  isbn={9780262039246},
  lccn={2018023826},
  series={Adaptive Computation and Machine Learning series},
  year={2018},
  publisher={MIT Press}
}

@inproceedings{zhang_2018,
  title = 	 {Fully Decentralized Multi-Agent Reinforcement Learning with Networked Agents},
  author =       {Zhang, Kaiqing and Yang, Zhuoran and Liu, Han and Zhang, Tong and Basar, Tamer},
  booktitle = 	 {Proceedings of the 35th International Conference on Machine Learning},
  pages = 	 {5872--5881},
  year = 	 {2018},
  editor = 	 {Dy, Jennifer and Krause, Andreas},
  volume = 	 {80},
  series = 	 {Proceedings of Machine Learning Research},
  month = 	 {10--15 Jul},
  publisher =    {PMLR},
  address = {Stockholmsmässan, Stockholm},
}

@inproceedings{bohmer_2020,
    author = {B\"{o}hmer, Wendelin and Kurin, Vitaly and Whiteson, Shimon},
    title = {Deep coordination graphs},
    year = {2020},
    booktitle = {Proceedings of the 37th International Conference on Machine Learning},
    articleno = {92},
    numpages = {12},
    series = {ICML'20},
    publisher = {JMLR.org},
    address={},
}

@article{chang_2020,
  author={Chang, Tsung-Hui and Hong, Mingyi and Wai, Hoi-To and Zhang, Xinwei and Lu, Songtao},
  journal={IEEE Signal Processing Magazine}, 
  title={Distributed Learning in the Nonconvex World: From batch data to streaming and beyond}, 
  year={2020},
  volume={37},
  number={3},
  pages={26-38},
 }

@inproceedings{gleave_2020,
  author       = {Adam Gleave and
                  Michael Dennis and
                  Cody Wild and
                  Neel Kant and
                  Sergey Levine and
                  Stuart Russell},
  title        = {Adversarial Policies: Attacking Deep Reinforcement Learning},
  booktitle    = {8th International Conference on Learning Representations, {ICLR} 2020,
                  Addis Ababa, Ethiopia, April 26-30, 2020},
  publisher    = {OpenReview.net},
  year         = {2020},
}

@article{nedic_2020,
  author={Nedic, Angelia},
  journal={IEEE Signal Processing Magazine}, 
  title={Distributed Gradient Methods for Convex Machine Learning Problems in Networks: Distributed Optimization}, 
  year={2020},
  volume={37},
  number={3},
  pages={92-101},
  doi={10.1109/MSP.2020.2975210}}

@inproceedings{sun_2020,
title =  {Finite-Time Analysis of Decentralized Temporal-Difference Learning with Linear Function Approximation},
author =       {Sun, Jun and Wang, Gang and Giannakis, Georgios B. and Yang, Qinmin and Yang, Zaiyue},
booktitle =  {Proceedings of the Twenty Third International Conference on Artificial Intelligence and Statistics},
  pages =  {4485--4495},
  year =  {2020},
  editor =  {Chiappa, Silvia and Calandra, Roberto},
  volume =  {108},
  series =  {Proceedings of Machine Learning Research},
  month =  {26--28 Aug},
  publisher =    {PMLR},
}

@inproceedings{wang_2020,
    author = {Wang, Gang and Lu, Songtao and Giannakis, Georgios B. and Tesauro, Gerald and Sun, Jian},
    title = {Decentralized TD tracking with linear function approximation and its finite-time analysis},
    year = {2020},
    isbn = {9781713829546},
    publisher = {Curran Associates Inc.},
    address = {Red Hook, NY, USA},
    booktitle = {Proceedings of the 34th International Conference on Neural Information Processing Systems},
    articleno = {1154},
    numpages = {11},
    location = {Vancouver, BC, Canada},
    series = {NIPS'20}
}

@article{antonioni_2021,
  author={Antonioni, Emanuele and Suriani, Vincenzo and Riccio, Francesco and Nardi, Daniele},
  journal={IEEE Transactions on Games}, 
  title={Game Strategies for Physical Robot Soccer Players: A Survey}, 
  year={2021},
  volume={13},
  number={4},
  pages={342-357},
}
@article{ibarz_2021,
    author = {Julian Ibarz and Jie Tan and Chelsea Finn and Mrinal Kalakrishnan and Peter Pastor and Sergey Levine},
    title ={How to train your robot with deep reinforcement learning: lessons we have learned},
    journal = {The International Journal of Robotics Research},
    volume = {40},
    number = {4-5},
    pages = {698-721},
    year = {2021},
    doi = {10.1177/0278364920987859},
}

@inproceedings{papoudakis_2021,
     author = {Papoudakis, Georgios and Christianos, Filippos and Sch\"{a}fer, Lukas and Albrecht, Stefano},
     booktitle = {Proceedings of the Neural Information Processing Systems Track on Datasets and Benchmarks},
     editor = {J. Vanschoren and S. Yeung},
     pages = {},
     title = {Benchmarking Multi-Agent Deep Reinforcement Learning Algorithms in Cooperative Tasks},
     volume = {1},
     year = {2021}
}

@book{wichert_2021,
    author = {Wichert, Andreas and Sacouto, Luis},
    year = {2021},
    month = {02},
    pages = {},
    title = {Machine Learning — A Journey to Deep Learning: with Exercises and Answers},
    publisher={World Scientific Pub Co Inc}
}

@inbook{zhang_2021,
    author="Zhang, Kaiqing
    and Yang, Zhuoran
    and Ba{\c{s}}ar, Tamer",
    title="Multi-Agent Reinforcement Learning: A Selective Overview of Theories and Algorithms",
    bookTitle="Handbook of Reinforcement Learning and Control",
    year="2021",
    publisher="Springer International Publishing",
    address="Cham",
    pages="321--384",
    }

@article{robotarium_2021,
  author={Wilson, Sean and Glotfelter, Paul and Wang, Li and Mayya, Siddharth and Notomista, Gennaro and Mote, Mark and Egerstedt, Magnus},
  journal={IEEE Control Systems Magazine}, 
  title={The Robotarium: Globally Impactful Opportunities, Challenges, and Lessons Learned in Remote-Access, Distributed Control of Multirobot Systems}, 
  year={2020},
  volume={40},
  number={1},
  pages={26-44}}

@inproceedings{chen_2022,
    title={Communication-Efficient Actor-Critic Methods for Homogeneous Markov Games},
    author={Dingyang Chen and Yile Li and Qi Zhang},
    booktitle={International Conference on Learning Representations},
    year={2022},
    url={https://openreview.net/forum?id=xy_2w3J3kH}
}

﻿@article{gronauer_2022,
    author={Gronauer, Sven and Diepold, Klaus},
    title={Multi-agent deep reinforcement learning: a survey},
    journal={Artificial Intelligence Review},
    year={2022},
    month={Feb},
    day={01},
    volume={55},
    number={2},
    pages={895-943},
    issn={1573-7462},
}

@article{nazari_2022,
  author={Nazari, Parvin and Tarzanagh, Davoud Ataee and Michailidis, George},
  journal={IEEE Transactions on Signal Processing}, 
  title={DAdam: A Consensus-Based Distributed Adaptive Gradient Method for Online Optimization}, 
  year={2022},
  volume={70},
  number={},
  pages={6065-6079}}

@article{lin_2022,
  author={Lin, Qifeng and Ling, Qing},
  journal={IEEE Signal Processing Letters}, 
  title={Decentralized TD(0) With Gradient Tracking}, 
  year={2021},
  volume={28},
  number={},
  pages={723-727},
  }

@article{carnevale_2023,
  author={Carnevale, Guido and Farina, Francesco and Notarnicola, Ivano and Notarstefano, Giuseppe},
  journal={IEEE Transactions on Control of Network Systems}, 
  title={GTAdam: Gradient Tracking With Adaptive Momentum for Distributed Online Optimization}, 
  year={2023},
  volume={10},
  number={3},
  pages={1436-1448},
  doi={10.1109/TCNS.2022.3232519}}

@article{kayaalp_2023,
  author={Kayaalp, Mert and Ghadieh, Fatima and Sayed, Ali H.},
  journal={IEEE Open Journal of Control Systems}, 
  title={Policy Evaluation in Decentralized POMDPs With Belief Sharing}, 
  year={2023},
  volume={2},
  number={},
  pages={125-145},
  doi={10.1109/OJCSYS.2023.3277760}}

@inproceedings{petric_2023,
author="Petric, Frano
and Peti, Marijana
and Bogdan, Stjepan",
title="Multi-agent Coordination Based on POMDPs and Consensus for Active Perception",
booktitle="Intelligent Autonomous Systems 17",
year="2023",
publisher="Springer Nature Switzerland",
address="Cham",
pages="690--705"}

@inproceedings{torbati_2023,
  author       = {Reza Joseph Torbati and
                  Shubham Lohiya and
                  Shivika Singh and
                  Meher Shashwat Nigam and
                  Harish Ravichandar},
  title        = {{MARBLER:} An Open Platform for Standardized Evaluation of Multi-Robot
                  Reinforcement Learning Algorithms},
  booktitle    = {International Symposium on Multi-Robot and Multi-Agent Systems, {MRS}
                  2023, Boston, MA, USA, December 4-5, 2023},
  pages        = {57--63},
  publisher    = {{IEEE}},
  year         = {2023},
}

@inproceedings{zheng_2023,
    author = {Zheng, Changgang and Rienecker, Benjamin and Zilberman, Noa},
    title = {QCMP: Load Balancing via In-Network Reinforcement Learning},
    year = {2023},
    publisher = {Association for Computing Machinery},
    booktitle = {Proceedings of the 2nd ACM SIGCOMM Workshop on Future of Internet Routing \& Addressing},
    pages = {35–40},
    numpages = {6},
    location = {New York, NY, USA},
    series = {FIRA '23}
}
@inproceedings{santos_2024,
  author       = {Pedro P. Santos and Diogo S. Carvalho and Miguel Vasco and Alberto Sardinha and Pedro A. Santos and Ana Paiva and Francisco S. Melo},
  title        = {Centralized Training with Hybrid Execution in Multi-Agent Reinforcement Learning},
  booktitle    = {Proceedings of the 23rd International Conference on Autonomous Agents and Multiagent Systems, {AAMAS} 2024, Auckland, New Zealand, May 6-10, 2024},
  pages        = {2453--2455},
  publisher    = {International Foundation for Autonomous Agents and Multiagent Systems / {ACM}},
  year         = {2024},
}
%   editor       = {Mehdi Dastani and Jaime Sim{\~{a}}o Sichman and Natasha Alechina and Virginia Dignum},
  % url          = {https://dl.acm.org/doi/10.5555/3635637.3663191},
  % doi          = {10.5555/3635637.3663191},
  % timestamp    = {Wed, 26 Jun 2024 14:06:50 +0200},
  biburl       = {https://dblp.org/rec/conf/atal/SantosCVSS0M24.bib},
  bibsource    = {dblp computer science bibliography, https://dblp.org}
@article{tu_2024,
  author={Tu, Hao and Du, Yuhua and Yu, Hui and Lu, Xiaonan and Lukic, Srdjan},
  journal={IEEE Transactions on Industrial Electronics}, 
  title={Privacy-Preserving Robust Consensus for Distributed Microgrid Control Applications}, 
  year={2024},
  volume={71},
  number={4},
  pages={3684-3697}}
