@inproceedings{bohmer_2020,
    author = {B\"{o}hmer, Wendelin and Kurin, Vitaly and Whiteson, Shimon},
    title = {Deep coordination graphs},
    year = {2020},
    booktitle = {Proceedings of the 37th International Conference on Machine Learning},
    articleno = {92},
    numpages = {12},
    series = {ICML'20},
    publisher = {JMLR.org},
    address={},
}

@article{carnevale_2023,
  author={Carnevale, Guido and Farina, Francesco and Notarnicola, Ivano and Notarstefano, Giuseppe},
  journal={IEEE Transactions on Control of Network Systems}, 
  title={GTAdam: Gradient Tracking With Adaptive Momentum for Distributed Online Optimization}, 
  year={2023},
  volume={10},
  number={3},
  pages={1436-1448},
  doi={10.1109/TCNS.2022.3232519}}

@article{chang_2020,
  author={Chang, Tsung-Hui and Hong, Mingyi and Wai, Hoi-To and Zhang, Xinwei and Lu, Songtao},
  journal={IEEE Signal Processing Magazine}, 
  title={Distributed Learning in the Nonconvex World: From batch data to streaming and beyond}, 
  year={2020},
  volume={37},
  number={3},
  pages={26-38},
 }

@inproceedings{chen_2022,
    title={Communication-Efficient Actor-Critic Methods for Homogeneous Markov Games},
    author={Dingyang Chen and Yile Li and Qi Zhang},
    booktitle={International Conference on Learning Representations},
    year={2022},
    url={https://openreview.net/forum?id=xy_2w3J3kH}
}

@article{forero_2010,
    author = {Forero, Pedro A. and Cano, Alfonso and Giannakis, Georgios B.},
    title = {Consensus-Based Distributed Support Vector Machines},
    year = {2010},
    issue_date = {3/1/2010},
    publisher = {JMLR.org},
    volume = {11},
    issn = {1532-4435},
    journal = {J. Mach. Learn. Res.},
    month = {aug},
    pages = {1663–1707},
    numpages = {45}
}

@article{gronauer_2022,
    author={Gronauer, Sven and Diepold, Klaus},
    title={Multi-agent deep reinforcement learning: a survey},
    journal={Artificial Intelligence Review},
    year={2022},
    month={Feb},
    day={01},
    volume={55},
    number={2},
    pages={895-943},
    issn={1573-7462},
}

@inproceedings{guestrin_2002,
    author = {Guestrin, Carlos and Lagoudakis, Michail G. and Parr, Ronald},
    title = {Coordinated Reinforcement Learning},
    year = {2002},
    booktitle = {Proceedings of the Nineteenth International Conference on Machine Learning},
    pages = {227–234},
    numpages = {8},
    series = {ICML '02}
}

@inproceedings{jiang_2017,
author = {Jiang, Zhanhong and Balu, Aditya and Hegde, Chinmay and Sarkar, Soumik},
title = {Collaborative Deep Learning in Fixed Topology Networks},
year = {2017},
isbn = {9781510860964},
publisher = {Curran Associates Inc.},
address = {Red Hook, NY, USA},
booktitle = {Proceedings of the 31st International Conference on Neural Information Processing Systems},
pages = {5906–5916},
numpages = {11},
location = {Long Beach, California, USA},
series = {NIPS'17}
}

@article{kayaalp_2023,
  author={Kayaalp, Mert and Ghadieh, Fatima and Sayed, Ali H.},
  journal={IEEE Open Journal of Control Systems}, 
  title={Policy Evaluation in Decentralized POMDPs With Belief Sharing}, 
  year={2023},
  volume={2},
  number={},
  pages={125-145},
  doi={10.1109/OJCSYS.2023.3277760}}

@inproceedings{kingma_2014,
    author       = {Diederik P. Kingma and Jimmy Ba}, 
    editor       = {Yoshua Bengio and Yann LeCun},
    title        = {Adam: {A} Method for Stochastic Optimization},
    booktitle    = {3rd International Conference on Learning Representations, {ICLR} 2015,
                  San Diego, CA, USA, May 7-9, 2015, Conference Track Proceedings},
    year         = {2015}
}

@article{kok_2006,
    author = {Kok, Jelle R. and Vlassis, Nikos},
    title = {Collaborative Multiagent Reinforcement Learning by Payoff Propagation},
    year = {2006},
    issue_date = {12/1/2006},
    publisher = {JMLR.org},
    volume = {7},
    issn = {1532-4435},
    journal = {J. Mach. Learn. Res.},
    month = dec,
    pages = {1789–1828},
    numpages = {40}
}

@article{lin_2022,
  author={Lin, Qifeng and Ling, Qing},
  journal={IEEE Signal Processing Letters}, 
  title={Decentralized TD(0) With Gradient Tracking}, 
  year={2021},
  volume={28},
  number={},
  pages={723-727},
  }

@article{lowe_2017,
      title={Multi-Agent Actor-Critic for Mixed Cooperative-Competitive Environments},
      author={Lowe, Ryan and Wu, Yi and Tamar, Aviv and Harb, Jean and Abbeel, Pieter and Mordatch, Igor},
      journal={Neural Information Processing Systems (NIPS)},
      year={2017}
}

@inproceedings{mnih_2016,
  title = 	 {Asynchronous Methods for Deep Reinforcement Learning},
  author = 	 {Mnih, Volodymyr and Badia, Adria Puigdomenech and Mirza, Mehdi and Graves, Alex and Lillicrap, Timothy and Harley, Tim and Silver, David and Kavukcuoglu, Koray},
  booktitle = 	 {Proceedings of The 33rd International Conference on Machine Learning},
  pages = 	 {1928--1937},
  year = 	 {2016},
  editor = 	 {Balcan, Maria Florina and Weinberger, Kilian Q.},
  volume = 	 {48},
  series = 	 {Proceedings of Machine Learning Research},
  address = 	 {New York, New York, USA},
  month = 	 {20--22 Jun},
  publisher =    {PMLR},
}

@article{nazari_2022,
  author={Nazari, Parvin and Tarzanagh, Davoud Ataee and Michailidis, George},
  journal={IEEE Transactions on Signal Processing}, 
  title={DAdam: A Consensus-Based Distributed Adaptive Gradient Method for Online Optimization}, 
  year={2022},
  volume={70},
  number={},
  pages={6065-6079}}

@article{nedic_2020,
  author={Nedic, Angelia},
  journal={IEEE Signal Processing Magazine}, 
  title={Distributed Gradient Methods for Convex Machine Learning Problems in Networks: Distributed Optimization}, 
  year={2020},
  volume={37},
  number={3},
  pages={92-101},
  doi={10.1109/MSP.2020.2975210}}

@book{oliehoek_2016,
  title = {A {{Concise Introduction}} to {{Decentralized POMDPs}}},
  author = {Oliehoek, Frans A. and Amato, Christopher},
  year = {2016},
  publisher = {{Springer International Publishing}},
  address = {{Cham}},
  language = {en},
  series = {{{SpringerBriefs}} in {{Intelligent Systems}}}
}

@inproceedings{petric_2023,
author="Petric, Frano
and Peti, Marijana
and Bogdan, Stjepan",
title="Multi-agent Coordination Based on POMDPs and Consensus for Active Perception",
booktitle="Intelligent Autonomous Systems 17",
year="2023",
publisher="Springer Nature Switzerland",
address="Cham",
pages="690--705"}

@article{qu_2018,
  author={Qu, Guannan and Li, Na},
  journal={IEEE Transactions on Control of Network Systems}, 
  title={Harnessing Smoothness to Accelerate Distributed Optimization}, 
  year={2018},
  volume={5},
  number={3},
  pages={1245-1260}}

@inproceedings{rashid_2018,  
    title =  {{QMIX}: Monotonic Value Function Factorisation for Deep Multi-Agent Reinforcement Learning},  
    author =       {Rashid, Tabish and Samvelyan, Mikayel and Schroeder, Christian and Farquhar, Gregory and Foerster, Jakob and Whiteson, Shimon},  
    booktitle =  {Proceedings of the 35th International Conference on Machine Learning},  
    pages =  {4295--4304},  
    year =  {2018},  
    editor =  {Dy, Jennifer and Krause, Andreas},  
    volume =  {80},  
    series =  {Proceedings of Machine Learning Research},  
    month =  {10--15 Jul},  
    publisher =    {PMLR}
}

@inproceedings{sun_2020,
title =  {Finite-Time Analysis of Decentralized Temporal-Difference Learning with Linear Function Approximation},
author =       {Sun, Jun and Wang, Gang and Giannakis, Georgios B. and Yang, Qinmin and Yang, Zaiyue},
booktitle =  {Proceedings of the Twenty Third International Conference on Artificial Intelligence and Statistics},
  pages =  {4485--4495},
  year =  {2020},
  editor =  {Chiappa, Silvia and Calandra, Roberto},
  volume =  {108},
  series =  {Proceedings of Machine Learning Research},
  month =  {26--28 Aug},
  publisher =    {PMLR},
}

@phdthesis{tsitsiklis_1985,
  title   = {Problems in decentralized decision making and computation},
  author  = {Tsitsiklis, John N},
  advisor = {Michael Athans.},
  school  = {Massachusetts Institute of Technology},
  publisher = {Massachusetts Institute of Technology},
  subject = {Electrical Engineering and Computer Science},
  year    = {1985}
}

@inproceedings{wang_2020,
    author = {Wang, Gang and Lu, Songtao and Giannakis, Georgios B. and Tesauro, Gerald and Sun, Jian},
    title = {Decentralized TD tracking with linear function approximation and its finite-time analysis},
    year = {2020},
    isbn = {9781713829546},
    publisher = {Curran Associates Inc.},
    address = {Red Hook, NY, USA},
    booktitle = {Proceedings of the 34th International Conference on Neural Information Processing Systems},
    articleno = {1154},
    numpages = {11},
    location = {Vancouver, BC, Canada},
    series = {NIPS'20}
}

@inproceedings{xiao_2003,
  author={Lin Xiao and Boyd, S.},
  booktitle={42nd IEEE International Conference on Decision and Control (IEEE Cat. No.03CH37475)}, 
  title={Fast linear iterations for distributed averaging}, 
  year={2003},
  volume={5},
  number={},
  pages={4997-5002 Vol.5}}

@article{xiao_2007,
    title = {Distributed average consensus with least-mean-square deviation},
    journal = {Journal of Parallel and Distributed Computing},
    volume = {67},
    number = {1},
    pages = {33-46},
    year = {2007},
    issn = {0743-7315},
    author = {Lin Xiao and Stephen Boyd and Seung-Jean Kim},
}

@inproceedings{zhang_2018,
  title = 	 {Fully Decentralized Multi-Agent Reinforcement Learning with Networked Agents},
  author =       {Zhang, Kaiqing and Yang, Zhuoran and Liu, Han and Zhang, Tong and Basar, Tamer},
  booktitle = 	 {Proceedings of the 35th International Conference on Machine Learning},
  pages = 	 {5872--5881},
  year = 	 {2018},
  editor = 	 {Dy, Jennifer and Krause, Andreas},
  volume = 	 {80},
  series = 	 {Proceedings of Machine Learning Research},
  month = 	 {10--15 Jul},
  publisher =    {PMLR},
  address = {Stockholmsmässan, Stockholm},
}

@inbook{zhang_2021,
    author="Zhang, Kaiqing
    and Yang, Zhuoran
    and Ba{\c{s}}ar, Tamer",
    title="Multi-Agent Reinforcement Learning: A Selective Overview of Theories and Algorithms",
    bookTitle="Handbook of Reinforcement Learning and Control",
    year="2021",
    publisher="Springer International Publishing",
    address="Cham",
    pages="321--384",
    }

