@inproceedings{MWZ24,
  author       = {Arvind V. Mahankali and
                  David P. Woodruff and
                  Ziyu Zhang},
  editor       = {Venkatesan Guruswami},
  title        = {Near-Linear Time and Fixed-Parameter Tractable Algorithms for Tensor
                  Decompositions},
  booktitle    = {15th Innovations in Theoretical Computer Science Conference, {ITCS}
                  2024, January 30 to February 2, 2024, Berkeley, CA, {USA}},
  series       = {LIPIcs},
  volume       = {287},
  pages        = {79:1--79:23},
  publisher    = {Schloss Dagstuhl - Leibniz-Zentrum f{\"{u}}r Informatik},
  year         = {2024}
}

@inproceedings{SWZ19,
  author       = {Zhao Song and
                  David P. Woodruff and
                  Peilin Zhong},
  editor       = {Timothy M. Chan},
  title        = {Relative Error Tensor Low Rank Approximation},
  booktitle    = {Proceedings of the Thirtieth Annual {ACM-SIAM} Symposium on Discrete
                  Algorithms, {SODA} 2019, San Diego, California, USA, January 6-9,
                  2019},
  pages        = {2772--2789},
  publisher    = {{SIAM}},
  year         = {2019}
}

@article{ahle2019almost,
  title={Almost optimal tensor sketch},
  author={Ahle, Thomas D and Knudsen, Jakob BT},
  journal={arXiv preprint arXiv:1909.01821},
  year={2019}
}

@inproceedings{ahle2020oblivious,
  title={Oblivious sketching of high-degree polynomial kernels},
  author={Ahle, Thomas D and Kapralov, Michael and Knudsen, Jakob BT and Pagh, Rasmus and Velingker, Ameya and Woodruff, David P and Zandieh, Amir},
  booktitle={Proceedings of the Fourteenth Annual ACM-SIAM Symposium on Discrete Algorithms},
  pages={141--160},
  year={2020},
  organization={SIAM}
}

@article{avron2014subspace,
  title={Subspace embeddings for the polynomial kernel},
  author={Avron, Haim and Nguyen, Huy and Woodruff, David},
  journal={Advances in neural information processing systems},
  volume={27},
  year={2014}
}

@article{bujanovic2021norm,
  title={Norm and trace estimation with random rank-one vectors},
  author={Bujanovic, Zvonimir and Kressner, Daniel},
  journal={SIAM Journal on Matrix Analysis and Applications},
  volume={42},
  number={1},
  pages={202--223},
  year={2021},
  publisher={SIAM}
}

@article{bujanovic2024subspace,
  title={Subspace embedding with random Khatri-Rao products and its application to eigensolvers},
  author={Bujanovi{\'c}, Zvonimir and Grubi{\v{s}}i{\'c}, Luka and Kressner, Daniel and Lam, Hei Yin},
  journal={arXiv preprint arXiv:2405.11962},
  year={2024}
}

@article{feldman2022entanglement,
  title={Entanglement Estimation in tensor network states via sampling},
  author={Feldman, Noa and Kshetrimayum, Augustine and Eisert, Jens and Goldstein, Moshe},
  journal={PRX Quantum},
  volume={3},
  number={3},
  pages={030312},
  year={2022},
  publisher={APS}
}

@article{grasedyck2013literature,
  title={A literature survey of low-rank tensor approximation techniques},
  author={Grasedyck, Lars and Kressner, Daniel and Tobler, Christine},
  journal={GAMM-Mitteilungen},
  volume={36},
  number={1},
  pages={53--78},
  year={2013},
  publisher={Wiley Online Library}
}

@article{meyer2023hutchinson,
  title={Hutchinson's Estimator is Bad at Kronecker-Trace-Estimation},
  author={Meyer, Raphael A and Avron, Haim},
  journal={arXiv preprint arXiv:2309.04952},
  year={2023}
}

@inproceedings{pham2013fast,
  title={Fast and scalable polynomial kernels via explicit feature maps},
  author={Pham, Ninh and Pagh, Rasmus},
  booktitle={Proceedings of the 19th ACM SIGKDD international conference on Knowledge discovery and data mining},
  pages={239--247},
  year={2013}
}

