@article{grasedyck2004existence,
  title={Existence and computation of low Kronecker-rank approximations for large linear systems of tensor product structure},
  author={Grasedyck, Lars},
  journal={Computing},
  volume={72},
  pages={247--265},
  year={2004},
  publisher={Springer}
}

@article{bujanovic2024subspace,
  title={Subspace embedding with random Khatri-Rao products and its application to eigensolvers},
  author={Bujanovi{\'c}, Zvonimir and Grubi{\v{s}}i{\'c}, Luka and Kressner, Daniel and Lam, Hei Yin},
  journal={arXiv preprint arXiv:2405.11962},
  year={2024}
}

@article{grasedyck2013literature,
  title={A literature survey of low-rank tensor approximation techniques},
  author={Grasedyck, Lars and Kressner, Daniel and Tobler, Christine},
  journal={GAMM-Mitteilungen},
  volume={36},
  number={1},
  pages={53--78},
  year={2013},
  publisher={Wiley Online Library}
}

@article{saibaba2025randomized,
  title={Randomized low-rank approximations beyond Gaussian random matrices},
  author={Saibaba, Arvind K and Mikedlar, Agnieszka},
  journal={SIAM Journal on Mathematics of Data Science},
  volume={7},
  number={1},
  pages={136--162},
  year={2025},
  publisher={SIAM}
}

@article{lam2024randomized,
  title={Randomized low-rank Runge-Kutta methods},
  author={Lam, Hei Yin and Ceruti, Gianluca and Kressner, Daniel},
  journal={arXiv preprint arXiv:2409.06384},
  year={2024}
}

@inproceedings{song2019relative,
  title={Relative error tensor low rank approximation},
  author={Song, Zhao and Woodruff, David P and Zhong, Peilin},
  booktitle={Proceedings of the Thirtieth Annual ACM-SIAM Symposium on Discrete Algorithms},
  pages={2772--2789},
  year={2019},
  organization={SIAM}
}

@article{li2017near,
  title={Near optimal sketching of low-rank tensor regression},
  author={Li, Xingguo and Haupt, Jarvis and Woodruff, David},
  journal={Advances in Neural Information Processing Systems},
  volume={30},
  year={2017}
}

@article{al2023randomized,
  title={Randomized algorithms for rounding in the tensor-train format},
  author={Al Daas, Hussam and Ballard, Grey and Cazeaux, Paul and Hallman, Eric and Mikedlar, Agnieszka and Pasha, Mirjeta and Reid, Tim W and Saibaba, Arvind K},
  journal={SIAM Journal on Scientific Computing},
  volume={45},
  number={1},
  pages={A74--A95},
  year={2023},
  publisher={SIAM}
}

@article{lee2014fundamental,
  title={Fundamental tensor operations for large-scale data analysis in tensor train formats},
  author={Lee, Namgil and Cichocki, Andrzej},
  journal={arXiv preprint arXiv:1405.7786},
  year={2014}
}

@inproceedings{SWZ19,
  author       = {Zhao Song and
                  David P. Woodruff and
                  Peilin Zhong},
  editor       = {Timothy M. Chan},
  title        = {Relative Error Tensor Low Rank Approximation},
  booktitle    = {Proceedings of the Thirtieth Annual {ACM-SIAM} Symposium on Discrete
                  Algorithms, {SODA} 2019, San Diego, California, USA, January 6-9,
                  2019},
  pages        = {2772--2789},
  publisher    = {{SIAM}},
  year         = {2019}
}

@inproceedings{MWZ24,
  author       = {Arvind V. Mahankali and
                  David P. Woodruff and
                  Ziyu Zhang},
  editor       = {Venkatesan Guruswami},
  title        = {Near-Linear Time and Fixed-Parameter Tractable Algorithms for Tensor
                  Decompositions},
  booktitle    = {15th Innovations in Theoretical Computer Science Conference, {ITCS}
                  2024, January 30 to February 2, 2024, Berkeley, CA, {USA}},
  series       = {LIPIcs},
  volume       = {287},
  pages        = {79:1--79:23},
  publisher    = {Schloss Dagstuhl - Leibniz-Zentrum f{\"{u}}r Informatik},
  year         = {2024}
}

@article{duchi2007derivations,
  title={Derivations for linear algebra and optimization},
  author={Duchi, John},
  journal={Berkeley, California},
  volume={3},
  number={1},
  pages={2325--5870},
  year={2007}
}

@article{zhang2020concentration,
  title={Concentration inequalities for statistical inference},
  author={Zhang, Huiming and Chen, Song Xi},
  journal={arXiv preprint arXiv:2011.02258},
  year={2020}
}

@inproceedings{simchowitz2018tight,
  title={Tight query complexity lower bounds for PCA via finite sample deformed Wigner law},
  author={Simchowitz, Max and El Alaoui, Ahmed and Recht, Benjamin},
  booktitle={Proceedings of the 50th Annual ACM SIGACT Symposium on Theory of Computing},
  pages={1249--1259},
  year={2018}
}

@article{simchowitz2017gap,
  title={On the gap between strict-saddles and true convexity: An omega (log d) lower bound for eigenvector approximation},
  author={Simchowitz, Max and Alaoui, Ahmed El and Recht, Benjamin},
  journal={arXiv preprint arXiv:1704.04548},
  year={2017}
}

@article{feldman2022entanglement,
  title={Entanglement Estimation in tensor network states via sampling},
  author={Feldman, Noa and Kshetrimayum, Augustine and Eisert, Jens and Goldstein, Moshe},
  journal={PRX Quantum},
  volume={3},
  number={3},
  pages={030312},
  year={2022},
  publisher={APS}
}


@article{bujanovic2021norm,
  title={Norm and trace estimation with random rank-one vectors},
  author={Bujanovic, Zvonimir and Kressner, Daniel},
  journal={SIAM Journal on Matrix Analysis and Applications},
  volume={42},
  number={1},
  pages={202--223},
  year={2021},
  publisher={SIAM}
}

@article{jin2021faster,
  title={Faster johnson--lindenstrauss transforms via kronecker products},
  author={Jin, Ruhui and Kolda, Tamara G and Ward, Rachel},
  journal={Information and Inference: A Journal of the IMA},
  volume={10},
  number={4},
  pages={1533--1562},
  year={2021},
  publisher={Oxford University Press}
}

@book{de2012decoupling,
  title={Decoupling: from dependence to independence},
  author={De la Pena, Victor and Gin{\'e}, Evarist},
  year={2012},
  publisher={Springer Science \& Business Media}
}

@book{golub2013matrix,
  title={Matrix computations},
  author={Golub, Gene H and Van Loan, Charles F},
  year={2013},
  publisher={JHU press}
}

@article{rastegin2012relations,
  title={Relations for certain symmetric norms and anti-norms before and after partial trace},
  author={Rastegin, Alexey E},
  journal={Journal of Statistical Physics},
  volume={148},
  pages={1040--1053},
  year={2012},
  publisher={Springer}
}

@article{bekker1988positive,
  title={The positive semidefiniteness of partitioned matrices},
  author={Bekker, Paul A},
  journal={Linear Algebra and its Applications},
  volume={111},
  pages={261--278},
  year={1988},
  publisher={Elsevier}
}


@article{vershynin2020concentration,
  title={Concentration inequalities for random tensors},
  author={Vershynin, Roman},
  journal={Bernoulli},
  year={2020}
}

@article{huang2020predicting,
  title={Predicting many properties of a quantum system from very few measurements},
  author={Huang, Hsin-Yuan and Kueng, Richard and Preskill, John},
  journal={Nature Physics},
  volume={16},
  number={10},
  pages={1050--1057},
  year={2020},
  publisher={Nature Publishing Group UK London}
}

@article{wang23qubit,
  title={Qubit-Efficient Randomized Quantum Algorithms for Linear Algebra}, 
  author={Samson Wang and Sam McArdle and Mario Berta},
  year={2023},
  journal={arXiv preprint arXiv:2302.01873},
}

@inproceedings{meyer21hutchpp,
  title={Hutch++: Optimal stochastic trace estimation},
  author={Meyer, Raphael A and Musco, Cameron and Musco, Christopher and Woodruff, David P},
  booktitle={Symposium on Simplicity in Algorithms (SOSA)},
  pages={142--155},
  year={2021},
  organization={SIAM}
}

@book{bernstein11,
  abstract = {When first published in 2005, Matrix Mathematics quickly became the essential reference book for users of matrices in all branches of engineering, science, and applied mathematics. In this fully updated and expanded edition, the author brings together the latest results on matrix theory to make this the most complete, current, and easy-to-use book on matrices. Each chapter describes relevant background theory followed by specialized results. Hundreds of identities, inequalities, and matrix facts are stated clearly and rigorously with cross references, citations to the literature, and illuminat.},
  added-at = {2016-05-29T13:29:00.000+0200},
  author = {Bernstein, Dennis S.},
  biburl = {https://www.bibsonomy.org/bibtex/2251cba7a07236f0097c0d497f0cad619/ytyoun},
  edition = {Second},
  interhash = {40f9ac37383b545783ee8898f55dbabb},
  intrahash = {251cba7a07236f0097c0d497f0cad619},
  isbn = {9781400833344 1400833345 1283256010 9781283256018},
  keywords = {eigenvalues handbook laplacian linear.algebra matrix textbook},
  publisher = {Princeton University Press},
  refid = {781453958},
  timestamp = {2017-02-12T15:42:26.000+0100},
  title = {Matrix Mathematics: Theory, Facts, and Formulas},
  year = 2011
}


@article{halikias2022matrix,
  title={Matrix recovery from matrix-vector products},
  author={Halikias, Diana and Townsend, Alex},
  journal={arXiv preprint arXiv:2212.09841},
  year={2022}
}


@article{girard1987algorithme,
  title={Un algorithme simple et rapide pour la validation crois{\'e}e generalis{\'e}e sur des probl{\`e}mes de grande taille: applications {\`a} la restauration d'image},
  author={Girard, Didier},
  year = {1987},
  journal = {Informatique et Math{\'e}matiques Appliqu{'e}es de Grenoble}
}

@article{persson2022improved,
  title={Improved variants of the {H}utch++ algorithm for trace estimation},
  author={Persson, David and Cortinovis, Alice and Kressner, Daniel},
  journal={SIAM Journal on Matrix Analysis and Applications},
  volume={43},
  number={3},
  pages={1162--1185},
  year={2022},
  publisher={SIAM}
}

@inproceedings{bakshi2022low,
  title = {Low-Rank Approximation with 1/{\(\epsilon\)}\({}^{\mbox{1/3}}\) Matrix-Vector Products},
  author={Bakshi, Ainesh and Clarkson, Kenneth L and Woodruff, David P},
  booktitle={Proceedings of the 54th Annual ACM SIGACT Symposium on Theory of Computing},
  pages={1130--1143},
  year={2022}
}


@article{bakshi2023krylov,
  title={Krylov Methods are (nearly) Optimal for Low-Rank Approximation},
  author={Bakshi, Ainesh and Narayanan, Shyam},
  journal={arXiv preprint arXiv:2304.03191},
  year={2023}
}

@article{meyer2023unreasonable,
  title={On the Unreasonable Effectiveness of Single Vector Krylov Methods for Low-Rank Approximation},
  author={Meyer, Raphael A and Musco, Cameron and Musco, Christopher},
  journal={arXiv preprint arXiv:2305.02535},
  year={2023}
}

@article{jiang2021optimal,
  title={Optimal sketching for trace estimation},
  author={Jiang, Shuli and Pham, Hai and Woodruff, David and Zhang, Richard},
  journal={Advances in Neural Information Processing Systems},
  volume={34},
  pages={23741--23753},
  year={2021}
}


@article{laurent2000adaptive,
  title={Adaptive estimation of a quadratic functional by model selection},
  author={Laurent, Beatrice and Massart, Pascal},
  journal={Annals of statistics},
  pages={1302--1338},
  year={2000},
  publisher={JSTOR}
}


@article{hutchinson1989stochastic,
  title={A stochastic estimator of the trace of the influence matrix for Laplacian smoothing splines},
  author={Hutchinson, Michael F},
  journal={Communications in Statistics-Simulation and Computation},
  volume={18},
  number={3},
  pages={1059--1076},
  year={1989},
  publisher={Taylor \& Francis}
}

@misc{aaronsonIntroduction,
  author        = {Aaronson, Scott},
  title         = {Introduction to Quantum Information Science Lecture Notes},
  year          = {2018},
  howpublished  = {\url{https://www.scottaaronson.com/qclec.pdf}}
}

@misc{ram900,
  author        = {Meyer, Raphael A},
  title         = {Updates for {H}utch++: Hutch++ for Undergrads},
  year          = {2021},
  howpublished  = {\url{https://ram900.hosting.nyu.edu/hutchplusplus/#hutch_for_undergrads}}
}

@inproceedings{braverman2020gradient,
  title={The gradient complexity of linear regression},
  author={Braverman, Mark and Hazan, Elad and Simchowitz, Max and Woodworth, Blake},
  booktitle={Conference on Learning Theory},
  pages={627--647},
  year={2020},
  organization={PMLR}
}

@article{kueng2017low,
  title={Low rank matrix recovery from rank one measurements},
  author={Kueng, Richard and Rauhut, Holger and Terstiege, Ulrich},
  journal={Applied and Computational Harmonic Analysis},
  volume={42},
  number={1},
  pages={88--116},
  year={2017},
  publisher={Elsevier}
}

@article{avron2014subspace,
  title={Subspace embeddings for the polynomial kernel},
  author={Avron, Haim and Nguyen, Huy and Woodruff, David},
  journal={Advances in neural information processing systems},
  volume={27},
  year={2014}
}

@inproceedings{ahle2020oblivious,
  title={Oblivious sketching of high-degree polynomial kernels},
  author={Ahle, Thomas D and Kapralov, Michael and Knudsen, Jakob BT and Pagh, Rasmus and Velingker, Ameya and Woodruff, David P and Zandieh, Amir},
  booktitle={Proceedings of the Fourteenth Annual ACM-SIAM Symposium on Discrete Algorithms},
  pages={141--160},
  year={2020},
  organization={SIAM}
}

@article{sun2021querying,
  title={Querying a matrix through matrix-vector products},
  author={Sun, Xiaoming and Woodruff, David P and Yang, Guang and Zhang, Jialin},
  journal={ACM Transactions on Algorithms (TALG)},
  volume={17},
  number={4},
  pages={1--19},
  year={2021},
  publisher={ACM New York, NY}
}

@article{chen2022krylov,
  title={Krylov-aware stochastic trace estimation},
  author={Chen, Tyler and Hallman, Eric},
  journal={arXiv preprint arXiv:2205.01736},
  year={2022}
}

@article{persson2023randomized,
  title={Randomized low-rank approximation of monotone matrix functions},
  author={Persson, David and Kressner, Daniel},
  journal={SIAM Journal on Matrix Analysis and Applications},
  volume={44},
  number={2},
  pages={894--918},
  year={2023},
  publisher={SIAM}
}

@article{bamberger2022hanson,
  title={The Hanson--Wright inequality for random tensors},
  author={Bamberger, Stefan and Krahmer, Felix and Ward, Rachel},
  journal={Sampling Theory, Signal Processing, and Data Analysis},
  volume={20},
  number={2},
  pages={14},
  year={2022},
  publisher={Springer}
}

@article{sun2021tensor,
  title={Tensor random projection for low memory dimension reduction},
  author={Sun, Yiming and Guo, Yang and Tropp, Joel A and Udell, Madeleine},
  journal={arXiv preprint arXiv:2105.00105},
  year={2021}
}

@article{chen2022numerical,
  title={Numerical computation of the equilibrium-reduced density matrix for strongly coupled open quantum systems},
  author={Chen, Tyler and Cheng, Yu-Chen},
  journal={The Journal of Chemical Physics},
  volume={157},
  number={6},
  year={2022},
  publisher={AIP Publishing}
}

@article{tropp2023randomized,
  title={Randomized algorithms for low-rank matrix approximation: Design, analysis, and applications},
  author={Tropp, Joel A and Webber, Robert J},
  journal={arXiv preprint arXiv:2306.12418},
  year={2023}
}

@article{li2021randomized,
  title={Randomized block Krylov subspace methods for trace and log-determinant estimators},
  author={Li, Hanyu and Zhu, Yuanyang},
  journal={BIT Numerical Mathematics},
  volume={61},
  pages={911--939},
  year={2021},
  publisher={Springer}
}

@article{saibaba2017randomized,
  title={Randomized matrix-free trace and log-determinant estimators},
  author={Saibaba, Arvind K and Alexanderian, Alen and Ipsen, Ilse CF},
  journal={Numerische Mathematik},
  volume={137},
  number={2},
  pages={353--395},
  year={2017},
  publisher={Springer}
}

@inproceedings{wimmer2014optimal,
  title={Optimal query complexity for estimating the trace of a matrix},
  author={Wimmer, Karl and Wu, Yi and Zhang, Peng},
  booktitle={Automata, Languages, and Programming: 41st International Colloquium, ICALP 2014, Copenhagen, Denmark, July 8-11, 2014, Proceedings, Part I 41},
  pages={1051--1062},
  year={2014},
  organization={Springer}
}

@article{roosta2015improved,
  title={Improved bounds on sample size for implicit matrix trace estimators},
  author={Roosta-Khorasani, Farbod and Ascher, Uri},
  journal={Foundations of Computational Mathematics},
  volume={15},
  number={5},
  pages={1187--1212},
  year={2015},
  publisher={Springer}
}

@article{cortinovis2021randomized,
  title={On randomized trace estimates for indefinite matrices with an application to determinants},
  author={Cortinovis, Alice and Kressner, Daniel},
  journal={Foundations of Computational Mathematics},
  pages={1--29},
  year={2021},
  publisher={Springer}
}

@book{vershynin2018high,
  title={High-dimensional probability: An introduction with applications in data science},
  author={Vershynin, Roman},
  volume={47},
  year={2018},
  publisher={Cambridge university press}
}


%%% tesnor sketch references


@article{ahle2019almost,
  title={Almost optimal tensor sketch},
  author={Ahle, Thomas D and Knudsen, Jakob BT},
  journal={arXiv preprint arXiv:1909.01821},
  year={2019}
}

@inproceedings{pham2013fast,
  title={Fast and scalable polynomial kernels via explicit feature maps},
  author={Pham, Ninh and Pagh, Rasmus},
  booktitle={Proceedings of the 19th ACM SIGKDD international conference on Knowledge discovery and data mining},
  pages={239--247},
  year={2013}
}

@article{sedighin2024tensor,
  title={Tensor Methods in Biomedical Image Analysis},
  author={Sedighin, Farnaz},
  journal={Journal of Medical Signals \& Sensors},
  volume={14},
  number={6},
  pages={16},
  year={2024},
  publisher={Medknow}
}

@inproceedings{selvan2020tensor,
  title={Tensor networks for medical image classification},
  author={Selvan, Raghavendra and Dam, Erik B},
  booktitle={Medical imaging with deep learning},
  pages={721--732},
  year={2020},
  organization={PMLR}
}

@article{biamonte2019lectures,
  title={Lectures on quantum tensor networks},
  author={Biamonte, Jacob},
  journal={arXiv preprint arXiv:1912.10049},
  year={2019}
}

@article{meyer2023hutchinson,
  title={Hutchinson's Estimator is Bad at Kronecker-Trace-Estimation},
  author={Meyer, Raphael A and Avron, Haim},
  journal={arXiv preprint arXiv:2309.04952},
  year={2023}
}

@article{neyman1933ix,
  title={IX. On the problem of the most efficient tests of statistical hypotheses},
  author={Neyman, Jerzy and Pearson, Egon Sharpe},
  journal={Philosophical Transactions of the Royal Society of London. Series A, Containing Papers of a Mathematical or Physical Character},
  volume={231},
  number={694-706},
  pages={289--337},
  year={1933},
  publisher={The Royal Society London}
}

@book{csiszar2011information,
  title={Information theory: coding theorems for discrete memoryless systems},
  author={Csisz{\'a}r, Imre and K{\"o}rner, J{\'a}nos},
  year={2011},
  publisher={Cambridge University Press}
}