@article{goetting2024end,
  title={End-to-End Navigation with Vision Language Models: Transforming Spatial Reasoning into Question-Answering},
  author={Goetting, Dylan and Singh, Himanshu Gaurav and Loquercio, Antonio},
  journal={arXiv preprint arXiv:2411.05755},
  year={2024}
}

@article{kuang2024openfmnav,
  title={OpenFMNav: Towards Open-Set Zero-Shot Object Navigation via Vision-Language Foundation Models},
  author={Kuang, Yuxuan and Lin, Hai and Jiang, Meng},
  journal={arXiv preprint arXiv:2402.10670},
  year={2024}
}

@article{long2024instructnav,
  title={InstructNav: Zero-shot System for Generic Instruction Navigation in Unexplored Environment},
  author={Long, Yuxing and Cai, Wenzhe and Wang, Hongcheng and Zhan, Guanqi and Dong, Hao},
  journal={arXiv preprint arXiv:2406.04882},
  year={2024}
}

@article{nasiriany2024pivot,
  title={Pivot: Iterative visual prompting elicits actionable knowledge for vlms},
  author={Nasiriany, Soroush and Xia, Fei and Yu, Wenhao and Xiao, Ted and Liang, Jacky and Dasgupta, Ishita and Xie, Annie and Driess, Danny and Wahid, Ayzaan and Xu, Zhuo and others},
  journal={arXiv preprint arXiv:2402.07872},
  year={2024}
}

@article{sathyamoorthy2024convoi,
  title={CoNVOI: Context-aware Navigation using Vision Language Models in Outdoor and Indoor Environments},
  author={Sathyamoorthy, Adarsh Jagan and Weerakoon, Kasun and Elnoor, Mohamed and Zore, Anuj and Ichter, Brian and Xia, Fei and Tan, Jie and Yu, Wenhao and Manocha, Dinesh},
  journal={arXiv preprint arXiv:2403.15637},
  year={2024}
}

@inproceedings{shah2023navigation,
  title={Navigation with large language models: Semantic guesswork as a heuristic for planning},
  author={Shah, Dhruv and Equi, Michael Robert and Osi{\'n}ski, B{\l}a{\.z}ej and Xia, Fei and Ichter, Brian and Levine, Sergey},
  booktitle={Conference on Robot Learning},
  pages={2683--2699},
  year={2023},
  organization={PMLR}
}

@inproceedings{sridhar2024nomad,
  title={Nomad: Goal masked diffusion policies for navigation and exploration},
  author={Sridhar, Ajay and Shah, Dhruv and Glossop, Catherine and Levine, Sergey},
  booktitle={2024 IEEE International Conference on Robotics and Automation (ICRA)},
  pages={63--70},
  year={2024},
  organization={IEEE}
}

@article{tang2025openin,
  title={OpenIN: Open-Vocabulary Instance-Oriented Navigation in Dynamic Domestic Environments},
  author={Tang, Yujie and Wang, Meiling and Deng, Yinan and Zheng, Zibo and Deng, Jingchuan and Yue, Yufeng},
  journal={arXiv preprint arXiv:2501.04279},
  year={2025}
}

@article{wu2024voronav,
  title={Voronav: Voronoi-based zero-shot object navigation with large language model},
  author={Wu, Pengying and Mu, Yao and Wu, Bingxian and Hou, Yi and Ma, Ji and Zhang, Shanghang and Liu, Chang},
  journal={arXiv preprint arXiv:2401.02695},
  year={2024}
}

@inproceedings{yokoyama2024vlfm,
  title={Vlfm: Vision-language frontier maps for zero-shot semantic navigation},
  author={Yokoyama, Naoki and Ha, Sehoon and Batra, Dhruv and Wang, Jiuguang and Bucher, Bernadette},
  booktitle={2024 IEEE International Conference on Robotics and Automation (ICRA)},
  pages={42--48},
  year={2024},
  organization={IEEE}
}

@article{zhang2024uni,
  title={Uni-NaVid: A Video-based Vision-Language-Action Model for Unifying Embodied Navigation Tasks},
  author={Zhang, Jiazhao and Wang, Kunyu and Wang, Shaoan and Li, Minghan and Liu, Haoran and Wei, Songlin and Wang, Zhongyuan and Zhang, Zhizheng and Wang, He},
  journal={arXiv preprint arXiv:2412.06224},
  year={2024}
}

@inproceedings{zhou2023esc,
  title={Esc: Exploration with soft commonsense constraints for zero-shot object navigation},
  author={Zhou, Kaiwen and Zheng, Kaizhi and Pryor, Connor and Shen, Yilin and Jin, Hongxia and Getoor, Lise and Wang, Xin Eric},
  booktitle={International Conference on Machine Learning},
  pages={42829--42842},
  year={2023},
  organization={PMLR}
}

