@article{McGeer01041990,
  author = {McGeer, Tad}, 
  title = {\href{http://ijr.sagepub.com/content/9/2/62.abstract}{Passive Dynamic Walking}}, 
  volume = {9}, 
  number = {2}, 
  pages = {62-82}, 
  year = {1990}, 
  doi = {10.1177/027836499000900206}, 
  URL = {http://ijr.sagepub.com/content/9/2/62.abstract}, 
  eprint = {http://ijr.sagepub.com/content/9/2/62.full.pdf+html}, 
  journal = {The International Journal of Robotics Research}
}

@article{liu2024survey,
  title={A survey on hallucination in large vision-language models},
  author={Liu, Hanchao and Xue, Wenyuan and Chen, Yifei and Chen, Dapeng and Zhao, Xiutian and Wang, Ke and Hou, Liping and Li, Rongjun and Peng, Wei},
  journal={arXiv preprint arXiv:2402.00253},
  year={2024}
}

@inproceedings{khanna2024habitat,
  title={Habitat synthetic scenes dataset (hssd-200): An analysis of 3d scene scale and realism tradeoffs for objectgoal navigation},
  author={Khanna, Mukul and Mao, Yongsen and Jiang, Hanxiao and Haresh, Sanjay and Shacklett, Brennan and Batra, Dhruv and Clegg, Alexander and Undersander, Eric and Chang, Angel X and Savva, Manolis},
  booktitle={Proceedings of the IEEE/CVF Conference on Computer Vision and Pattern Recognition},
  pages={16384--16393},
  year={2024}
}

@inproceedings{liu2025grounding,
  title={Grounding dino: Marrying dino with grounded pre-training for open-set object detection},
  author={Liu, Shilong and Zeng, Zhaoyang and Ren, Tianhe and Li, Feng and Zhang, Hao and Yang, Jie and Jiang, Qing and Li, Chunyuan and Yang, Jianwei and Su, Hang and others},
  booktitle={European Conference on Computer Vision},
  pages={38--55},
  year={2025},
  organization={Springer}
}

@article{puig2023habitat,
  title={Habitat 3.0: A co-habitat for humans, avatars and robots},
  author={Puig, Xavier and Undersander, Eric and Szot, Andrew and Cote, Mikael Dallaire and Yang, Tsung-Yen and Partsey, Ruslan and Desai, Ruta and Clegg, Alexander William and Hlavac, Michal and Min, So Yeon and others},
  journal={arXiv preprint arXiv:2310.13724},
  year={2023}
}

@article{kalman1960new,
  title={A new approach to linear filtering and prediction problems},
  author={Kalman, R.E.},
  journal={Journal of Basic Engineering},
  volume={82},
  number={1},
  pages={35--45},
  year={1960},
  publisher={Citeseer}
}

@inproceedings{yokoyama2024vlfm,
  title={Vlfm: Vision-language frontier maps for zero-shot semantic navigation},
  author={Yokoyama, Naoki and Ha, Sehoon and Batra, Dhruv and Wang, Jiuguang and Bucher, Bernadette},
  booktitle={2024 IEEE International Conference on Robotics and Automation (ICRA)},
  pages={42--48},
  year={2024},
  organization={IEEE}
}

@article{long2024instructnav,
  title={InstructNav: Zero-shot System for Generic Instruction Navigation in Unexplored Environment},
  author={Long, Yuxing and Cai, Wenzhe and Wang, Hongcheng and Zhan, Guanqi and Dong, Hao},
  journal={arXiv preprint arXiv:2406.04882},
  year={2024}
}

@inproceedings{shah2023navigation,
  title={Navigation with large language models: Semantic guesswork as a heuristic for planning},
  author={Shah, Dhruv and Equi, Michael Robert and Osi{\'n}ski, B{\l}a{\.z}ej and Xia, Fei and Ichter, Brian and Levine, Sergey},
  booktitle={Conference on Robot Learning},
  pages={2683--2699},
  year={2023},
  organization={PMLR}
}

@article{wu2024voronav,
  title={Voronav: Voronoi-based zero-shot object navigation with large language model},
  author={Wu, Pengying and Mu, Yao and Wu, Bingxian and Hou, Yi and Ma, Ji and Zhang, Shanghang and Liu, Chang},
  journal={arXiv preprint arXiv:2401.02695},
  year={2024}
}

@inproceedings{zhou2023esc,
  title={Esc: Exploration with soft commonsense constraints for zero-shot object navigation},
  author={Zhou, Kaiwen and Zheng, Kaizhi and Pryor, Connor and Shen, Yilin and Jin, Hongxia and Getoor, Lise and Wang, Xin Eric},
  booktitle={International Conference on Machine Learning},
  pages={42829--42842},
  year={2023},
  organization={PMLR}
}

@inproceedings{li2022grounded,
  title={Grounded language-image pre-training},
  author={Li, Liunian Harold and Zhang, Pengchuan and Zhang, Haotian and Yang, Jianwei and Li, Chunyuan and Zhong, Yiwu and Wang, Lijuan and Yuan, Lu and Zhang, Lei and Hwang, Jenq-Neng and others},
  booktitle={Proceedings of the IEEE/CVF Conference on Computer Vision and Pattern Recognition},
  pages={10965--10975},
  year={2022}
}

@article{kuang2024openfmnav,
  title={OpenFMNav: Towards Open-Set Zero-Shot Object Navigation via Vision-Language Foundation Models},
  author={Kuang, Yuxuan and Lin, Hai and Jiang, Meng},
  journal={arXiv preprint arXiv:2402.10670},
  year={2024}
}

@article{goetting2024end,
  title={End-to-End Navigation with Vision Language Models: Transforming Spatial Reasoning into Question-Answering},
  author={Goetting, Dylan and Singh, Himanshu Gaurav and Loquercio, Antonio},
  journal={arXiv preprint arXiv:2411.05755},
  year={2024}
}

@article{tang2025openin,
  title={OpenIN: Open-Vocabulary Instance-Oriented Navigation in Dynamic Domestic Environments},
  author={Tang, Yujie and Wang, Meiling and Deng, Yinan and Zheng, Zibo and Deng, Jingchuan and Yue, Yufeng},
  journal={arXiv preprint arXiv:2501.04279},
  year={2025}
}

@article{zhang2024uni,
  title={Uni-NaVid: A Video-based Vision-Language-Action Model for Unifying Embodied Navigation Tasks},
  author={Zhang, Jiazhao and Wang, Kunyu and Wang, Shaoan and Li, Minghan and Liu, Haoran and Wei, Songlin and Wang, Zhongyuan and Zhang, Zhizheng and Wang, He},
  journal={arXiv preprint arXiv:2412.06224},
  year={2024}
}

@inproceedings{sridhar2024nomad,
  title={Nomad: Goal masked diffusion policies for navigation and exploration},
  author={Sridhar, Ajay and Shah, Dhruv and Glossop, Catherine and Levine, Sergey},
  booktitle={2024 IEEE International Conference on Robotics and Automation (ICRA)},
  pages={63--70},
  year={2024},
  organization={IEEE}
}


@inproceedings{savva2019habitat,
  title={Habitat: A platform for embodied ai research},
  author={Savva, Manolis and Kadian, Abhishek and Maksymets, Oleksandr and Zhao, Yili and Wijmans, Erik and Jain, Bhavana and Straub, Julian and Liu, Jia and Koltun, Vladlen and Malik, Jitendra and others},
  booktitle={Proceedings of the IEEE/CVF international conference on computer vision},
  pages={9339--9347},
  year={2019}
}

@article{duan2022survey,
  title={A survey of embodied ai: From simulators to research tasks},
  author={Duan, Jiafei and Yu, Samson and Tan, Hui Li and Zhu, Hongyuan and Tan, Cheston},
  journal={IEEE Transactions on Emerging Topics in Computational Intelligence},
  volume={6},
  number={2},
  pages={230--244},
  year={2022},
  publisher={IEEE}
}

@article{zhang2022survey,
  title={A survey of visual navigation: From geometry to embodied AI},
  author={Zhang, Tianyao and Hu, Xiaoguang and Xiao, Jin and Zhang, Guofeng},
  journal={Engineering Applications of Artificial Intelligence},
  volume={114},
  pages={105036},
  year={2022},
  publisher={Elsevier}
}

@article{liu2024aligning,
  title={Aligning cyber space with physical world: A comprehensive survey on embodied ai},
  author={Liu, Yang and Chen, Weixing and Bai, Yongjie and Liang, Xiaodan and Li, Guanbin and Gao, Wen and Lin, Liang},
  journal={arXiv preprint arXiv:2407.06886},
  year={2024}
}

@article{moller2021survey,
  title={A survey on human-aware robot navigation},
  author={M{\"o}ller, Ronja and Furnari, Antonino and Battiato, Sebastiano and H{\"a}rm{\"a}, Aki and Farinella, Giovanni Maria},
  journal={Robotics and Autonomous Systems},
  volume={145},
  pages={103837},
  year={2021},
  publisher={Elsevier}
}

@article{thorisson2012cognitive,
  title={Cognitive architectures and autonomy: A comparative review},
  author={Th{\'o}risson, Kristinn and Helgasson, Helgi},
  journal={Journal of Artificial General Intelligence},
  volume={3},
  number={2},
  pages={1--30},
  year={2012}
}

@article{salvini2022safety,
  title={Safety concerns emerging from robots navigating in crowded pedestrian areas},
  author={Salvini, Pericle and Paez-Granados, Diego and Billard, Aude},
  journal={International Journal of Social Robotics},
  volume={14},
  number={2},
  pages={441--462},
  year={2022},
  publisher={Springer}
}

@article{mavrogiannis2022social,
  title={Social momentum: Design and evaluation of a framework for socially competent robot navigation},
  author={Mavrogiannis, Christoforos and Alves-Oliveira, Patr{\'\i}cia and Thomason, Wil and Knepper, Ross A},
  journal={ACM Transactions on Human-Robot Interaction (THRI)},
  volume={11},
  number={2},
  pages={1--37},
  year={2022},
  publisher={ACM New York, NY}
}

@article{zeng2023large,
  title={Large language models for robotics: A survey},
  author={Zeng, Fanlong and Gan, Wensheng and Wang, Yongheng and Liu, Ning and Yu, Philip S},
  journal={arXiv preprint arXiv:2311.07226},
  year={2023}
}

@article{wu2024embodied,
  title={Embodied navigation with multi-modal information: A survey from tasks to methodology},
  author={Wu, Yuchen and Zhang, Pengcheng and Gu, Meiying and Zheng, Jin and Bai, Xiao},
  journal={Information Fusion},
  pages={102532},
  year={2024},
  publisher={Elsevier}
}

@article{sathyamoorthy2024convoi,
  title={CoNVOI: Context-aware Navigation using Vision Language Models in Outdoor and Indoor Environments},
  author={Sathyamoorthy, Adarsh Jagan and Weerakoon, Kasun and Elnoor, Mohamed and Zore, Anuj and Ichter, Brian and Xia, Fei and Tan, Jie and Yu, Wenhao and Manocha, Dinesh},
  journal={arXiv preprint arXiv:2403.15637},
  year={2024}
}

@article{nasiriany2024pivot,
  title={Pivot: Iterative visual prompting elicits actionable knowledge for vlms},
  author={Nasiriany, Soroush and Xia, Fei and Yu, Wenhao and Xiao, Ted and Liang, Jacky and Dasgupta, Ishita and Xie, Annie and Driess, Danny and Wahid, Ayzaan and Xu, Zhuo and others},
  journal={arXiv preprint arXiv:2402.07872},
  year={2024}
}

@article{zhang2024navid,
  title={Navid: Video-based vlm plans the next step for vision-and-language navigation},
  author={Zhang, Jiazhao and Wang, Kunyu and Xu, Rongtao and Zhou, Gengze and Hong, Yicong and Fang, Xiaomeng and Wu, Qi and Zhang, Zhizheng and Wang, He},
  journal={arXiv preprint arXiv:2402.15852},
  year={2024}
}

@article{li2024embodied,
  title={Embodied agent interface: Benchmarking llms for embodied decision making},
  author={Li, Manling and Zhao, Shiyu and Wang, Qineng and Wang, Kangrui and Zhou, Yu and Srivastava, Sanjana and Gokmen, Cem and Lee, Tony and Li, Li Erran and Zhang, Ruohan and others},
  journal={arXiv preprint arXiv:2410.07166},
  year={2024}
}

@inproceedings{cai2024bridging,
  title={Bridging zero-shot object navigation and foundation models through pixel-guided navigation skill},
  author={Cai, Wenzhe and Huang, Siyuan and Cheng, Guangran and Long, Yuxing and Gao, Peng and Sun, Changyin and Dong, Hao},
  booktitle={2024 IEEE International Conference on Robotics and Automation (ICRA)},
  pages={5228--5234},
  year={2024},
  organization={IEEE}
}

@inproceedings{wang2023gridmm,
  title={Gridmm: Grid memory map for vision-and-language navigation},
  author={Wang, Zihan and Li, Xiangyang and Yang, Jiahao and Liu, Yeqi and Jiang, Shuqiang},
  booktitle={Proceedings of the IEEE/CVF International Conference on Computer Vision},
  pages={15625--15636},
  year={2023}
}

@misc{grattafiori2024llama3herdmodels,
      title={The Llama 3 Herd of Models}, 
      author={Aaron Grattafiori and Abhimanyu Dubey and Abhinav Jauhri and et al.},
      year={2024},
      eprint={2407.21783},
      archivePrefix={arXiv},
      primaryClass={cs.AI},
      url={https://arxiv.org/abs/2407.21783}, 
}

@misc{habitatchallenge2022,
  title={Habitat Challenge 2022},
  author={Karmesh Yadav and Santhosh Kumar Ramakrishnan and John Turner and Aaron Gokaslan and Oleksandr Maksymets and Rishabh Jain and Ram Ramrakhya and Angel X Chang and Alexander Clegg and Manolis Savva and Eric Undersander and Devendra Singh Chaplot and Dhruv Batra},
  howpublished  =     {\url{https://aihabitat.org/challenge/2022/}},
  year          =     {2022}
}

@article{anderson2018evaluation,
  title={On evaluation of embodied navigation agents},
  author={Anderson, Peter and Chang, Angel and Chaplot, Devendra Singh and Dosovitskiy, Alexey and Gupta, Saurabh and Koltun, Vladlen and Kosecka, Jana and Malik, Jitendra and Mottaghi, Roozbeh and Savva, Manolis and others},
  journal={arXiv preprint arXiv:1807.06757},
  year={2018}
}


@inproceedings{zhang2021hierarchical,
  title={Hierarchical object-to-zone graph for object navigation},
  author={Zhang, Sixian and Song, Xinhang and Bai, Yubing and Li, Weijie and Chu, Yakui and Jiang, Shuqiang},
  booktitle={Proceedings of the IEEE/CVF international conference on computer vision},
  pages={15130--15140},
  year={2021}
}

@article{majumdar2022zson,
  title={Zson: Zero-shot object-goal navigation using multimodal goal embeddings},
  author={Majumdar, Arjun and Aggarwal, Gunjan and Devnani, Bhavika and Hoffman, Judy and Batra, Dhruv},
  journal={Advances in Neural Information Processing Systems},
  volume={35},
  pages={32340--32352},
  year={2022}
}

@article{batra2020objectnav,
  title={Objectnav revisited: On evaluation of embodied agents navigating to objects},
  author={Batra, Dhruv and Gokaslan, Aaron and Kembhavi, Aniruddha and Maksymets, Oleksandr and Mottaghi, Roozbeh and Savva, Manolis and Toshev, Alexander and Wijmans, Erik},
  journal={arXiv preprint arXiv:2006.13171},
  year={2020}
}

@inproceedings{fukushima2022object,
  title={Object memory transformer for object goal navigation},
  author={Fukushima, Rui and Ota, Kei and Kanezaki, Asako and Sasaki, Yoko and Yoshiyasu, Yusuke},
  booktitle={2022 International conference on robotics and automation (ICRA)},
  pages={11288--11294},
  year={2022},
  organization={IEEE}
}