@inproceedings{corso:2022:diffdock,
    title={DiffDock: Diffusion Steps, Twists, and Turns for Molecular Docking}, 
    author = {Corso, Gabriele and St√§rk, Hannes and Jing, Bowen and Barzilay, Regina and Jaakkola, Tommi},
    booktitle={International Conference on Learning Representations (ICLR)},
    year={2023}
}

@article{crampon:2022:DockingSurvey,
  title={Machine-learning methods for ligand--protein molecular docking},
  author={Crampon, Kevin and Giorkallos, Alexis and Deldossi, Myrtille and Baud, St{\'e}phanie and Steffenel, Luiz Angelo},
  journal={Drug discovery today},
  volume={27},
  number={1},
  pages={151--164},
  year={2022},
  publisher={Elsevier}
}

@article{friesner:2004:Glide,
  title={Glide: a new approach for rapid, accurate docking and scoring. 1. Method and assessment of docking accuracy},
  author={Friesner, Richard A and Banks, Jay L and Murphy, Robert B and Halgren, Thomas A and Klicic, Jasna J and Mainz, Daniel T and Repasky, Matthew P and Knoll, Eric H and Shelley, Mee and Perry, Jason K and others},
  journal={Journal of medicinal chemistry},
  volume={47},
  number={7},
  pages={1739--1749},
  year={2004},
  publisher={ACS Publications}
}

@inproceedings{huang:2024:ReDock,
  title={Re-Dock: Towards Flexible and Realistic Molecular Docking with Diffusion Bridge},
  author={Huang, Yufei and Zhang, Odin and Wu, Lirong and Tan, Cheng and Lin, Haitao and Gao, Zhangyang and Li, Siyuan and Li, Stan Z},
  booktitle={Forty-first International Conference on Machine Learning}
}

@article{jones:1997:Gold,
  title={Development and validation of a genetic algorithm for flexible docking},
  author={Jones, Gareth and Willett, Peter and Glen, Robert C and Leach, Andrew R and Taylor, Robin},
  journal={Journal of molecular biology},
  volume={267},
  number={3},
  pages={727--748},
  year={1997},
  publisher={Elsevier}
}

@article{koes:2013:Smina,
  title={Lessons learned in empirical scoring with smina from the CSAR 2011 benchmarking exercise},
  author={Koes, David Ryan and Baumgartner, Matthew P and Camacho, Carlos J},
  journal={Journal of chemical information and modeling},
  volume={53},
  number={8},
  pages={1893--1904},
  year={2013},
  publisher={ACS Publications}
}

@article{lu:2022:NIPS:tankbind,
  title={Tankbind: Trigonometry-aware neural networks for drug-protein binding structure prediction},
  author={Lu, Wei and Wu, Qifeng and Zhang, Jixian and Rao, Jiahua and Li, Chengtao and Zheng, Shuangjia},
  journal={Advances in neural information processing systems},
  volume={35},
  pages={7236--7249},
  year={2022}
}

@article{lu:2024:NatCom:dynamicbind,
  title={DynamicBind: predicting ligand-specific protein-ligand complex structure with a deep equivariant generative model},
  author={Lu, Wei and Zhang, Jixian and Huang, Weifeng and Zhang, Ziqiao and Jia, Xiangyu and Wang, Zhenyu and Shi, Leilei and Li, Chengtao and Wolynes, Peter G and Zheng, Shuangjia},
  journal={Nature Communications},
  volume={15},
  number={1},
  pages={1071},
  year={2024},
  publisher={Nature Publishing Group UK London}
}

@article{mcnutt:2021:Gnina,
  title={GNINA 1.0: molecular docking with deep learning},
  author={McNutt, Andrew T and Francoeur, Paul and Aggarwal, Rishal and Masuda, Tomohide and Meli, Rocco and Ragoza, Matthew and Sunseri, Jocelyn and Koes, David Ryan},
  journal={Journal of cheminformatics},
  volume={13},
  number={1},
  pages={43},
  year={2021},
  publisher={Springer}
}

@article{pei:2024:NIPS:fabind,
  title={FABind: Fast and accurate protein-ligand binding},
  author={Pei, Qizhi and Gao, Kaiyuan and Wu, Lijun and Zhu, Jinhua and Xia, Yingce and Xie, Shufang and Qin, Tao and He, Kun and Liu, Tie-Yan and Yan, Rui},
  journal={Advances in Neural Information Processing Systems},
  volume={36},
  year={2024}
}

@article{qiao:2024:NeuralPLexer:NMI,
  title={State-specific protein--ligand complex structure prediction with a multiscale deep generative model},
  author={Qiao, Zhuoran and Nie, Weili and Vahdat, Arash and Miller III, Thomas F and Anandkumar, Animashree},
  journal={Nature Machine Intelligence},
  volume={6},
  number={2},
  pages={195--208},
  year={2024},
  publisher={Nature Publishing Group UK London}
}

@inproceedings{stark:2022:ICML:Equibind,
  title={Equibind: Geometric deep learning for drug binding structure prediction},
  author={St{\"a}rk, Hannes and Ganea, Octavian and Pattanaik, Lagnajit and Barzilay, Regina and Jaakkola, Tommi},
  booktitle={International conference on machine learning},
  pages={20503--20521},
  year={2022},
  organization={PMLR}
}

@article{trott:2010:Vina,
  title={AutoDock Vina: improving the speed and accuracy of docking with a new scoring function, efficient optimization, and multithreading},
  author={Trott, Oleg and Olson, Arthur J},
  journal={Journal of computational chemistry},
  volume={31},
  number={2},
  pages={455--461},
  year={2010},
  publisher={Wiley Online Library}
}

@inproceedings{zhang:2023:ICLR:E3bind,
  title={E3Bind: An End-to-End Equivariant Network for Protein-Ligand Docking},
  author={Zhang, Yangtian and Cai, Huiyu and Shi, Chence and Tang, Jian},
  booktitle={The Eleventh International Conference on Learning Representations},
  year={2023},
}

@article{zhang:2024:PackDock,
  title={PackDock: a Diffusion Based Side Chain Packing Model for Flexible Protein-Ligand Docking},
  author={Zhang, Runze and Jiang, Xinyu and Cao, Duanhua and Yu, Jie and Chen, Mingan and Fan, Zhehuan and Kong, Xiangtai and Xiong, Jiacheng and Zhang, Zimei and Zhang, Wei and others},
  journal={bioRxiv},
  pages={2024--01},
  year={2024},
  publisher={Cold Spring Harbor Laboratory}
}

