@article{trott:2010:Vina,
  title={AutoDock Vina: improving the speed and accuracy of docking with a new scoring function, efficient optimization, and multithreading},
  author={Trott, Oleg and Olson, Arthur J},
  journal={Journal of computational chemistry},
  volume={31},
  number={2},
  pages={455--461},
  year={2010},
  publisher={Wiley Online Library}
}
@article{friesner:2004:Glide,
  title={Glide: a new approach for rapid, accurate docking and scoring. 1. Method and assessment of docking accuracy},
  author={Friesner, Richard A and Banks, Jay L and Murphy, Robert B and Halgren, Thomas A and Klicic, Jasna J and Mainz, Daniel T and Repasky, Matthew P and Knoll, Eric H and Shelley, Mee and Perry, Jason K and others},
  journal={Journal of medicinal chemistry},
  volume={47},
  number={7},
  pages={1739--1749},
  year={2004},
  publisher={ACS Publications}
}
@article{mcnutt:2021:Gnina,
  title={GNINA 1.0: molecular docking with deep learning},
  author={McNutt, Andrew T and Francoeur, Paul and Aggarwal, Rishal and Masuda, Tomohide and Meli, Rocco and Ragoza, Matthew and Sunseri, Jocelyn and Koes, David Ryan},
  journal={Journal of cheminformatics},
  volume={13},
  number={1},
  pages={43},
  year={2021},
  publisher={Springer}
}
@article{pei:2024:NIPS:fabind,
  title={FABind: Fast and accurate protein-ligand binding},
  author={Pei, Qizhi and Gao, Kaiyuan and Wu, Lijun and Zhu, Jinhua and Xia, Yingce and Xie, Shufang and Qin, Tao and He, Kun and Liu, Tie-Yan and Yan, Rui},
  journal={Advances in Neural Information Processing Systems},
  volume={36},
  year={2024}
}
@article{lu:2024:NatCom:dynamicbind,
  title={DynamicBind: predicting ligand-specific protein-ligand complex structure with a deep equivariant generative model},
  author={Lu, Wei and Zhang, Jixian and Huang, Weifeng and Zhang, Ziqiao and Jia, Xiangyu and Wang, Zhenyu and Shi, Leilei and Li, Chengtao and Wolynes, Peter G and Zheng, Shuangjia},
  journal={Nature Communications},
  volume={15},
  number={1},
  pages={1071},
  year={2024},
  publisher={Nature Publishing Group UK London}
}
@article{lu:2022:NIPS:tankbind,
  title={Tankbind: Trigonometry-aware neural networks for drug-protein binding structure prediction},
  author={Lu, Wei and Wu, Qifeng and Zhang, Jixian and Rao, Jiahua and Li, Chengtao and Zheng, Shuangjia},
  journal={Advances in neural information processing systems},
  volume={35},
  pages={7236--7249},
  year={2022}
}
@article{gao:2024:fabind+,
  title={FABind+: Enhancing Molecular Docking through Improved Pocket Prediction and Pose Generation},
  author={Gao, Kaiyuan and Pei, Qizhi and Zhu, Jinhua and Qin, Tao and He, Kun and Liu, Tie-Yan and Wu, Lijun},
  journal={arXiv preprint arXiv:2403.20261},
  year={2024}
}
@article{landrum:2013:rdkit,
  title={RDKit: A software suite for cheminformatics, computational chemistry, and predictive modeling},
  author={Landrum, Greg and others},
  journal={Greg Landrum},
  volume={8},
  number={31.10},
  pages={5281},
  year={2013}
}
@article{zhu:2022:torchdrug,
  title={Torchdrug: A powerful and flexible machine learning platform for drug discovery},
  author={Zhu, Zhaocheng and Shi, Chence and Zhang, Zuobai and Liu, Shengchao and Xu, Minghao and Yuan, Xinyu and Zhang, Yangtian and Chen, Junkun and Cai, Huiyu and Lu, Jiarui and others},
  journal={arXiv preprint arXiv:2202.08320},
  year={2022}
}
@article{lin:2022:ESM2,
  title={Language models of protein sequences at the scale of evolution enable accurate structure prediction},
  author={Lin, Zeming and Akin, Halil and Rao, Roshan and Hie, Brian and Zhu, Zhongkai and Lu, Wenting and dos Santos Costa, Allan and Fazel-Zarandi, Maryam and Sercu, Tom and Candido, Sal and others},
  journal={BioRxiv},
  volume={2022},
  pages={500902},
  year={2022},
  publisher={Cold Spring Harbor Laboratory}
}
@article{senior:2020:AlphaFold1,
  title={Improved protein structure prediction using potentials from deep learning},
  author={Senior, Andrew W and Evans, Richard and Jumper, John and Kirkpatrick, James and Sifre, Laurent and Green, Tim and Qin, Chongli and {\v{Z}}{\'\i}dek, Augustin and Nelson, Alexander WR and Bridgland, Alex and others},
  journal={Nature},
  volume={577},
  number={7792},
  pages={706--710},
  year={2020},
  publisher={Nature Publishing Group UK London}
}
@article{jumper:2021:Nature:AlphaFold2,
  title={Highly accurate protein structure prediction with AlphaFold},
  author={Jumper, John and Evans, Richard and Pritzel, Alexander and Green, Tim and Figurnov, Michael and Ronneberger, Olaf and Tunyasuvunakool, Kathryn and Bates, Russ and {\v{Z}}{\'\i}dek, Augustin and Potapenko, Anna and others},
  journal={Nature},
  volume={596},
  number={7873},
  pages={583--589},
  year={2021},
  publisher={Nature Publishing Group}
}
@article{abramson:2024:AlphaFold3,
  title={Accurate structure prediction of biomolecular interactions with AlphaFold 3},
  author={Abramson, Josh and Adler, Jonas and Dunger, Jack and Evans, Richard and Green, Tim and Pritzel, Alexander and Ronneberger, Olaf and Willmore, Lindsay and Ballard, Andrew J and Bambrick, Joshua and others},
  journal={Nature},
  pages={1--3},
  year={2024},
  publisher={Nature Publishing Group UK London}
}
@article{eldridge:1997:ChemScore,
  title={Empirical scoring functions: I. The development of a fast empirical scoring function to estimate the binding affinity of ligands in receptor complexes},
  author={Eldridge, Matthew D and Murray, Christopher W and Auton, Timothy R and Paolini, Gaia V and Mee, Roger P},
  journal={Journal of computer-aided molecular design},
  volume={11},
  pages={425--445},
  year={1997},
  publisher={Springer}
}
@article{koes:2013:Smina,
  title={Lessons learned in empirical scoring with smina from the CSAR 2011 benchmarking exercise},
  author={Koes, David Ryan and Baumgartner, Matthew P and Camacho, Carlos J},
  journal={Journal of chemical information and modeling},
  volume={53},
  number={8},
  pages={1893--1904},
  year={2013},
  publisher={ACS Publications}
}
@article{jones:1997:Gold,
  title={Development and validation of a genetic algorithm for flexible docking},
  author={Jones, Gareth and Willett, Peter and Glen, Robert C and Leach, Andrew R and Taylor, Robin},
  journal={Journal of molecular biology},
  volume={267},
  number={3},
  pages={727--748},
  year={1997},
  publisher={Elsevier}
}
@article{crampon:2022:DockingSurvey,
  title={Machine-learning methods for ligand--protein molecular docking},
  author={Crampon, Kevin and Giorkallos, Alexis and Deldossi, Myrtille and Baud, St{\'e}phanie and Steffenel, Luiz Angelo},
  journal={Drug discovery today},
  volume={27},
  number={1},
  pages={151--164},
  year={2022},
  publisher={Elsevier}
}
@article{zhang:2024:PackDock,
  title={PackDock: a Diffusion Based Side Chain Packing Model for Flexible Protein-Ligand Docking},
  author={Zhang, Runze and Jiang, Xinyu and Cao, Duanhua and Yu, Jie and Chen, Mingan and Fan, Zhehuan and Kong, Xiangtai and Xiong, Jiacheng and Zhang, Zimei and Zhang, Wei and others},
  journal={bioRxiv},
  pages={2024--01},
  year={2024},
  publisher={Cold Spring Harbor Laboratory}
}
@article{qiao:2024:NeuralPLexer:NMI,
  title={State-specific protein--ligand complex structure prediction with a multiscale deep generative model},
  author={Qiao, Zhuoran and Nie, Weili and Vahdat, Arash and Miller III, Thomas F and Anandkumar, Animashree},
  journal={Nature Machine Intelligence},
  volume={6},
  number={2},
  pages={195--208},
  year={2024},
  publisher={Nature Publishing Group UK London}
}
@article{morris:1996:distributed,
  title={Distributed automated docking of flexible ligands to proteins: parallel applications of AutoDock 2.4},
  author={Morris, Garrett M and Goodsell, David S and Huey, Ruth and Olson, Arthur J},
  journal={Journal of computer-aided molecular design},
  volume={10},
  pages={293--304},
  year={1996},
  publisher={Springer}
}
@article{morris:2008:molecular,
  title={Molecular docking},
  author={Morris, Garrett M and Lim-Wilby, Marguerita},
  journal={Molecular modeling of proteins},
  pages={365--382},
  year={2008},
  publisher={Springer}
}
@article{agarwal:2016:overview,
  title={An overview of molecular docking},
  author={Agarwal, Shweta and Mehrotra, RJJC},
  journal={JSM chem},
  volume={4},
  number={2},
  pages={1024--1028},
  year={2016}
}
@article{krivak:2018:P2Rank,
  title={P2Rank: machine learning based tool for rapid and accurate prediction of ligand binding sites from protein structure},
  author={Kriv{\'a}k, Radoslav and Hoksza, David},
  journal={Journal of cheminformatics},
  volume={10},
  pages={1--12},
  year={2018},
  publisher={Springer}
}
@article{sahu:2024:flexibledocking,
  title={A review on molecular docking as an interpretative tool for molecular targets in disease management},
  author={Sahu, Divya and Rathor, Lokendra Singh and Dwivedi, Shradha Devi and Shah, Kamal and Chauhan, Nagendra Singh and Singh, Manju Rawat and Singh, Deependra},
  journal={Assay and drug development technologies},
  volume={22},
  number={1},
  pages={40--50},
  year={2024},
  publisher={Mary Ann Liebert, Inc., publishers 140 Huguenot Street, 3rd Floor New~â€¦}
}
@article{yang:2023:DiffusionModel:survey,
  title={Diffusion models: A comprehensive survey of methods and applications},
  author={Yang, Ling and Zhang, Zhilong and Song, Yang and Hong, Shenda and Xu, Runsheng and Zhao, Yue and Zhang, Wentao and Cui, Bin and Yang, Ming-Hsuan},
  journal={ACM Computing Surveys},
  volume={56},
  number={4},
  pages={1--39},
  year={2023},
  publisher={ACM New York, NY, USA}
}
@article{ilari:2008:X-ray,
  title={Protein structure determination by x-ray crystallography},
  author={Ilari, Andrea and Savino, Carmelinda},
  journal={Bioinformatics: Data, Sequence Analysis and Evolution},
  pages={63--87},
  year={2008},
  publisher={Springer}
}
@article{huang:2017:NMRS,
  title={Structures of large protein complexes determined by nuclear magnetic resonance spectroscopy},
  author={Huang, Chengdong and Kalodimos, Charalampos G},
  journal={Annual review of biophysics},
  volume={46},
  number={1},
  pages={317--336},
  year={2017},
  publisher={Annual Reviews}
}
@article{bonomi:2019:Cryo,
  title={Determination of protein structural ensembles using cryo-electron microscopy},
  author={Bonomi, Massimiliano and Vendruscolo, Michele},
  journal={Current Opinion in Structural Biology},
  volume={56},
  pages={37--45},
  year={2019},
  publisher={Elsevier}
}
@article{wu:2020:GNN:survey,
  title={A comprehensive survey on graph neural networks},
  author={Wu, Zonghan and Pan, Shirui and Chen, Fengwen and Long, Guodong and Zhang, Chengqi and Philip, S Yu},
  journal={IEEE transactions on neural networks and learning systems},
  volume={32},
  number={1},
  pages={4--24},
  year={2020},
  publisher={IEEE}
}
@article{riniker:2015:ETKDG,
  title={Better informed distance geometry: using what we know to improve conformation generation},
  author={Riniker, Sereina and Landrum, Gregory A},
  journal={Journal of chemical information and modeling},
  volume={55},
  number={12},
  pages={2562--2574},
  year={2015},
  publisher={ACS Publications}
}
@article{jiang:2024:PocketFlow,
  title={Pocketflow is a data-and-knowledge-driven structure-based molecular generative model},
  author={Jiang, Yuanyuan and Zhang, Guo and You, Jing and Zhang, Hailin and Yao, Rui and Xie, Huanzhang and Zhang, Liyun and Xia, Ziyi and Dai, Mengzhe and Wu, Yunjie and others},
  journal={Nature Machine Intelligence},
  volume={6},
  number={3},
  pages={326--337},
  year={2024},
  publisher={Nature Publishing Group UK London}
}
@article{lamb:2016:teacher-forcing,
  title={Professor forcing: A new algorithm for training recurrent networks},
  author={Lamb, Alex M and ALIAS PARTH GOYAL, Anirudh Goyal and Zhang, Ying and Zhang, Saizheng and Courville, Aaron C and Bengio, Yoshua},
  journal={Advances in neural information processing systems},
  volume={29},
  year={2016}
}

@inproceedings{satorras:2021:ICML:EGNN,
  title={E (n) equivariant graph neural networks},
  author={Satorras, V{\i}ctor Garcia and Hoogeboom, Emiel and Welling, Max},
  booktitle={International conference on machine learning},
  pages={9323--9332},
  year={2021},
  organization={PMLR}
}
@inproceedings{stark:2022:ICML:Equibind,
  title={Equibind: Geometric deep learning for drug binding structure prediction},
  author={St{\"a}rk, Hannes and Ganea, Octavian and Pattanaik, Lagnajit and Barzilay, Regina and Jaakkola, Tommi},
  booktitle={International conference on machine learning},
  pages={20503--20521},
  year={2022},
  organization={PMLR}
}
@inproceedings{zhang:2023:ICLR:E3bind,
  title={E3Bind: An End-to-End Equivariant Network for Protein-Ligand Docking},
  author={Zhang, Yangtian and Cai, Huiyu and Shi, Chence and Tang, Jian},
  booktitle={The Eleventh International Conference on Learning Representations},
  year={2023},
}
@inproceedings{zhou:2023:UniMol,
  title={Uni-Mol: A Universal 3D Molecular Representation Learning Framework},
  author={Zhou, Gengmo and Gao, Zhifeng and Ding, Qiankun and Zheng, Hang and Xu, Hongteng and Wei, Zhewei and Zhang, Linfeng and Ke, Guolin},
  booktitle={The Eleventh International Conference on Learning Representations}
}
@inproceedings{corso:2024:DockGen,
  title={Deep Confident Steps to New Pockets: Strategies for Docking Generalization},
  author={Corso, Gabriele and Deng, Arthur and Polizzi, Nicholas and Barzilay, Regina and Jaakkola, Tommi S},
  booktitle={The Twelfth International Conference on Learning Representations}
}
@inproceedings{corso:2022:diffdock,
    title={DiffDock: Diffusion Steps, Twists, and Turns for Molecular Docking}, 
    author = {Corso, Gabriele and StÃ¤rk, Hannes and Jing, Bowen and Barzilay, Regina and Jaakkola, Tommi},
    booktitle={International Conference on Learning Representations (ICLR)},
    year={2023}
}
@inproceedings{huang:2024:ReDock,
  title={Re-Dock: Towards Flexible and Realistic Molecular Docking with Diffusion Bridge},
  author={Huang, Yufei and Zhang, Odin and Wu, Lirong and Tan, Cheng and Lin, Haitao and Gao, Zhangyang and Li, Siyuan and Li, Stan Z},
  booktitle={Forty-first International Conference on Machine Learning}
}

@book{nocedal:1999:numericalOptimization,
  title={Numerical optimization},
  author={Nocedal, Jorge and Wright, Stephen J},
  year={1999},
  publisher={Springer}
}
@article{wang:2002:X-Score,
  title={Further development and validation of empirical scoring functions for structure-based binding affinity prediction},
  author={Wang, Renxiao and Lai, Luhua and Wang, Shaomeng},
  journal={Journal of computer-aided molecular design},
  volume={16},
  pages={11--26},
  year={2002},
  publisher={Springer}
}
@article{henzler:2007:Dynamic,
  title={Dynamic personalities of proteins},
  author={Henzler-Wildman, Katherine and Kern, Dorothee},
  journal={Nature},
  volume={450},
  number={7172},
  pages={964--972},
  year={2007},
  publisher={Nature Publishing Group UK London}
}
@article{lane:2023:protein,
  title={Protein structure prediction has reached the single-structure frontier},
  author={Lane, Thomas J},
  journal={Nature Methods},
  volume={20},
  number={2},
  pages={170--173},
  year={2023},
  publisher={Nature Publishing Group US New York}
}
@article{popovych:2006:dynamically,
  title={Dynamically driven protein allostery},
  author={Popovych, Nataliya and Sun, Shangjin and Ebright, Richard H and Kalodimos, Charalampos G},
  journal={Nature structural \& molecular biology},
  volume={13},
  number={9},
  pages={831--838},
  year={2006},
  publisher={Nature Publishing Group US New York}
}
@article{yan:2024:MBP,
  title={Multi-task bioassay pre-training for protein-ligand binding affinity prediction},
  author={Yan, Jiaxian and Ye, Zhaofeng and Yang, Ziyi and Lu, Chengqiang and Zhang, Shengyu and Liu, Qi and Qiu, Jiezhong},
  journal={Briefings in Bioinformatics},
  volume={25},
  number={1},
  pages={bbad451},
  year={2024},
  publisher={Oxford University Press}
}
@article{plainer:2023:diffdockpocket,
  author = {Plainer, Michael and Toth, Marcella and Dobers, Simon and St{\"a}rk, Hannes and Corso, Gabriele and Marquet, C{\'e}line and Barzilay, Regina},
  title = {{DiffDock-Pocket}: Diffusion for Pocket-Level Docking with Sidechain Flexibility},
  year = {2023},
  maintitle = {Advances in Neural Information Processing Systems},
  booktitle = {Machine Learning in Structural Biology},
}
@inproceedings{corso:2024:ICLR:diffdock-l,
  title={Deep Confident Steps to New Pockets: Strategies for Docking Generalization},
  author={Corso, Gabriele and Deng, Arthur and Polizzi, Nicholas and Barzilay, Regina and Jaakkola, Tommi S},
  booktitle={The Twelfth International Conference on Learning Representations},
  year={2024}
}
@article{buttenschoen:2024:posebusters,
  title={PoseBusters: AI-based docking methods fail to generate physically valid poses or generalise to novel sequences},
  author={Buttenschoen, Martin and Morris, Garrett M and Deane, Charlotte M},
  journal={Chemical Science},
  volume={15},
  number={9},
  pages={3130--3139},
  year={2024},
  publisher={Royal Society of Chemistry}
}