@inproceedings{bayesdag,
  author       = {Yashas Annadani and
                  Nick Pawlowski and
                  Joel Jennings and
                  Stefan Bauer and
                  Cheng Zhang and
                  Wenbo Gong},
  editor       = {Alice Oh and
                  Tristan Naumann and
                  Amir Globerson and
                  Kate Saenko and
                  Moritz Hardt and
                  Sergey Levine},
  title        = {BayesDAG: Gradient-Based Posterior Inference for Causal Discovery},
  booktitle    = {Advances in Neural Information Processing Systems 36: Annual Conference
                  on Neural Information Processing Systems 2023, NeurIPS 2023, New Orleans,
                  LA, USA, December 10 - 16, 2023},
  year         = {2023},
  url          = {http://papers.nips.cc/paper\_files/paper/2023/hash/05cf28e3d3c9a179d789c55270fe6f72-Abstract-Conference.html},
  timestamp    = {Fri, 01 Mar 2024 16:26:19 +0100},
  biburl       = {https://dblp.org/rec/conf/nips/AnnadaniPJB0023.bib},
  bibsource    = {dblp computer science bibliography, https://dblp.org}
}

@misc{boeken2025bayesiannetworkstypicallyfaithful,
      title={Are Bayesian networks typically faithful?}, 
      author={Philip Boeken and Patrick Forré and Joris M. Mooij},
      year={2025},
      eprint={2410.16004},
      archivePrefix={arXiv},
      primaryClass={math.ST},
      url={https://arxiv.org/abs/2410.16004}, 
}

@article{dagma,
  title={Dagma: Learning dags via m-matrices and a log-determinant acyclicity characterization},
  author={Bello, Kevin and Aragam, Bryon and Ravikumar, Pradeep},
  journal={Advances in Neural Information Processing Systems},
  volume={35},
  pages={8226--8239},
  year={2022}
}

@article{dcdfg,
  title={Large-scale differentiable causal discovery of factor graphs},
  author={Lopez, Romain and H{\"u}tter, Jan-Christian and Pritchard, Jonathan and Regev, Aviv},
  journal={Advances in Neural Information Processing Systems},
  volume={35},
  pages={19290--19303},
  year={2022}
}

@inproceedings{dcdi,
  author       = {Philippe Brouillard and
                  S{\'{e}}bastien Lachapelle and
                  Alexandre Lacoste and
                  Simon Lacoste{-}Julien and
                  Alexandre Drouin},
  editor       = {Hugo Larochelle and
                  Marc'Aurelio Ranzato and
                  Raia Hadsell and
                  Maria{-}Florina Balcan and
                  Hsuan{-}Tien Lin},
  title        = {Differentiable Causal Discovery from Interventional Data},
  booktitle    = {Advances in Neural Information Processing Systems 33: Annual Conference
                  on Neural Information Processing Systems 2020, NeurIPS 2020, December
                  6-12, 2020, virtual},
  year         = {2020},
  url          = {https://proceedings.neurips.cc/paper/2020/hash/f8b7aa3a0d349d9562b424160ad18612-Abstract.html},
  timestamp    = {Tue, 19 Jan 2021 15:57:40 +0100},
  biburl       = {https://dblp.org/rec/conf/nips/BrouillardLLLD20.bib},
  bibsource    = {dblp computer science bibliography, https://dblp.org}
}

@inproceedings{dibs,
  author       = {Lars Lorch and
                  Jonas Rothfuss and
                  Bernhard Sch{\"{o}}lkopf and
                  Andreas Krause},
  editor       = {Marc'Aurelio Ranzato and
                  Alina Beygelzimer and
                  Yann N. Dauphin and
                  Percy Liang and
                  Jennifer Wortman Vaughan},
  title        = {DiBS: Differentiable Bayesian Structure Learning},
  booktitle    = {Advances in Neural Information Processing Systems 34: Annual Conference
                  on Neural Information Processing Systems 2021, NeurIPS 2021, December
                  6-14, 2021, virtual},
  pages        = {24111--24123},
  year         = {2021},
  url          = {https://proceedings.neurips.cc/paper/2021/hash/ca6ab34959489659f8c3776aaf1f8efd-Abstract.html},
  timestamp    = {Tue, 03 May 2022 16:20:49 +0200},
  biburl       = {https://dblp.org/rec/conf/nips/LorchRSK21.bib},
  bibsource    = {dblp computer science bibliography, https://dblp.org}
}

@article{geometry_of_faithfulness,
   title={Geometry of the faithfulness assumption in causal inference},
   volume={41},
   ISSN={0090-5364},
   url={http://dx.doi.org/10.1214/12-AOS1080},
   DOI={10.1214/12-aos1080},
   number={2},
   journal={The Annals of Statistics},
   publisher={Institute of Mathematical Statistics},
   author={Uhler, Caroline and Raskutti, Garvesh and Bühlmann, Peter and Yu, Bin},
   year={2013},
   month=apr }

@article{grandag,
  title={Gradient-based neural dag learning},
  author={Lachapelle, S{\'e}bastien and Brouillard, Philippe and Deleu, Tristan and Lacoste-Julien, Simon},
  journal={arXiv preprint arXiv:1906.02226},
  year={2019}
}

@inproceedings{nobears,
  title={Scaling structural learning with NO-BEARS to infer causal transcriptome networks},
  author={Lee, Hao-Chih and Danieletto, Matteo and Miotto, Riccardo and Cherng, Sarah T and Dudley, Joel T},
  booktitle={Pacific Symposium on Biocomputing 2020},
  pages={391--402},
  year={2019},
  organization={World Scientific}
}

@inproceedings{nocurl,
  title={DAGs with no curl: An efficient DAG structure learning approach},
  author={Yu, Yue and Gao, Tian and Yin, Naiyu and Ji, Qiang},
  booktitle={International Conference on Machine Learning},
  pages={12156--12166},
  year={2021},
  organization={Pmlr}
}

@inproceedings{notears,
  author       = {Xun Zheng and
                  Bryon Aragam and
                  Pradeep Ravikumar and
                  Eric P. Xing},
  editor       = {Samy Bengio and
                  Hanna M. Wallach and
                  Hugo Larochelle and
                  Kristen Grauman and
                  Nicol{\`{o}} Cesa{-}Bianchi and
                  Roman Garnett},
  title        = {DAGs with {NO} {TEARS:} Continuous Optimization for Structure Learning},
  booktitle    = {Advances in Neural Information Processing Systems 31: Annual Conference
                  on Neural Information Processing Systems 2018, NeurIPS 2018, December
                  3-8, 2018, Montr{\'{e}}al, Canada},
  pages        = {9492--9503},
  year         = {2018},
  url          = {https://proceedings.neurips.cc/paper/2018/hash/e347c51419ffb23ca3fd5050202f9c3d-Abstract.html},
  biburl       = {https://dblp.org/rec/conf/nips/ZhengARX18.bib},
}

@book{pearl,
  author = {Pearl, Judea},
  doi = {10.1017/CBO9780511803161},
  edition = 2,
  publisher = {Cambridge University Press},
  subtitle = {Models, Reasoning, and Inference},
  title = {Causality},
  year = 2009
}

@inproceedings{score,
  title={Score matching enables causal discovery of nonlinear additive noise models},
  author={Rolland, Paul and Cevher, Volkan and Kleindessner, Matth{\"a}us and Russell, Chris and Janzing, Dominik and Sch{\"o}lkopf, Bernhard and Locatello, Francesco},
  booktitle={International Conference on Machine Learning},
  pages={18741--18753},
  year={2022},
  organization={PMLR}
}

@inproceedings{sdcd,
  author       = {Achille Nazaret and
                  Justin Hong and
                  Elham Azizi and
                  David M. Blei},
  title        = {Stable Differentiable Causal Discovery},
  booktitle    = {Forty-first International Conference on Machine Learning, {ICML} 2024,
                  Vienna, Austria, July 21-27, 2024},
  publisher    = {OpenReview.net},
  year         = {2024},
  url          = {https://openreview.net/forum?id=JJZBZW28Gn},
  timestamp    = {Mon, 02 Sep 2024 16:55:26 +0200},
  biburl       = {https://dblp.org/rec/conf/icml/NazaretHAB24.bib},
  bibsource    = {dblp computer science bibliography, https://dblp.org}
}

@inproceedings{zhang2003faithfulness,
  author       = {Jiji Zhang and
                  Peter Spirtes},
  editor       = {Christopher Meek and
                  Uffe Kj{\ae}rulff},
  title        = {Strong Faithfulness and Uniform Consistency in Causal Inference},
  booktitle    = {{UAI} '03, Proceedings of the 19th Conference in Uncertainty in Artificial
                  Intelligence, Acapulco, Mexico, August 7-10 2003},
  pages        = {632--639},
  publisher    = {Morgan Kaufmann},
  year         = {2003},
  url          = {https://dslpitt.org/uai/displayArticleDetails.jsp?mmnu=1\&smnu=2\&article\_id=983\&proceeding\_id=19},
  timestamp    = {Wed, 03 Feb 2021 11:09:25 +0100},
  biburl       = {https://dblp.org/rec/conf/uai/ZhangS03.bib},
  bibsource    = {dblp computer science bibliography, https://dblp.org}
}

