@INPROCEEDINGS{9710267,
  author={Wang, Yuxi and Peng, Junran and Zhang, Zhaoxiang},
  booktitle={2021 IEEE/CVF International Conference on Computer Vision (ICCV)}, 
  title={Uncertainty-aware Pseudo Label Refinery for Domain Adaptive Semantic Segmentation}, 
  year={2021},
  volume={},
  number={},
  pages={9072-9081},
  doi={10.1109/ICCV48922.2021.00896}}

@inproceedings{cao2022swin,
  title={Swin-unet: Unet-like pure transformer for medical image segmentation},
  author={Cao, Hu and Wang, Yueyue and Chen, Joy and Jiang, Dongsheng and Zhang, Xiaopeng and Tian, Qi and Wang, Manning},
  booktitle={European conference on computer vision},
  pages={205--218},
  year={2022},
  organization={Springer}
}

@article{chen2024transunet,
  title={TransUNet: Rethinking the U-Net architecture design for medical image segmentation through the lens of transformers},
  author={Chen, Jieneng and Mei, Jieru and Li, Xianhang and Lu, Yongyi and Yu, Qihang and Wei, Qingyue and Luo, Xiangde and Xie, Yutong and Adeli, Ehsan and Wang, Yan and others},
  journal={Medical Image Analysis},
  pages={103280},
  year={2024},
  publisher={Elsevier}
}

@article{dao2024transformers,
  title={Transformers are SSMs: Generalized models and efficient algorithms through structured state space duality},
  author={Dao, Tri and Gu, Albert},
  journal={arXiv preprint arXiv:2405.21060},
  year={2024}
}

@article{dosovitskiy2020image,
  title={An image is worth 16x16 words: Transformers for image recognition at scale},
  author={Dosovitskiy, Alexey and Beyer, Lucas and Kolesnikov, Alexander and Weissenborn, Dirk and Zhai, Xiaohua and Unterthiner, Thomas and Dehghani, Mostafa and Minderer, Matthias and Heigold, Georg and Gelly, Sylvain and others},
  journal={ICLR},
  year={2021}
}

@inproceedings{fan2022ucc,
  title={Ucc: Uncertainty guided cross-head co-training for semi-supervised semantic segmentation},
  author={Fan, Jiashuo and Gao, Bin and Jin, Huan and Jiang, Lihui},
  booktitle={Proceedings of the IEEE/CVF conference on computer vision and pattern recognition},
  pages={9947--9956},
  year={2022}
}

@article{fan2024slicemamba,
  title={SliceMamba for Medical Image Segmentation},
  author={Fan, Chao and Yu, Hongyuan and Wang, Luo and Huang, Yan and Wang, Liang and Jia, Xibin},
  journal={arXiv preprint arXiv:2407.08481},
  year={2024}
}

@article{fu2021review,
  title={A review of deep learning based methods for medical image multi-organ segmentation},
  author={Fu, Yabo and Lei, Yang and Wang, Tonghe and Curran, Walter J and Liu, Tian and Yang, Xiaofeng},
  journal={Physica Medica},
  volume={85},
  pages={107--122},
  year={2021},
  publisher={Elsevier}
}

@article{gu2023mamba,
  title={Mamba: Linear-time sequence modeling with selective state spaces},
  author={Gu, Albert and Dao, Tri},
  journal={arXiv preprint arXiv:2312.00752},
  year={2023}
}

@inproceedings{hatamizadeh2022unetr,
  title={Unetr: Transformers for 3d medical image segmentation},
  author={Hatamizadeh, Ali and Tang, Yucheng and Nath, Vishwesh and Yang, Dong and Myronenko, Andriy and Landman, Bennett and Roth, Holger R and Xu, Daguang},
  booktitle={Proceedings of the IEEE/CVF winter conference on applications of computer vision},
  pages={574--584},
  year={2022}
}

@article{he2024mambaad,
  title={Mambaad: Exploring state space models for multi-class unsupervised anomaly detection},
  author={He, Haoyang and Bai, Yuhu and Zhang, Jiangning and He, Qingdong and Chen, Hongxu and Gan, Zhenye and Wang, Chengjie and Li, Xiangtai and Tian, Guanzhong and Xie, Lei},
  journal={arXiv preprint arXiv:2404.06564},
  year={2024}
}

@article{huang2021missformer,
  title={Missformer: An effective medical image segmentation transformer},
  author={Huang, Xiaohong and Deng, Zhifang and Li, Dandan and Yuan, Xueguang},
  journal={arXiv preprint arXiv:2109.07162},
  year={2021}
}

@article{huang2022missformer,
  title={Missformer: An effective transformer for 2d medical image segmentation},
  author={Huang, Xiaohong and Deng, Zhifang and Li, Dandan and Yuan, Xueguang and Fu, Ying},
  journal={IEEE Transactions on Medical Imaging},
  volume={42},
  number={5},
  pages={1484--1494},
  year={2022},
  publisher={IEEE}
}

@article{ji2022amos,
  title={Amos: A large-scale abdominal multi-organ benchmark for versatile medical image segmentation},
  author={Ji, Yuanfeng and Bai, Haotian and Ge, Chongjian and Yang, Jie and Zhu, Ye and Zhang, Ruimao and Li, Zhen and Zhanng, Lingyan and Ma, Wanling and Wan, Xiang and others},
  journal={Advances in neural information processing systems},
  volume={35},
  pages={36722--36732},
  year={2022}
}

@inproceedings{le2023rrc,
  title={RRc-UNet 3D for lung tumor segmentation from CT scans of Non-Small Cell Lung Cancer patients},
  author={Le, Van-Linh and Saut, Olivier},
  booktitle={Proceedings of the IEEE/CVF International Conference on Computer Vision},
  pages={2316--2325},
  year={2023}
}

@article{li2023region,
  title={Region-based evidential deep learning to quantify uncertainty and improve robustness of brain tumor segmentation},
  author={Li, Hao and Nan, Yang and Del Ser, Javier and Yang, Guang},
  journal={Neural Computing and Applications},
  volume={35},
  number={30},
  pages={22071--22085},
  year={2023},
  publisher={Springer}
}

@article{lin2022ds,
  title={Ds-transunet: Dual swin transformer u-net for medical image segmentation},
  author={Lin, Ailiang and Chen, Bingzhi and Xu, Jiayu and Zhang, Zheng and Lu, Guangming and Zhang, David},
  journal={IEEE Transactions on Instrumentation and Measurement},
  volume={71},
  pages={1--15},
  year={2022},
  publisher={IEEE}
}

@inproceedings{liu2024swin,
  title={Swin-umamba: Mamba-based unet with imagenet-based pretraining},
  author={Liu, Jiarun and Yang, Hao and Zhou, Hong-Yu and Xi, Yan and Yu, Lequan and Li, Cheng and Liang, Yong and Shi, Guangming and Yu, Yizhou and Zhang, Shaoting and others},
  booktitle={International Conference on Medical Image Computing and Computer-Assisted Intervention},
  pages={615--625},
  year={2024},
  organization={Springer}
}

@article{lu2023uncertainty,
  title={Uncertainty-aware pseudo-label and consistency for semi-supervised medical image segmentation},
  author={Lu, Liyun and Yin, Mengxiao and Fu, Liyao and Yang, Feng},
  journal={Biomedical Signal Processing and Control},
  volume={79},
  pages={104203},
  year={2023},
  publisher={Elsevier}
}

@article{ma2024u,
  title={U-mamba: Enhancing long-range dependency for biomedical image segmentation},
  author={Ma, Jun and Li, Feifei and Wang, Bo},
  journal={arXiv preprint arXiv:2401.04722},
  year={2024}
}

@article{monteiro2020stochastic,
  title={Stochastic segmentation networks: Modelling spatially correlated aleatoric uncertainty},
  author={Monteiro, Miguel and Le Folgoc, Lo{\"\i}c and Coelho de Castro, Daniel and Pawlowski, Nick and Marques, Bernardo and Kamnitsas, Konstantinos and van der Wilk, Mark and Glocker, Ben},
  journal={Advances in neural information processing systems},
  volume={33},
  pages={12756--12767},
  year={2020}
}

@article{oktay2018attention,
  title={Attention u-net: Learning where to look for the pancreas},
  author={Oktay, Ozan and Schlemper, Jo and Folgoc, Loic Le and Lee, Matthew and Heinrich, Mattias and Misawa, Kazunari and Mori, Kensaku and McDonagh, Steven and Hammerla, Nils Y and Kainz, Bernhard and others},
  journal={arXiv preprint arXiv:1804.03999},
  year={2018}
}

@inproceedings{ronneberger2015u,
  title={U-net: Convolutional networks for biomedical image segmentation},
  author={Ronneberger, Olaf and Fischer, Philipp and Brox, Thomas},
  booktitle={MICCAI},
  pages={234--241},
  year={2015},
  organization={Springer}
}

@article{ruan2024vm,
  title={Vm-unet: Vision mamba unet for medical image segmentation},
  author={Ruan, Jiacheng and Xiang, Suncheng},
  journal={arXiv preprint arXiv:2402.02491},
  year={2024}
}

@inproceedings{tang2021recurrent,
  title={Recurrent mask refinement for few-shot medical image segmentation},
  author={Tang, Hao and Liu, Xingwei and Sun, Shanlin and Yan, Xiangyi and Xie, Xiaohui},
  booktitle={Proceedings of the IEEE/CVF international conference on computer vision},
  pages={3918--3928},
  year={2021}
}

@article{wang2019abdominal,
  title={Abdominal multi-organ segmentation with organ-attention networks and statistical fusion},
  author={Wang, Yan and Zhou, Yuyin and Shen, Wei and Park, Seyoun and Fishman, Elliot K and Yuille, Alan L},
  journal={Medical image analysis},
  volume={55},
  pages={88--102},
  year={2019},
  publisher={Elsevier}
}

@article{wang2019aleatoric,
  title={Aleatoric uncertainty estimation with test-time augmentation for medical image segmentation with convolutional neural networks},
  author={Wang, Guotai and Li, Wenqi and Aertsen, Michael and Deprest, Jan and Ourselin, S{\'e}bastien and Vercauteren, Tom},
  journal={Neurocomputing},
  volume={338},
  pages={34--45},
  year={2019},
  publisher={Elsevier}
}

@inproceedings{wang2022mixed,
  title={Mixed transformer u-net for medical image segmentation},
  author={Wang, Hongyi and Xie, Shiao and Lin, Lanfen and Iwamoto, Yutaro and Han, Xian-Hua and Chen, Yen-Wei and Tong, Ruofeng},
  booktitle={ICASSP 2022-2022 IEEE international conference on acoustics, speech and signal processing (ICASSP)},
  pages={2390--2394},
  year={2022},
  organization={IEEE}
}

@article{wang2024large,
  title={Large window-based mamba unet for medical image segmentation: Beyond convolution and self-attention},
  author={Wang, Jinhong and Chen, Jintai and Chen, Danny and Wu, Jian},
  journal={arXiv preprint arXiv:2403.07332},
  year={2024}
}

@inproceedings{wei2023consistency,
  title={Consistency-Guided Meta-learning for Bootstrapping Semi-supervised Medical Image Segmentation},
  author={Wei, Qingyue and Yu, Lequan and Li, Xianhang and Shao, Wei and Xie, Cihang and Xing, Lei and Zhou, Yuyin},
  booktitle={International Conference on Medical Image Computing and Computer-Assisted Intervention},
  pages={183--193},
  year={2023},
  organization={Springer}
}

@article{ye2024p,
  title={P-mamba: Marrying perona malik diffusion with mamba for efficient pediatric echocardiographic left ventricular segmentation},
  author={Ye, Zi and Chen, Tianxiang},
  journal={arXiv preprint arXiv:2402.08506},
  year={2024}
}

@article{zeng2020review,
  title={Review of deep learning approaches for the segmentation of multiple sclerosis lesions on brain MRI},
  author={Zeng, Chenyi and Gu, Lin and Liu, Zhenzhong and Zhao, Shen},
  journal={Frontiers in Neuroinformatics},
  volume={14},
  pages={610967},
  year={2020},
  publisher={Frontiers Media SA}
}

@article{zhang2023uncertainty,
  title={Uncertainty-guided mutual consistency learning for semi-supervised medical image segmentation},
  author={Zhang, Yichi and Jiao, Rushi and Liao, Qingcheng and Li, Dongyang and Zhang, Jicong},
  journal={Artificial Intelligence in Medicine},
  volume={138},
  pages={102476},
  year={2023},
  publisher={Elsevier}
}

@article{zhang2024voxel,
  title={Voxel Mamba: Group-Free State Space Models for Point Cloud based 3D Object Detection},
  author={Zhang, Guowen and Fan, Lue and He, Chenhang and Lei, Zhen and Zhang, Zhaoxiang and Zhang, Lei},
  journal={arXiv preprint arXiv:2406.10700},
  year={2024}
}

@inproceedings{zhao2024semi,
  title={SEMI-CONTRANS: Semi-Supervised Medical Image Segmentation via Multi-Scale Feature Fusion and Cross Teaching of CNN and Transformer},
  author={Zhao, Weiren and Zhong, Lanfeng and Wang, Guotai},
  booktitle={2024 IEEE International Symposium on Biomedical Imaging (ISBI)},
  pages={1--5},
  year={2024},
  organization={IEEE}
}

@article{zheng2021rectifying,
  title={Rectifying pseudo label learning via uncertainty estimation for domain adaptive semantic segmentation},
  author={Zheng, Zhedong and Yang, Yi},
  journal={International Journal of Computer Vision},
  volume={129},
  number={4},
  pages={1106--1120},
  year={2021},
  publisher={Springer}
}

@inproceedings{zhou2019prior,
  title={Prior-aware neural network for partially-supervised multi-organ segmentation},
  author={Zhou, Yuyin and Li, Zhe and Bai, Song and Wang, Chong and Chen, Xinlei and Han, Mei and Fishman, Elliot and Yuille, Alan L},
  booktitle={Proceedings of the IEEE/CVF international conference on computer vision},
  pages={10672--10681},
  year={2019}
}

@inproceedings{zhou2019semi,
  title={Semi-supervised 3D abdominal multi-organ segmentation via deep multi-planar co-training},
  author={Zhou, Yuyin and Wang, Yan and Tang, Peng and Bai, Song and Shen, Wei and Fishman, Elliot and Yuille, Alan},
  booktitle={2019 IEEE Winter Conference on Applications of Computer Vision (WACV)},
  pages={121--140},
  year={2019},
  organization={IEEE}
}

@article{zhou2019unet++,
  title={Unet++: Redesigning skip connections to exploit multiscale features in image segmentation},
  author={Zhou, Zongwei and Siddiquee, Md Mahfuzur Rahman and Tajbakhsh, Nima and Liang, Jianming},
  journal={IEEE TMI},
  volume={39},
  number={6},
  pages={1856--1867},
  year={2019},
  publisher={IEEE}
}

@article{zhou2023nnformer,
  title={nnformer: Volumetric medical image segmentation via a 3d transformer},
  author={Zhou, Hong-Yu and Guo, Jiansen and Zhang, Yinghao and Han, Xiaoguang and Yu, Lequan and Wang, Liansheng and Yu, Yizhou},
  journal={IEEE Transactions on Image Processing},
  year={2023},
  publisher={IEEE}
}

@article{zhu2024vision,
  title={Vision mamba: Efficient visual representation learning with bidirectional state space model},
  author={Zhu, Lianghui and Liao, Bencheng and Zhang, Qian and Wang, Xinlong and Liu, Wenyu and Wang, Xinggang},
  journal={ICML},
  year={2024}
}

