@String(PAMI = {IEEE Trans. Pattern Anal. Mach. Intell.})
@String(IJCV = {Int. J. Comput. Vis.})
@String(CVPR= {IEEE Conf. Comput. Vis. Pattern Recog.})
@String(ICCV= {Int. Conf. Comput. Vis.})
@String(ECCV= {Eur. Conf. Comput. Vis.})
@String(NIPS= {Adv. Neural Inform. Process. Syst.})
@String(ICPR = {Int. Conf. Pattern Recog.})
@String(BMVC= {Brit. Mach. Vis. Conf.})
@String(TOG= {ACM Trans. Graph.})
@String(TIP  = {IEEE Trans. Image Process.})
@String(TVCG  = {IEEE Trans. Vis. Comput. Graph.})
@String(TMM  = {IEEE Trans. Multimedia})
@String(ACMMM= {ACM Int. Conf. Multimedia})
@String(ICME = {Int. Conf. Multimedia and Expo})
@String(ICASSP=	{ICASSP})
@String(ICIP = {IEEE Int. Conf. Image Process.})
@String(ACCV  = {ACCV})
@String(ICLR = {Int. Conf. Learn. Represent.})
@String(IJCAI = {IJCAI})
@String(PR   = {Pattern Recognition})
@String(AAAI = {AAAI})
@String(CVPRW= {IEEE Conf. Comput. Vis. Pattern Recog. Worksh.})
@String(CSVT = {IEEE Trans. Circuit Syst. Video Technol.})

@String(SPL	= {IEEE Sign. Process. Letters})
@String(VR   = {Vis. Res.})
@String(JOV	 = {J. Vis.})
@String(TVC  = {The Vis. Comput.})
@String(JCST  = {J. Comput. Sci. Tech.})
@String(CGF  = {Comput. Graph. Forum})
@String(CVM = {Computational Visual Media})


@String(PAMI  = {IEEE TPAMI})
@String(IJCV  = {IJCV})
@String(CVPR  = {CVPR})
@String(ICCV  = {ICCV})
@String(ECCV  = {ECCV})
@String(NIPS  = {NeurIPS})
@String(ICPR  = {ICPR})
@String(BMVC  =	{BMVC})
@String(TOG   = {ACM TOG})
@String(TIP   = {IEEE TIP})
@String(TVCG  = {IEEE TVCG})
@String(TCSVT = {IEEE TCSVT})
@String(TMM   =	{IEEE TMM})
@String(ACMMM = {ACM MM})
@String(ICME  =	{ICME})
@String(ICASSP=	{ICASSP})
@String(ICIP  = {ICIP})
@String(ACCV  = {ACCV})
@String(ICLR  = {ICLR})
@String(IJCAI = {IJCAI})
@String(PR = {PR})
@String(AAAI = {AAAI})
@String(CVPRW= {CVPRW})
@String(CSVT = {IEEE TCSVT})



@misc{Authors14,
 author = {FirstName LastName},
 title = {The frobnicatable foo filter},
 note = {Face and Gesture submission ID 324. Supplied as supplemental material {\tt fg324.pdf}},
 year = 2014
}

@misc{Authors14b,
 author = {FirstName LastName},
 title = {Frobnication tutorial},
 note = {Supplied as supplemental material {\tt tr.pdf}},
 year = 2014
}

@article{Alpher02,
author = {FirstName Alpher},
title = {Frobnication},
journal = PAMI,
volume = 12,
number = 1,
pages = {234--778},
year = 2002
}

@article{Alpher03,
author = {FirstName Alpher and  FirstName Fotheringham-Smythe},
title = {Frobnication revisited},
journal = {Journal of Foo},
volume = 13,
number = 1,
pages = {234--778},
year = 2003
}

@article{Alpher04,
author = {FirstName Alpher and FirstName Fotheringham-Smythe and FirstName Gamow},
title = {Can a machine frobnicate?},
journal = {Journal of Foo},
volume = 14,
number = 1,
pages = {234--778},
year = 2004
}

@inproceedings{Alpher05,
author = {FirstName Alpher and FirstName Gamow},
title = {Can a computer frobnicate?},
booktitle = CVPR,
pages = {234--778},
year = 2005
}

@article{zhou2019unet++,
  title={Unet++: Redesigning skip connections to exploit multiscale features in image segmentation},
  author={Zhou, Zongwei and Siddiquee, Md Mahfuzur Rahman and Tajbakhsh, Nima and Liang, Jianming},
  journal={IEEE TMI},
  volume={39},
  number={6},
  pages={1856--1867},
  year={2019},
  publisher={IEEE}
}

@inproceedings{ronneberger2015u,
  title={U-net: Convolutional networks for biomedical image segmentation},
  author={Ronneberger, Olaf and Fischer, Philipp and Brox, Thomas},
  booktitle={MICCAI},
  pages={234--241},
  year={2015},
  organization={Springer}
}

@article{chen2024transunet,
  title={TransUNet: Rethinking the U-Net architecture design for medical image segmentation through the lens of transformers},
  author={Chen, Jieneng and Mei, Jieru and Li, Xianhang and Lu, Yongyi and Yu, Qihang and Wei, Qingyue and Luo, Xiangde and Xie, Yutong and Adeli, Ehsan and Wang, Yan and others},
  journal={Medical Image Analysis},
  pages={103280},
  year={2024},
  publisher={Elsevier}
}

@inproceedings{cao2022swin,
  title={Swin-unet: Unet-like pure transformer for medical image segmentation},
  author={Cao, Hu and Wang, Yueyue and Chen, Joy and Jiang, Dongsheng and Zhang, Xiaopeng and Tian, Qi and Wang, Manning},
  booktitle={European conference on computer vision},
  pages={205--218},
  year={2022},
  organization={Springer}
}

@article{oktay2018attention,
  title={Attention u-net: Learning where to look for the pancreas},
  author={Oktay, Ozan and Schlemper, Jo and Folgoc, Loic Le and Lee, Matthew and Heinrich, Mattias and Misawa, Kazunari and Mori, Kensaku and McDonagh, Steven and Hammerla, Nils Y and Kainz, Bernhard and others},
  journal={arXiv preprint arXiv:1804.03999},
  year={2018}
}

@article{wang2024mamba_unet,
  title={Mamba-unet: Unet-like pure visual mamba for medical image segmentation},
  author={Wang, Ziyang and Zheng, Jian-Qing and Zhang, Yichi and Cui, Ge and Li, Lei},
  journal={arXiv preprint arXiv:2402.05079},
  year={2024}
}

@article{bernard2018deep,
  title={Deep learning techniques for automatic MRI cardiac multi-structures segmentation and diagnosis: is the problem solved?},
  author={Bernard, Olivier and Lalande, Alain and Zotti, Clement and Cervenansky, Frederick and Yang, Xin and Heng, Pheng-Ann and Cetin, Irem and Lekadir, Karim and Camara, Oscar and Ballester, Miguel Angel Gonzalez and others},
  journal={IEEE transactions on medical imaging},
  volume={37},
  number={11},
  pages={2514--2525},
  year={2018},
  publisher={ieee}
}

@article{da2022digestpath,
  title={DigestPath: A benchmark dataset with challenge review for the pathological detection and segmentation of digestive-system},
  author={Da, Qian and Huang, Xiaodi and Li, Zhongyu and Zuo, Yanfei and Zhang, Chenbin and Liu, Jingxin and Chen, Wen and Li, Jiahui and Xu, Dou and Hu, Zhiqiang and others},
  journal={Medical Image Analysis},
  volume={80},
  pages={102485},
  year={2022},
  publisher={Elsevier}
}

@article{codella2019skin,
  title={Skin lesion analysis toward melanoma detection 2018: A challenge hosted by the international skin imaging collaboration (isic)},
  author={Codella, Noel and Rotemberg, Veronica and Tschandl, Philipp and Celebi, M Emre and Dusza, Stephen and Gutman, David and Helba, Brian and Kalloo, Aadi and Liopyris, Konstantinos and Marchetti, Michael and others},
  journal={arXiv preprint arXiv:1902.03368},
  year={2019}
}

@article{liu2024vmamba,
  title={VMamba: Visual State Space Model},
  author={Liu, Yue and Tian, Yunjie and Zhao, Yuzhong and Yu, Hongtian and Xie, Lingxi and Wang, Yaowei and Ye, Qixiang and Liu, Yunfan},
  journal={arXiv preprint arXiv:2401.10166},
  year={2024}
}

@article{gu2023mamba,
  title={Mamba: Linear-time sequence modeling with selective state spaces},
  author={Gu, Albert and Dao, Tri},
  journal={arXiv preprint arXiv:2312.00752},
  year={2023}
}

@article{dao2024transformers,
  title={Transformers are SSMs: Generalized models and efficient algorithms through structured state space duality},
  author={Dao, Tri and Gu, Albert},
  journal={arXiv preprint arXiv:2405.21060},
  year={2024}
}

@article{gu2021efficiently,
  title={Efficiently modeling long sequences with structured state spaces},
  author={Gu, Albert and Goel, Karan and R{\'e}, Christopher},
  journal={arXiv preprint arXiv:2111.00396},
  year={2021}
}

@inproceedings{le2023rrc,
  title={RRc-UNet 3D for lung tumor segmentation from CT scans of Non-Small Cell Lung Cancer patients},
  author={Le, Van-Linh and Saut, Olivier},
  booktitle={Proceedings of the IEEE/CVF International Conference on Computer Vision},
  pages={2316--2325},
  year={2023}
}

@article{dosovitskiy2020image,
  title={An image is worth 16x16 words: Transformers for image recognition at scale},
  author={Dosovitskiy, Alexey and Beyer, Lucas and Kolesnikov, Alexander and Weissenborn, Dirk and Zhai, Xiaohua and Unterthiner, Thomas and Dehghani, Mostafa and Minderer, Matthias and Heigold, Georg and Gelly, Sylvain and others},
  journal={ICLR},
  year={2021}
}

@inproceedings{liu2021swin,
  title={Swin transformer: Hierarchical vision transformer using shifted windows},
  author={Liu, Ze and Lin, Yutong and Cao, Yue and Hu, Han and Wei, Yixuan and Zhang, Zheng and Lin, Stephen and Guo, Baining},
  booktitle={Proceedings of the IEEE/CVF international conference on computer vision},
  pages={10012--10022},
  year={2021}
}

@article{ma2024u,
  title={U-mamba: Enhancing long-range dependency for biomedical image segmentation},
  author={Ma, Jun and Li, Feifei and Wang, Bo},
  journal={arXiv preprint arXiv:2401.04722},
  year={2024}
}

@article{fan2024slicemamba,
  title={SliceMamba for Medical Image Segmentation},
  author={Fan, Chao and Yu, Hongyuan and Wang, Luo and Huang, Yan and Wang, Liang and Jia, Xibin},
  journal={arXiv preprint arXiv:2407.08481},
  year={2024}
}

@article{zhu2024vision,
  title={Vision mamba: Efficient visual representation learning with bidirectional state space model},
  author={Zhu, Lianghui and Liao, Bencheng and Zhang, Qian and Wang, Xinlong and Liu, Wenyu and Wang, Xinggang},
  journal={ICML},
  year={2024}
}

@article{ruan2024vm,
  title={Vm-unet: Vision mamba unet for medical image segmentation},
  author={Ruan, Jiacheng and Xiang, Suncheng},
  journal={arXiv preprint arXiv:2402.02491},
  year={2024}
}

@article{he2024mambaad,
  title={Mambaad: Exploring state space models for multi-class unsupervised anomaly detection},
  author={He, Haoyang and Bai, Yuhu and Zhang, Jiangning and He, Qingdong and Chen, Hongxu and Gan, Zhenye and Wang, Chengjie and Li, Xiangtai and Tian, Guanzhong and Xie, Lei},
  journal={arXiv preprint arXiv:2404.06564},
  year={2024}
}

@article{yu2024mambaout,
  title={MambaOut: Do We Really Need Mamba for Vision?},
  author={Yu, Weihao and Wang, Xinchao},
  journal={arXiv preprint arXiv:2405.07992},
  year={2024}
}

@article{isensee2021nnu,
  title={nnU-Net: a self-configuring method for deep learning-based biomedical image segmentation},
  author={Isensee, Fabian and Jaeger, Paul F and Kohl, Simon AA and Petersen, Jens and Maier-Hein, Klaus H},
  journal={Nature methods},
  volume={18},
  number={2},
  pages={203--211},
  year={2021},
  publisher={Nature Publishing Group}
}

@inproceedings{hatamizadeh2022unetr,
  title={Unetr: Transformers for 3d medical image segmentation},
  author={Hatamizadeh, Ali and Tang, Yucheng and Nath, Vishwesh and Yang, Dong and Myronenko, Andriy and Landman, Bennett and Roth, Holger R and Xu, Daguang},
  booktitle={Proceedings of the IEEE/CVF winter conference on applications of computer vision},
  pages={574--584},
  year={2022}
}

@article{li2018h,
  title={H-DenseUNet: hybrid densely connected UNet for liver and tumor segmentation from CT volumes},
  author={Li, Xiaomeng and Chen, Hao and Qi, Xiaojuan and Dou, Qi and Fu, Chi-Wing and Heng, Pheng-Ann},
  journal={IEEE transactions on medical imaging},
  volume={37},
  number={12},
  pages={2663--2674},
  year={2018},
  publisher={IEEE}
}



@inproceedings{wang2021automatic,
  title={Automatic vertebra localization and identification in CT by spine rectification and anatomically-constrained optimization},
  author={Wang, Fakai and Zheng, Kang and Lu, Le and Xiao, Jing and Wu, Min and Miao, Shun},
  booktitle={Proceedings of the IEEE/CVF Conference on Computer Vision and Pattern Recognition},
  pages={5280--5288},
  year={2021}
}

@article{ye2024p,
  title={P-mamba: Marrying perona malik diffusion with mamba for efficient pediatric echocardiographic left ventricular segmentation},
  author={Ye, Zi and Chen, Tianxiang},
  journal={arXiv preprint arXiv:2402.08506},
  year={2024}
}

@article{wang2024large,
  title={Large window-based mamba unet for medical image segmentation: Beyond convolution and self-attention},
  author={Wang, Jinhong and Chen, Jintai and Chen, Danny and Wu, Jian},
  journal={arXiv preprint arXiv:2403.07332},
  year={2024}
}

@article{zhang2024voxel,
  title={Voxel Mamba: Group-Free State Space Models for Point Cloud based 3D Object Detection},
  author={Zhang, Guowen and Fan, Lue and He, Chenhang and Lei, Zhen and Zhang, Zhaoxiang and Zhang, Lei},
  journal={arXiv preprint arXiv:2406.10700},
  year={2024}
}


@article{wang2024mamba,
  title={Mamba-r: Vision mamba also needs registers},
  author={Wang, Feng and Wang, Jiahao and Ren, Sucheng and Wei, Guoyizhe and Mei, Jieru and Shao, Wei and Zhou, Yuyin and Yuille, Alan and Xie, Cihang},
  journal={arXiv preprint arXiv:2405.14858},
  year={2024}
}

@inproceedings{deng2009imagenet,
  title={Imagenet: A large-scale hierarchical image database},
  author={Deng, Jia and Dong, Wei and Socher, Richard and Li, Li-Jia and Li, Kai and Fei-Fei, Li},
  booktitle={2009 IEEE conference on computer vision and pattern recognition},
  pages={248--255},
  year={2009},
  organization={Ieee}
}

@inproceedings{NIPS2017_3f5ee243,
 author = {Vaswani, Ashish and Shazeer, Noam and Parmar, Niki and Uszkoreit, Jakob and Jones, Llion and Gomez, Aidan N and Kaiser, \L ukasz and Polosukhin, Illia},
 booktitle = {NeurIPS},
 title = {Attention is All you Need},
 volume = {30},
 year = {2017}
}

@article{li2024videomamba,
  title={Videomamba: State space model for efficient video understanding},
  author={Li, Kunchang and Li, Xinhao and Wang, Yi and He, Yinan and Wang, Yali and Wang, Limin and Qiao, Yu},
  journal={ECCV},
  year={2024}
}

@article{hu2024zigma,
  title={Zigma: Zigzag mamba diffusion model},
  author={Hu, Vincent Tao and Baumann, Stefan Andreas and Gui, Ming and Grebenkova, Olga and Ma, Pingchuan and Fischer, Johannes and Ommer, Bjorn},
  journal={ECCV},
  year={2024}
}

@article{yang2024mambamil,
  title={Mambamil: Enhancing long sequence modeling with sequence reordering in computational pathology},
  author={Yang, Shu and Wang, Yihui and Chen, Hao},
  journal={arXiv preprint arXiv:2403.06800},
  year={2024}
}

@article{xing2024segmamba,
  title={Segmamba: Long-range sequential modeling mamba for 3d medical image segmentation},
  author={Xing, Zhaohu and Ye, Tian and Yang, Yijun and Liu, Guang and Zhu, Lei},
  journal={arXiv preprint arXiv:2401.13560},
  year={2024}
}

@inproceedings{zhang2024synergistic,
  title={Synergistic Patch Pruning for Vision Transformer: Unifying Intra-\& Inter-Layer Patch Importance},
  author={Zhang, Yuyao and Wei, Lan and Freris, Nikolaos},
  booktitle={ICLR},
  year={2024}
}

@inproceedings{
bao2024channel,
title={Channel Vision Transformers: An Image Is Worth 1 x 16 x 16 Words},
author={Yujia Bao and Srinivasan Sivanandan and Theofanis Karaletsos},
booktitle={ICLR},
year={2024},
}

@inproceedings{zhou2019semi,
  title={Semi-supervised 3D abdominal multi-organ segmentation via deep multi-planar co-training},
  author={Zhou, Yuyin and Wang, Yan and Tang, Peng and Bai, Song and Shen, Wei and Fishman, Elliot and Yuille, Alan},
  booktitle={2019 IEEE Winter Conference on Applications of Computer Vision (WACV)},
  pages={121--140},
  year={2019},
  organization={IEEE}
}

@inproceedings{wei2023consistency,
  title={Consistency-Guided Meta-learning for Bootstrapping Semi-supervised Medical Image Segmentation},
  author={Wei, Qingyue and Yu, Lequan and Li, Xianhang and Shao, Wei and Xie, Cihang and Xing, Lei and Zhou, Yuyin},
  booktitle={International Conference on Medical Image Computing and Computer-Assisted Intervention},
  pages={183--193},
  year={2023},
  organization={Springer}
}

@inproceedings{zhou2019prior,
  title={Prior-aware neural network for partially-supervised multi-organ segmentation},
  author={Zhou, Yuyin and Li, Zhe and Bai, Song and Wang, Chong and Chen, Xinlei and Han, Mei and Fishman, Elliot and Yuille, Alan L},
  booktitle={Proceedings of the IEEE/CVF international conference on computer vision},
  pages={10672--10681},
  year={2019}
}

@article{wang2019abdominal,
  title={Abdominal multi-organ segmentation with organ-attention networks and statistical fusion},
  author={Wang, Yan and Zhou, Yuyin and Shen, Wei and Park, Seyoun and Fishman, Elliot K and Yuille, Alan L},
  journal={Medical image analysis},
  volume={55},
  pages={88--102},
  year={2019},
  publisher={Elsevier}
}

@article{fu2021review,
  title={A review of deep learning based methods for medical image multi-organ segmentation},
  author={Fu, Yabo and Lei, Yang and Wang, Tonghe and Curran, Walter J and Liu, Tian and Yang, Xiaofeng},
  journal={Physica Medica},
  volume={85},
  pages={107--122},
  year={2021},
  publisher={Elsevier}
}

@article{ji2022amos,
  title={Amos: A large-scale abdominal multi-organ benchmark for versatile medical image segmentation},
  author={Ji, Yuanfeng and Bai, Haotian and Ge, Chongjian and Yang, Jie and Zhu, Ye and Zhang, Ruimao and Li, Zhen and Zhanng, Lingyan and Ma, Wanling and Wan, Xiang and others},
  journal={Advances in neural information processing systems},
  volume={35},
  pages={36722--36732},
  year={2022}
}

@article{zeng2020review,
  title={Review of deep learning approaches for the segmentation of multiple sclerosis lesions on brain MRI},
  author={Zeng, Chenyi and Gu, Lin and Liu, Zhenzhong and Zhao, Shen},
  journal={Frontiers in Neuroinformatics},
  volume={14},
  pages={610967},
  year={2020},
  publisher={Frontiers Media SA}
}

@article{huang2021missformer,
  title={Missformer: An effective medical image segmentation transformer},
  author={Huang, Xiaohong and Deng, Zhifang and Li, Dandan and Yuan, Xueguang},
  journal={arXiv preprint arXiv:2109.07162},
  year={2021}
}

@inproceedings{tang2021recurrent,
  title={Recurrent mask refinement for few-shot medical image segmentation},
  author={Tang, Hao and Liu, Xingwei and Sun, Shanlin and Yan, Xiangyi and Xie, Xiaohui},
  booktitle={Proceedings of the IEEE/CVF international conference on computer vision},
  pages={3918--3928},
  year={2021}
}

@article{zhou2023nnformer,
  title={nnformer: Volumetric medical image segmentation via a 3d transformer},
  author={Zhou, Hong-Yu and Guo, Jiansen and Zhang, Yinghao and Han, Xiaoguang and Yu, Lequan and Wang, Liansheng and Yu, Yizhou},
  journal={IEEE Transactions on Image Processing},
  year={2023},
  publisher={IEEE}
}

@article{lin2022ds,
  title={Ds-transunet: Dual swin transformer u-net for medical image segmentation},
  author={Lin, Ailiang and Chen, Bingzhi and Xu, Jiayu and Zhang, Zheng and Lu, Guangming and Zhang, David},
  journal={IEEE Transactions on Instrumentation and Measurement},
  volume={71},
  pages={1--15},
  year={2022},
  publisher={IEEE}
}

@article{huang2022missformer,
  title={Missformer: An effective transformer for 2d medical image segmentation},
  author={Huang, Xiaohong and Deng, Zhifang and Li, Dandan and Yuan, Xueguang and Fu, Ying},
  journal={IEEE Transactions on Medical Imaging},
  volume={42},
  number={5},
  pages={1484--1494},
  year={2022},
  publisher={IEEE}
}

@inproceedings{wang2022mixed,
  title={Mixed transformer u-net for medical image segmentation},
  author={Wang, Hongyi and Xie, Shiao and Lin, Lanfen and Iwamoto, Yutaro and Han, Xian-Hua and Chen, Yen-Wei and Tong, Ruofeng},
  booktitle={ICASSP 2022-2022 IEEE international conference on acoustics, speech and signal processing (ICASSP)},
  pages={2390--2394},
  year={2022},
  organization={IEEE}
}

@inproceedings{liu2024swin,
  title={Swin-umamba: Mamba-based unet with imagenet-based pretraining},
  author={Liu, Jiarun and Yang, Hao and Zhou, Hong-Yu and Xi, Yan and Yu, Lequan and Li, Cheng and Liang, Yong and Shi, Guangming and Yu, Yizhou and Zhang, Shaoting and others},
  booktitle={International Conference on Medical Image Computing and Computer-Assisted Intervention},
  pages={615--625},
  year={2024},
  organization={Springer}
}

@inproceedings{zhao2024semi,
  title={SEMI-CONTRANS: Semi-Supervised Medical Image Segmentation via Multi-Scale Feature Fusion and Cross Teaching of CNN and Transformer},
  author={Zhao, Weiren and Zhong, Lanfeng and Wang, Guotai},
  booktitle={2024 IEEE International Symposium on Biomedical Imaging (ISBI)},
  pages={1--5},
  year={2024},
  organization={IEEE}
}

@article{he2023h2former,
  title={H2Former: An efficient hierarchical hybrid transformer for medical image segmentation},
  author={He, Along and Wang, Kai and Li, Tao and Du, Chengkun and Xia, Shuang and Fu, Huazhu},
  journal={IEEE Transactions on Medical Imaging},
  volume={42},
  number={9},
  pages={2763--2775},
  year={2023},
  publisher={IEEE}
}

@inproceedings{baumgartner2019phiseg,
  title={Phiseg: Capturing uncertainty in medical image segmentation},
  author={Baumgartner, Christian F and Tezcan, Kerem C and Chaitanya, Krishna and H{\"o}tker, Andreas M and Muehlematter, Urs J and Schawkat, Khoschy and Becker, Anton S and Donati, Olivio and Konukoglu, Ender},
  booktitle={Medical Image Computing and Computer Assisted Intervention--MICCAI 2019},
  pages={119--127},
  year={2019},
  organization={Springer}
}

@inproceedings{jungo2019assessing,
  title={Assessing reliability and challenges of uncertainty estimations for medical image segmentation},
  author={Jungo, Alain and Reyes, Mauricio},
  booktitle={Medical Image Computing and Computer Assisted Intervention--MICCAI 2019},
  pages={48--56},
  year={2019},
  organization={Springer}
}

@article{mehrtash2020confidence,
  title={Confidence calibration and predictive uncertainty estimation for deep medical image segmentation},
  author={Mehrtash, Alireza and Wells, William M and Tempany, Clare M and Abolmaesumi, Purang and Kapur, Tina},
  journal={IEEE transactions on medical imaging},
  volume={39},
  number={12},
  pages={3868--3878},
  year={2020},
  publisher={IEEE}
}

@article{shi2021inconsistency,
  title={Inconsistency-aware uncertainty estimation for semi-supervised medical image segmentation},
  author={Shi, Yinghuan and Zhang, Jian and Ling, Tong and Lu, Jiwen and Zheng, Yefeng and Yu, Qian and Qi, Lei and Gao, Yang},
  journal={IEEE transactions on medical imaging},
  volume={41},
  number={3},
  pages={608--620},
  year={2021},
  publisher={IEEE}
}

@article{xia2020uncertainty,
  title={Uncertainty-aware multi-view co-training for semi-supervised medical image segmentation and domain adaptation},
  author={Xia, Yingda and Yang, Dong and Yu, Zhiding and Liu, Fengze and Cai, Jinzheng and Yu, Lequan and Zhu, Zhuotun and Xu, Daguang and Yuille, Alan and Roth, Holger},
  journal={Medical image analysis},
  volume={65},
  pages={101766},
  year={2020},
  publisher={Elsevier}
}

@article{zhang2023uncertainty,
  title={Uncertainty-guided mutual consistency learning for semi-supervised medical image segmentation},
  author={Zhang, Yichi and Jiao, Rushi and Liao, Qingcheng and Li, Dongyang and Zhang, Jicong},
  journal={Artificial Intelligence in Medicine},
  volume={138},
  pages={102476},
  year={2023},
  publisher={Elsevier}
}

@article{li2023region,
  title={Region-based evidential deep learning to quantify uncertainty and improve robustness of brain tumor segmentation},
  author={Li, Hao and Nan, Yang and Del Ser, Javier and Yang, Guang},
  journal={Neural Computing and Applications},
  volume={35},
  number={30},
  pages={22071--22085},
  year={2023},
  publisher={Springer}
}

@INPROCEEDINGS{9710267,
  author={Wang, Yuxi and Peng, Junran and Zhang, Zhaoxiang},
  booktitle={2021 IEEE/CVF International Conference on Computer Vision (ICCV)}, 
  title={Uncertainty-aware Pseudo Label Refinery for Domain Adaptive Semantic Segmentation}, 
  year={2021},
  volume={},
  number={},
  pages={9072-9081},
  doi={10.1109/ICCV48922.2021.00896}}

@article{lu2023uncertainty,
  title={Uncertainty-aware pseudo-label and consistency for semi-supervised medical image segmentation},
  author={Lu, Liyun and Yin, Mengxiao and Fu, Liyao and Yang, Feng},
  journal={Biomedical Signal Processing and Control},
  volume={79},
  pages={104203},
  year={2023},
  publisher={Elsevier}
}

@article{monteiro2020stochastic,
  title={Stochastic segmentation networks: Modelling spatially correlated aleatoric uncertainty},
  author={Monteiro, Miguel and Le Folgoc, Lo{\"\i}c and Coelho de Castro, Daniel and Pawlowski, Nick and Marques, Bernardo and Kamnitsas, Konstantinos and van der Wilk, Mark and Glocker, Ben},
  journal={Advances in neural information processing systems},
  volume={33},
  pages={12756--12767},
  year={2020}
}

@article{wang2019aleatoric,
  title={Aleatoric uncertainty estimation with test-time augmentation for medical image segmentation with convolutional neural networks},
  author={Wang, Guotai and Li, Wenqi and Aertsen, Michael and Deprest, Jan and Ourselin, S{\'e}bastien and Vercauteren, Tom},
  journal={Neurocomputing},
  volume={338},
  pages={34--45},
  year={2019},
  publisher={Elsevier}
}

@article{zheng2021rectifying,
  title={Rectifying pseudo label learning via uncertainty estimation for domain adaptive semantic segmentation},
  author={Zheng, Zhedong and Yang, Yi},
  journal={International Journal of Computer Vision},
  volume={129},
  number={4},
  pages={1106--1120},
  year={2021},
  publisher={Springer}
}

@inproceedings{fan2022ucc,
  title={Ucc: Uncertainty guided cross-head co-training for semi-supervised semantic segmentation},
  author={Fan, Jiashuo and Gao, Bin and Jin, Huan and Jiang, Lihui},
  booktitle={Proceedings of the IEEE/CVF conference on computer vision and pattern recognition},
  pages={9947--9956},
  year={2022}
}

@article{kalman1960new,
  title={A new approach to linear filtering and prediction problems},
  author={Kalman, Rudolph Emil},
  year={1960}
}

