@article{LUCB,
author = {Kalyanakrishnan, Shivaram and Tewari, Ambuj and Auer, Peter and Stone, Peter},
year = {2012},
month = {01},
pages = {},
title = {PAC Subset Selection in Stochastic Multi-armed Bandits},
volume = {1},
journal = {Proceedings of the 29th International Conference on Machine Learning, ICML 2012}
}

@inproceedings{alieva2021robust,
  title={Robust pure exploration in linear bandits with limited budget},
  author={Alieva, Ayya and Cutkosky, Ashok and Das, Abhimanyu},
  booktitle={International Conference on Machine Learning},
  pages={187--195},
  year={2021},
  organization={PMLR}
}

@inproceedings{audibert2010best,
  title={Best arm identification in multi-armed bandits.},
  author={Audibert, Jean-Yves and Bubeck, S{\'e}bastien and Munos, R{\'e}mi},
  booktitle={COLT},
  pages={41--53},
  year={2010}
}

@inproceedings{carpentier2016tight,
  title={Tight (lower) bounds for the fixed budget best arm identification bandit problem},
  author={Carpentier, Alexandra and Locatelli, Andrea},
  booktitle={Conference on Learning Theory},
  pages={590--604},
  year={2016},
  organization={PMLR}
}

@article{jedra2020optimal,
  title={Optimal best-arm identification in linear bandits},
  author={Jedra, Yassir and Proutiere, Alexandre},
  journal={Advances in Neural Information Processing Systems},
  volume={33},
  pages={10007--10017},
  year={2020}
}

@article{kagrecha2022statistically,
  title={Statistically robust, risk-averse best arm identification in multi-armed bandits},
  author={Kagrecha, Anmol and Nair, Jayakrishnan and Jagannathan, Krishna},
  journal={IEEE Transactions on Information Theory},
  volume={68},
  number={8},
  pages={5248--5267},
  year={2022},
  publisher={IEEE}
}

@inproceedings{karnin2013almost,
  title={{Almost optimal exploration in multi-armed bandits}},
  author={Karnin, Zohar and others},
  booktitle={International Conference on Machine Learning},
  pages={1238--1246},
  year={2013},
  organization={PMLR}
}

@article{kocak2020best,
  title={Best arm identification in spectral bandits},
  author={Koc{\'a}k, Tom{\'a}{\v{s}} and Garivier, Aur{\'e}lien},
  journal={arXiv preprint arXiv:2005.09841},
  year={2020}
}

@article{komiyama2024rate,
  title={Rate-optimal bayesian simple regret in best arm identification},
  author={Komiyama, Junpei and Ariu, Kaito and Kato, Masahiro and Qin, Chao},
  journal={Mathematics of Operations Research},
  volume={49},
  number={3},
  pages={1629--1646},
  year={2024},
  publisher={INFORMS}
}

@inproceedings{lee2024thompson,
  title={Thompson exploration with best challenger rule in best arm identification},
  author={Lee, Jongyeong and Honda, Junya and Sugiyama, Masashi},
  booktitle={Asian Conference on Machine Learning},
  pages={646--661},
  year={2024},
  organization={PMLR}
}

@article{qin2024optimizing,
  title={Optimizing Adaptive Experiments: A Unified Approach to Regret Minimization and Best-Arm Identification},
  author={Qin, Chao and Russo, Daniel},
  journal={arXiv preprint arXiv:2402.10592},
  year={2024}
}

@article{qin2025cost,
  title={Cost-aware Best Arm Identification in Stochastic Bandits},
  author={Qin, Zhida and Xue, Wenhao and Zheng, Lu and Gan, Xiaoying and Wu, Hongqiu and Jin, Haiming and Fu, Luoyi},
  journal={ACM Transactions on Intelligent Systems and Technology},
  year={2025},
  publisher={ACM New York, NY}
}

@inproceedings{reddy2024best,
  title={Best Arm Identification with Arm Erasures},
  author={Reddy, Kota Srinivas and Karthik, PN and Tan, Vincent YF},
  booktitle={2024 IEEE International Symposium on Information Theory (ISIT)},
  pages={2293--2298},
  year={2024},
  organization={IEEE}
}

@article{wang2024best,
  title={Best arm identification with fixed budget: A large deviation perspective},
  author={Wang, Po-An and Tzeng, Ruo-Chun and Proutiere, Alexandre},
  journal={Advances in Neural Information Processing Systems},
  volume={36},
  year={2024}
}

@article{yang2022minimax,
  title={Minimax Optimal Fixed-Budget Best Arm Identification in Linear Bandits},
  author={Yang, Junwen and Tan, Vincent},
  journal={Advances in Neural Information Processing Systems},
  volume={35},
  pages={12253--12266},
  year={2022}
}

@article{zhang2024fast,
  title={Fast and regret optimal best arm identification: fundamental limits and low-complexity algorithms},
  author={Zhang, Qining and Ying, Lei},
  journal={Advances in Neural Information Processing Systems},
  volume={36},
  year={2024}
}

