@inproceedings{Successive-rejects,
author = {Audibert, Jean-Yves and Bubeck, Sebastien and Munos, Remi},
year = {2010},
month = {11},
pages = {41-53},
title = {Best Arm Identification in Multi-Armed Bandits},
booktitle = {Proceedings of the 23rd Conference on Learning Theory}
}

@InProceedings{Sequential-halving,
  author =       "Karnin, Zohar and Koren, Tomer and Oren Somekh",
  title =        "Almost Optimal Exploration in Multi-Armed Bandits",
  booktitle =    "Proceedings of the Thirtieth International Conference on Machine Learning (ICML 2013)",
  year =         "2013",
  volume =    "28",
  series =    "JMLR Workshop and Conference Proceedings",
  publisher = "JMLR",
  pages =     "1238--1246",
  bib2html_rescat = "Bandits",
}

@article{LUCB,
author = {Kalyanakrishnan, Shivaram and Tewari, Ambuj and Auer, Peter and Stone, Peter},
year = {2012},
month = {01},
pages = {},
title = {PAC Subset Selection in Stochastic Multi-armed Bandits},
volume = {1},
journal = {Proceedings of the 29th International Conference on Machine Learning, ICML 2012}
}

@unpublished{GLM,
  added-at = {2016-11-24T22:48:07.000+0100},
  author = {Ng, Andrew},
  biburl = {https://www.bibsonomy.org/bibtex/24abdb571b427805f7bff139dbab7da85/nosebrain},
  interhash = {1895c04e83b69104b04117b567babedd},
  intrahash = {4abdb571b427805f7bff139dbab7da85},
  keywords = {learning logistic regression supervised},
  timestamp = {2016-11-24T22:48:07.000+0100},
  title = {CS229 Lecture notes - Supervised learning},
  year = 2012
}

@ARTICLE{Q_function_bound,
  author={Borjesson, P. and Sundberg, C.-E.},
  journal={IEEE Transactions on Communications}, 
  title={Simple Approximations of the Error Function Q(x) for Communications Applications}, 
  year={1979},
  volume={27},
  number={3},
  pages={639-643},
  keywords={Upper bound;Integral equations;Telecommunication network reliability;Calculators;Signal to noise ratio;IEEE Transactions on Communications;Data communication;Communications Society;Gaussian noise;Error probability},
  doi={10.1109/TCOM.1979.1094433}}

@book{DnE_book,
author = {Poor, H. Vincent},
title = {An introduction to signal detection and estimation (2nd ed.)},
year = {1994},
isbn = {0387941738},
publisher = {Springer-Verlag},
address = {Berlin, Heidelberg}
}

@inproceedings{CPE,
 author = {Chen, Shouyuan and others},
 booktitle = {Advances in Neural Information Processing Systems},
 editor = {Z. Ghahramani and M. Welling and C. Cortes and N. Lawrence and K.Q. Weinberger},
 pages = {},
 publisher = {Curran Associates, Inc.},
 title = {Combinatorial Pure Exploration of Multi-Armed Bandits},
 volume = {27},
 year = {2014}
}


@article{hamming1950error,
  title={{Error Detecting and Error Correcting Codes}},
  author={Hamming, Richard W},
  journal={The Bell system technical journal},
  volume={29},
  number={2},
  pages={147--160},
  year={1950},
  publisher={Nokia Bell Labs}
}


@inproceedings{foo2015orthogonal,
  title={{Orthogonal-Beam-Space Massive-MIMO Array}},
  author={Foo, Senglee},
  booktitle={2015 IEEE-APS Topical Conference on Antennas and Propagation in Wireless Communications (APWC)},
  pages={320--324},
  year={2015},
  organization={IEEE}
}


@ARTICLE{marcumbound,
  author={{Simon, M.K. and Alouini, M.-S.}},
  journal={IEEE Transactions on Communications}, 
  title={Exponential-type bounds on the generalized Marcum Q-function with application to error probability analysis over fading channels}, 
  year={2000},
  volume={48},
  number={3},
  pages={359-366},
  doi={10.1109/26.837036}}


@article{shnidman1989calculation,
  title={{The calculation of the probability of detection and the generalized Marcum Q-function}},
  author={Shnidman, David A.},
  journal={IEEE Transactions on Information Theory},
  volume={35},
  number={2},
  pages={389--400},
  year={1989},
  publisher={IEEE}
}

@book{bowman2012introduction,
  title={Introduction to Bessel functions},
  author={Bowman, Frank},
  year={2012},
  publisher={Courier Corporation}
}


@ARTICLE{wei23pure,
  author={Wei, Yi and others},
  journal={IEEE Transactions on Wireless Communications}, 
  title={{Fast Beam Alignment via Pure Exploration in Multi-Armed Bandits}}, 
  year={2023},
  volume={22},
  number={5},
  pages={3264-3279},
  doi={10.1109/TWC.2022.3217131}}


@article{wang2009beam,
  title={{Beam codebook based beamforming protocol for multi-Gbps millimeter-wave WPAN systems}},
  author={Wang, Junyi and others},
  journal={IEEE Journal on Selected Areas in Communications},
  volume={27},
  number={8},
  pages={1390--1399},
  year={2009},
  publisher={IEEE}
}

@inproceedings{karnin2013almost,
  title={{Almost optimal exploration in multi-armed bandits}},
  author={Karnin, Zohar and others},
  booktitle={International Conference on Machine Learning},
  pages={1238--1246},
  year={2013},
  organization={PMLR}
}

@article{wu2019fast,
  title={{Fast mmwave beam alignment via correlated bandit learning}},
  author={Wu, Wen and others},
  journal={IEEE Transactions on Wireless Communications},
  volume={18},
  number={12},
  pages={5894--5908},
  year={2019},
  publisher={IEEE}
}

@article{va2019online,
  title={{Online learning for position-aided millimeter wave beam training}},
  author={Va, Vutha and others},
  journal={IEEE Access},
  volume={7},
  pages={30507--30526},
  year={2019},
  publisher={IEEE}
}


@inproceedings{hussain2019second,
  title={{Second-best beam-alignment via bayesian multi-armed bandits}},
  author={Hussain, Muddassar and others},
  booktitle={2019 IEEE Global Communications Conference (GLOBECOM)},
  pages={1--6},
  year={2019},
  organization={IEEE}
}


@ARTICLE{Alkhateeb17initial,
  author={Alkhateeb, Ahmed and others},
  journal={IEEE Transactions on Wireless Communications}, 
  title={{Initial Beam Association in Millimeter Wave Cellular Systems: Analysis and Design Insights}}, 
  year={2017},
  volume={16},
  number={5},
  pages={2807-2821},
  doi={10.1109/TWC.2017.2666806}}


@article{ghatak2020beamwidth,
  title={{Beamwidth optimization and resource partitioning scheme for localization assisted mm-wave communication}},
  author={Ghatak, Gourab and others},
  journal={IEEE Transactions on Communications},
  volume={69},
  number={2},
  pages={1358--1374},
  year={2020},
  publisher={IEEE}
}


@inproceedings{sung2020compressed,
  title={{Compressed-sensing based beam detection in 5G NR initial access}},
  author={Sung, Junmo and others},
  booktitle={2020 IEEE 21st International Workshop on Signal Processing Advances in Wireless Communications (SPAWC)},
  pages={1--5},
  year={2020},
  organization={IEEE}
}


@article{cousik2022deep,
  title={{Deep Learning for Fast and Reliable Initial Access in AI-Driven 6G mm Wave Networks}},
  author={Cousik, Tarun S and others},
  journal={IEEE Transactions on Network Science and Engineering},
  year={2022},
  publisher={IEEE}
}


@article{sohrabi2021deep,
  title={{Deep active learning approach to adaptive beamforming for mmWave initial alignment}},
  author={Sohrabi, Foad and others},
  journal={IEEE Journal on Selected Areas in Communications},
  volume={39},
  number={8},
  pages={2347--2360},
  year={2021},
  publisher={IEEE}
}

@article{soleimani2019fast,
  title={{Fast initial access for mmWave 5G systems with hybrid beamforming using online statistics learning}},
  author={Soleimani, Hossein and others},
  journal={IEEE Communications Magazine},
  volume={57},
  number={9},
  pages={132--137},
  year={2019},
  publisher={IEEE}
}


@inproceedings{audibert2010best,
  title={Best arm identification in multi-armed bandits.},
  author={Audibert, Jean-Yves and Bubeck, S{\'e}bastien and Munos, R{\'e}mi},
  booktitle={COLT},
  pages={41--53},
  year={2010}
}

@inproceedings{hashemi2018efficient,
  title={{Efficient beam alignment in millimeter wave systems using contextual bandits}},
  author={Hashemi, Morteza and others},
  booktitle={IEEE INFOCOM 2018-IEEE Conference on Computer Communications},
  pages={2393--2401},
  year={2018},
  organization={IEEE}
}

@article{annamalai2001cauchy,
  title={{Cauchy--Schwarz bound on the generalized Marcum Q-function with applications}},
  author={Annamalai, Annamalai and others},
  journal={Wireless Communications and Mobile Computing},
  volume={1},
  number={2},
  pages={243--253},
  year={2001},
  publisher={Wiley Online Library}
}


@article{luke1972inequalities,
  title={{Inequalities for generalized hypergeometric functions}},
  author={Luke, Yudell L},
  journal={Journal of Approximation Theory},
  volume={5},
  number={1},
  pages={41--65},
  year={1972},
  publisher={Elsevier}
}

@article{niu2015survey,
  title={{A survey of millimeter wave communications (mmWave) for 5G: opportunities and challenges}},
  author={Niu, Yong and others},
  journal={Wireless networks},
  volume={21},
  pages={2657--2676},
  year={2015},
  publisher={Springer}
}

@article{niu2014blockage,
  title={{Blockage robust and efficient scheduling for directional mmWave WPANs}},
  author={Niu, Yong and others},
  journal={IEEE Transactions on Vehicular Technology},
  volume={64},
  number={2},
  pages={728--742},
  year={2014},
  publisher={IEEE}
}

@article{giordani2016initial,
  title={{Initial access in 5G mmWave cellular networks}},
  author={Giordani, Marco and others},
  journal={IEEE communications Magazine},
  volume={54},
  number={11},
  pages={40--47},
  year={2016},
  publisher={IEEE}
}

article{zhou2019successive,
  title={Successive localization and beamforming in 5G mmWave MIMO communication systems},
  author={Zhou, Bingpeng and Liu, An and Lau, Vincent},
  journal={IEEE Transactions on Signal Processing},
  volume={67},
  number={6},
  pages={1620--1635},
  year={2019},
  publisher={IEEE}
}


@inproceedings{lin2018ss,
  title={{SS/PBCH block design in 5G new radio (NR)}},
  author={Lin, Zhipeng and others},
  booktitle={2018 IEEE Globecom Workshops (GC Wkshps)},
  pages={1--6},
  year={2018},
  organization={IEEE}
}

@article{aykin2019multi,
  title={{Multi-beam transmissions for blockage resilience and reliability in millimeter-wave systems}},
  author={Aykin, Irmak and others},
  journal={IEEE Journal on Selected Areas in Communications},
  volume={37},
  number={12},
  pages={2772--2785},
  year={2019},
  publisher={IEEE}
}


@inproceedings{cousik2021fast,
  title={{Fast initial access with deep learning for beam prediction in 5G mmWave networks}},
  author={Cousik, Tarun S and others},
  booktitle={MILCOM 2021-2021 IEEE Military Communications Conference (MILCOM)},
  pages={664--669},
  year={2021},
  organization={IEEE}
}

@inproceedings{jiang2021high,
  title={{High-dimensional channel estimation for simultaneous localization and communications}},
  author={Jiang, Fan and others},
  booktitle={2021 IEEE Wireless Communications and Networking Conference (WCNC)},
  pages={1--6},
  year={2021},
  organization={IEEE}
}


@article{weng2023wideband,
  title={{Wideband mmWave Massive MIMO Channel Estimation and Localization}},
  author={Weng, Shudi and others},
  journal={IEEE Wireless Communications Letters},
  year={2023},
  publisher={IEEE}
}


@article{echigo2021deep,
  title={{A deep learning-based low overhead beam selection in mmWave communications}},
  author={Echigo, Haruhi and others},
  journal={IEEE Transactions on Vehicular Technology},
  volume={70},
  number={1},
  pages={682--691},
  year={2021},
  publisher={IEEE}
}

@article{yang2020machine,
  title={{Machine learning enabling analog beam selection for concurrent transmissions in millimeter-wave V2V communications}},
  author={Yang, Yang and others},
  journal={IEEE Transactions on Vehicular Technology},
  volume={69},
  number={8},
  pages={9185--9189},
  year={2020},
  publisher={IEEE}
}

@article{hellman1970probability,
  title={{Probability of error, equivocation, and the Chernoff bound}},
  author={Hellman, Martin and others},
  journal={IEEE Transactions on Information Theory},
  volume={16},
  number={4},
  pages={368--372},
  year={1970},
  publisher={IEEE}
}

@article{marzi2016compressive,
  title={{Compressive channel estimation and tracking for large arrays in mm-wave picocells}},
  author={Marzi, Zhinus and others},
  journal={IEEE Journal of Selected Topics in Signal Processing},
  volume={10},
  number={3},
  pages={514--527},
  year={2016},
  publisher={IEEE}
}

@article{li2017design,
  title={{Design and analysis of initial access in millimeter wave cellular networks}},
  author={Li, Yingzhe and others},
  journal={IEEE Transactions on Wireless Communications},
  volume={16},
  number={10},
  pages={6409--6425},
  year={2017},
  publisher={IEEE}
}

@ARTICLE{8962355,
  author={Aykin, Irmak and others},
  journal={IEEE Transactions on Wireless Communications}, 
  title={{Efficient Beam Sweeping Algorithms and Initial Access Protocols for Millimeter-Wave Networks}}, 
  year={2020},
  volume={19},
  number={4},
  pages={2504-2514},
  doi={10.1109/TWC.2020.2965926}}


@ARTICLE{ghataktsge,
  author={Gourab Ghatak},
  journal={21st International Symposium on Modeling and Optimization in Mobile, Ad hoc, and Wireless Networks (WiOpt), Singapore 2023. Extended version at 	arXiv:2205.10366 [cs.LG]}, 
  title={Actively Tracking the Best Arm in Non-Stationary Environments with Mandatory Probing}, 
  year={2023}
}

@book{gupta2004handbook,
  title={{Handbook of beta distribution and its applications}},
  author={Gupta, Arjun K and others},
  year={2004},
  publisher={CRC press}
}

@article{kalamkar2021beam,
  title={Beam management in 5G: A stochastic geometry analysis},
  author={Kalamkar, Sanket S and Baccelli, Fran{\c{c}}ois and Abinader, Fuad M and Fani, Andrea S Marcano and Garcia, Luis G Uzeda},
  journal={IEEE Transactions on Wireless Communications},
  volume={21},
  number={4},
  pages={2275--2290},
  year={2021},
  publisher={IEEE}
}



@misc{zhoupatent,
  title={Multi-beam simultaneous transmissions},
  author={Zhou Yan and others},
  year={2021},
  month=apr # "~7",
  publisher={Google Patents},
  note={US 11,057,089 B2}
}


@misc{denis2022iterative,
  title={Iterative beam training method for accessing a mm-wave network},
  author={Denis, Beno{\^\i}t and De Domenico, Antonio and Ghatak, Gourab and Koirala, Remun},
  year={2022},
  month=jan # "~4",
  publisher={Google Patents},
  note={US Patent 11,218,211}
}


@article{liu2022concurrent,
  title={Concurrent multi-beam transmissions for reliable communication in millimeter-wave networks},
  author={Liu, Yanping and Tang, Chunju},
  journal={Computer Communications},
  volume={195},
  pages={281--291},
  year={2022},
  publisher={Elsevier}
}


@inproceedings{chae2018array,
  title={Array antenna with suppressed side lobe level for millimeter-wave applications},
  author={Chae, Soo-Chang and Kim, Ghoo and Jo, Hye-Won and Hwang, In-June and Cho, Yeon-Jea and Yu, Jong-Won},
  booktitle={2018 International Symposium on Antennas and Propagation (ISAP)},
  pages={1--2},
  year={2018},
  organization={IEEE}
}


@book{ahmadi20195g,
  title={5G NR: Architecture, technology, implementation, and operation of 3GPP new radio standards},
  author={Ahmadi, Sassan},
  year={2019},
  publisher={Academic Press}
}



@inproceedings{jiang2022initial,
  title={Initial access for millimeter-wave and terahertz communications with hybrid beamforming},
  author={Jiang, Wei and Schotten, Hans D},
  booktitle={ICC 2022-IEEE International Conference on Communications},
  pages={3960--3965},
  year={2022},
  organization={IEEE}
}


@book{bjornsonblog,
  title={{WHAT IS THE DIFFERENCE BETWEEN BEAMFORMING AND PRECODING?}},
  url={https://shorturl.at/crE68},
  author={Emil Bjornson},
  year={2017},
  publisher={Wireless Future}
}



@article{sweep1,
  title={{Efficient beam sweeping algorithms and initial access protocols for millimeter-wave networks}},
  author={Aykin, Irmak and Krunz, Marwan},
  journal={IEEE Transactions on Wireless Communications},
  volume={19},
  number={4},
  pages={2504--2514},
  year={2020},
  publisher={IEEE}
}


@article{sweep2,
  title={{Beam-sweeping design based on nearest users position and beam in 5G mmWave networks}},
  author={Tomasin, Stefano and Mazzucco, Christian and De Donno, Danilo and Cappellaro, Filippo},
  journal={IEEE Access},
  volume={8},
  pages={124402--124413},
  year={2020},
  publisher={IEEE}
}


@inproceedings{cs1,
  title={{Compressed-sensing based beam detection in 5G NR initial access}},
  author={Sung, Junmo and Evans, Brian L},
  booktitle={2020 IEEE 21st International Workshop on Signal Processing Advances in Wireless Communications (SPAWC)},
  pages={1--5},
  year={2020},
  organization={IEEE}
}


@inproceedings{cs2,
  title={Compressive sensing based asynchronous random access for wireless networks},
  author={Shah-Mansouri, Vahid and Duan, Suyang and Chang, Ling-Hua and Wong, Vincent WS and Wu, Jwo-Yuh},
  booktitle={2013 IEEE Wireless Communications and Networking Conference (WCNC)},
  pages={884--888},
  year={2013},
  organization={IEEE}
}

@article{hyb1,
  title={{Fast initial access for mmWave 5G systems with hybrid beamforming using online statistics learning}},
  author={Soleimani, Hossein and Parada, Ra{\'u}l and Tomasin, Stefano and Zorzi, Michele},
  journal={IEEE Communications Magazine},
  volume={57},
  number={9},
  pages={132--137},
  year={2019},
  publisher={IEEE}
}

@article{ML1,
  title={{Deep learning for fast and reliable initial access in AI-driven 6G mm Wave networks}},
  author={Cousik, Tarun S and Shah, Vijay K and Erpek, Tugba and Sagduyu, Yalin E and Reed, Jeffrey H},
  journal={IEEE Transactions on Network Science and Engineering},
  year={2022},
  publisher={IEEE}
}

@inproceedings{abu2016random,
  title={{Random-phase beamforming for initial access in millimeter-wave cellular networks}},
  author={Abu-Shaban, Zohair and Wymeersch, Henk and Zhou, Xiangyun and Seco-Granados, Gonzalo and Abhayapala, Thushara},
  booktitle={2016 IEEE Global Communications Conference (GLOBECOM)},
  pages={1--6},
  year={2016},
  organization={IEEE}
}

@inproceedings{zia2019machine,
  title={Machine learning-based context aware sequential initial access in 5G mmWave systems},
  author={Zia-ul-Mustafa, Rida and Hassan, Syed Ali},
  booktitle={2019 IEEE Globecom Workshops (GC Wkshps)},
  pages={1--6},
  year={2019},
  organization={IEEE}
}

@article{liu2020user,
  title={User association for millimeter-wave networks: A machine learning approach},
  author={Liu, Rui and Lee, Mengyuan and Yu, Guanding and Li, Geoffrey Ye},
  journal={IEEE Transactions on Communications},
  volume={68},
  number={7},
  pages={4162--4174},
  year={2020},
  publisher={IEEE}
}

@inproceedings{carpentier2016tight,
  title={Tight (lower) bounds for the fixed budget best arm identification bandit problem},
  author={Carpentier, Alexandra and Locatelli, Andrea},
  booktitle={Conference on Learning Theory},
  pages={590--604},
  year={2016},
  organization={PMLR}
}


@article{lai1985asymptotically,
  title={{Asymptotically efficient adaptive allocation rules}},
  author={Lai, Tze Leung and Robbins, Herbert},
  journal={Advances in applied mathematics},
  volume={6},
  number={1},
  pages={4--22},
  year={1985},
  publisher={Academic Press}
}


@article{auer2002finite,
  title={{Finite-time analysis of the multiarmed bandit problem}},
  author={Auer, Peter and Cesa-Bianchi, Nicolo and Fischer, Paul},
  journal={Machine learning},
  volume={47},
  pages={235--256},
  year={2002},
  publisher={Springer}
}


@inproceedings{even2002pac,
  title={PAC bounds for multi-armed bandit and Markov decision processes},
  author={Even-Dar, Eyal and Mannor, Shie and Mansour, Yishay},
  booktitle={Computational Learning Theory: 15th Annual Conference on Computational Learning Theory, COLT 2002 Sydney, Australia, July 8--10, 2002 Proceedings 15},
  pages={255--270},
  year={2002},
  organization={Springer}
}

@article{mannor2004sample,
  title={The sample complexity of exploration in the multi-armed bandit problem},
  author={Mannor, Shie and Tsitsiklis, John N},
  journal={Journal of Machine Learning Research},
  volume={5},
  number={Jun},
  pages={623--648},
  year={2004}
}


@inproceedings{kaufmann2014complexity,
  title={On the complexity of A/B testing},
  author={Kaufmann, Emilie and Capp{\'e}, Olivier and Garivier, Aur{\'e}lien},
  booktitle={Conference on Learning Theory},
  pages={461--481},
  year={2014},
  organization={PMLR}
}


@inproceedings{jamieson2014best,
  title={{Best-arm identification algorithms for multi-armed bandits in the fixed confidence setting}},
  author={Jamieson, Kevin and Nowak, Robert},
  booktitle={2014 48th Annual Conference on Information Sciences and Systems (CISS)},
  pages={1--6},
  year={2014},
  organization={IEEE}
}

@article{jedra2020optimal,
  title={Optimal best-arm identification in linear bandits},
  author={Jedra, Yassir and Proutiere, Alexandre},
  journal={Advances in Neural Information Processing Systems},
  volume={33},
  pages={10007--10017},
  year={2020}
}

@article{kocak2020best,
  title={Best arm identification in spectral bandits},
  author={Koc{\'a}k, Tom{\'a}{\v{s}} and Garivier, Aur{\'e}lien},
  journal={arXiv preprint arXiv:2005.09841},
  year={2020}
}

@article{kagrecha2022statistically,
  title={Statistically robust, risk-averse best arm identification in multi-armed bandits},
  author={Kagrecha, Anmol and Nair, Jayakrishnan and Jagannathan, Krishna},
  journal={IEEE Transactions on Information Theory},
  volume={68},
  number={8},
  pages={5248--5267},
  year={2022},
  publisher={IEEE}
}


@inproceedings{alieva2021robust,
  title={Robust pure exploration in linear bandits with limited budget},
  author={Alieva, Ayya and Cutkosky, Ashok and Das, Abhimanyu},
  booktitle={International Conference on Machine Learning},
  pages={187--195},
  year={2021},
  organization={PMLR}
}

@article{yang2022minimax,
  title={Minimax Optimal Fixed-Budget Best Arm Identification in Linear Bandits},
  author={Yang, Junwen and Tan, Vincent},
  journal={Advances in Neural Information Processing Systems},
  volume={35},
  pages={12253--12266},
  year={2022}
}

@article{allesiardo2017non,
  title={The non-stationary stochastic multi-armed bandit problem},
  author={Allesiardo, Robin and F{\'e}raud, Rapha{\"e}l and Maillard, Odalric-Ambrym},
  journal={International Journal of Data Science and Analytics},
  volume={3},
  pages={267--283},
  year={2017},
  publisher={Springer}
}

@article{ghatak2024best,
  title={Best Arm Identification Based Beam Acquisition in Stationary and Abruptly Changing Environments},
  author={Ghatak, Gourab},
  journal={IEEE Transactions on Signal Processing},
  year={2024},
  publisher={IEEE}
}

@article{xiong2023b,
  title={A/B Testing and Best-arm Identification for Linear Bandits with Robustness to Non-stationarity},
  author={Xiong, Zhihan and Camilleri, Romain and Fazel, Maryam and Jain, Lalit and Jamieson, Kevin},
  journal={arXiv preprint arXiv:2307.15154},
  year={2023}
}

@inproceedings{abbasi2018best,
  title={Best of both worlds: Stochastic \& adversarial best-arm identification},
  author={Abbasi-Yadkori, Yasin and Bartlett, Peter and Gabillon, Victor and Malek, Alan and Valko, Michal},
  booktitle={Conference on Learning Theory},
  pages={918--949},
  year={2018},
  organization={PMLR}
}

@article{ghatak2020change,
  title={A change-detection-based thompson sampling framework for non-stationary bandits},
  author={Ghatak, Gourab},
  journal={IEEE Transactions on Computers},
  volume={70},
  number={10},
  pages={1670--1676},
  year={2020},
  publisher={IEEE}
}

@article{ghatak2021kolmogorov,
  title={Kolmogorov--Smirnov Test-Based Actively-Adaptive Thompson Sampling for Non-Stationary Bandits},
  author={Ghatak, Gourab and Mohanty, Hardhik and Rahman, Aniq Ur},
  journal={IEEE Transactions on Artificial Intelligence},
  volume={3},
  number={1},
  pages={11--19},
  year={2021},
  publisher={IEEE}
}

@article{ghatak2023fast,
  title={Fast Change Identification in Multi-Play Bandits and its Applications in Wireless Networks},
  author={Ghatak, Gourab},
  journal={IEEE Transactions on Communications},
  year={2023},
  publisher={IEEE}
}

@article{giroux1979bernstein,
  title={On Bernstein's inequality},
  author={Giroux, A and Rahman, QI and Schmeisser, G},
  journal={Canadian Journal of Mathematics},
  volume={31},
  number={2},
  pages={347--353},
  year={1979},
  publisher={Cambridge University Press}
}

@article{wang2024best,
  title={Best arm identification with fixed budget: A large deviation perspective},
  author={Wang, Po-An and Tzeng, Ruo-Chun and Proutiere, Alexandre},
  journal={Advances in Neural Information Processing Systems},
  volume={36},
  year={2024}
}

@inproceedings{reddy2024best,
  title={Best Arm Identification with Arm Erasures},
  author={Reddy, Kota Srinivas and Karthik, PN and Tan, Vincent YF},
  booktitle={2024 IEEE International Symposium on Information Theory (ISIT)},
  pages={2293--2298},
  year={2024},
  organization={IEEE}
}

@inproceedings{lee2024thompson,
  title={Thompson exploration with best challenger rule in best arm identification},
  author={Lee, Jongyeong and Honda, Junya and Sugiyama, Masashi},
  booktitle={Asian Conference on Machine Learning},
  pages={646--661},
  year={2024},
  organization={PMLR}
}


@article{qin2025cost,
  title={Cost-aware Best Arm Identification in Stochastic Bandits},
  author={Qin, Zhida and Xue, Wenhao and Zheng, Lu and Gan, Xiaoying and Wu, Hongqiu and Jin, Haiming and Fu, Luoyi},
  journal={ACM Transactions on Intelligent Systems and Technology},
  year={2025},
  publisher={ACM New York, NY}
}

@article{zhang2024fast,
  title={Fast and regret optimal best arm identification: fundamental limits and low-complexity algorithms},
  author={Zhang, Qining and Ying, Lei},
  journal={Advances in Neural Information Processing Systems},
  volume={36},
  year={2024}
}

@article{qin2024optimizing,
  title={Optimizing Adaptive Experiments: A Unified Approach to Regret Minimization and Best-Arm Identification},
  author={Qin, Chao and Russo, Daniel},
  journal={arXiv preprint arXiv:2402.10592},
  year={2024}
}

@article{komiyama2024rate,
  title={Rate-optimal bayesian simple regret in best arm identification},
  author={Komiyama, Junpei and Ariu, Kaito and Kato, Masahiro and Qin, Chao},
  journal={Mathematics of Operations Research},
  volume={49},
  number={3},
  pages={1629--1646},
  year={2024},
  publisher={INFORMS}
}