@inproceedings{wangunified,
  title={A Unified and General Framework for Continual Learning},
  author={Wang, Zhenyi and Li, Yan and Shen, Li and Huang, Heng},
  booktitle={International Conference on Learning Representations (ICLR)}
}

@inproceedings{smith2024adaptive,
  title={Adaptive Memory Replay for Continual Learning},
  author={Smith, James Seale and Valkov, Lazar and Halbe, Shaunak and Gutta, Vyshnavi and Feris, Rogerio and Kira, Zsolt and Karlinsky, Leonid},
  booktitle={Proceedings of the IEEE/CVF Conference on Computer Vision and Pattern Recognition (CVPR)},
  pages={3605--3615},
  year={2024}
}

@inproceedings{malcl,
  title={{MalCL}: Leveraging GAN-Based Generative Replay to Combat Catastrophic Forgetting in Malware Classification},
  author={Park, Jimin and Ji, AHyun and Park, Minji and Rahman, Mohammad Saidur and Oh, Se Eun},
  booktitle={Proceedings of the AAAI Conference on Artificial Intelligence (AAAI)},
  year={2025}
}

@inproceedings{raff2021classifying,
  title={Classifying sequences of extreme length with constant memory applied to malware detection},
  author={Raff, Edward and Fleshman, William and Zak, Richard and Anderson, Hyrum S and Filar, Bobby and McLean, Mark},
  booktitle={Proceedings of the AAAI Conference on Artificial Intelligence (AAAI)},
  year={2021}
}



@inproceedings{dietCL,
  title={Continual Learning on a Diet: Learning from Sparsely Labeled Streams Under Constrained Computation},
  author={Zhang, Wenxuan and Mohamed, Youssef and Ghanem, Bernard and Torr, Philip and Bibi, Adel and Elhoseiny, Mohamed},
  booktitle={International Conference on Learning Representations (ICLR)},
  year={2024}
}

@inproceedings{upgd,
  title={Addressing Loss of Plasticity and Catastrophic Forgetting in Continual Learning},
  author={Elsayed, Mohamed and Mahmood, A Rupam},
  booktitle={International Conference on Learning Representations (ICLR)},
  year={2024}
}

@inproceedings{tamil,
  title={Task-aware information routing from common representation space in lifelong learning},
  author={Bhat, Prashant and Zonooz, Bahram and Arani, Elahe},
  booktitle={International Conference on Learning Representations (ICLR)},
  year={2023}
}


@inproceedings{amalapuram2024spider,
  title={SPIDER: A Semi-Supervised Continual Learning-based Network Intrusion Detection System},
  author={Amalapuram, Suresh Kumar and Tamma, Bheemarjuna Reddy and Channappayya, Sumohana S},
  booktitle={IEEE INFOCOM 2024-IEEE Conference on Computer Communications},
  pages={571--580},
  year={2024},
  organization={IEEE}
}


%%%%%%%

@article{channappayya2024augmented,
  title={Augmented Memory Replay-based Continual Learning Approaches for Network Intrusion Detection},
  author={Channappayya, Sumohana and Tamma, Bheemarjuna Reddy and others},
  journal={NeurIPS},
  year={2024}
}

@inproceedings{chen2023continuous,
  title={Continuous Learning for {Android} Malware Detection},
  author={Chen, Yizheng and Ding, Zhoujie and Wagner, David},
  booktitle={USENIX Security},
  year={2023}
}

@article{puggini2018enhanced,
  title={An enhanced variable selection and Isolation Forest based methodology for anomaly detection with {OES} data},
  author={Puggini, Luca and McLoone, Se{\'a}n},
  journal={Engineering Applications of Artificial Intelligence},
  volume={67},
  year={2018},
  publisher={Elsevier}
}%  pages={126--135},

@inproceedings{euphony,
    title={{Euphony: harmonious unification of cacophonous anti-virus vendor labels for Android malware}},
    author={Hurier, M{\'e}d{\'e}ric and Suarez-Tangil, Guillermo and Dash, Santanu Kumar and Bissyand{\'e}, Tegawend{\'e} F and Traon, Yves Le and Klein, Jacques and Cavallaro, Lorenzo},
    booktitle={MSR},
    year={2017},
}



@inproceedings{transcendingtranscend,
  title={{Transcending Transcend: Revisiting malware classification in the presence of concept drift}},
  author={Barbero, Federico and Pendlebury, Feargus and Pierazzi, Fabio and Cavallaro, Lorenzo},
  booktitle={IEEE Symposium on Security and Privacy (S\&P)},
  year={2022},
}

@inproceedings{BODMAS,
  title={{BODMAS: An open dataset for learning based temporal analysis of PE malware}},
  author={Yang, Limin and Ciptadi, Arridhana and Laziuk, Ihar and Ahmadzadeh, Ali and Wang, Gang},
  booktitle={IEEE Security and Privacy Workshops (SPW)},
  pages={78--84},
  year={2021},
  organization={IEEE}
}

@inproceedings{AndroZoo,
    author = {Allix, Kevin and Bissyand{\'e}, Tegawend{\'e} F. and Klein, Jacques and Le Traon, Yves},
    title = {{AndroZoo: Collecting} Millions of {Android} Apps for the Research Community},
    booktitle = {MSR},
    year = {2016}
}


@article{neyshabur2020being,
  title={What is being transferred in transfer learning?},
  author={Neyshabur, Behnam and Sedghi, Hanie and Zhang, Chiyuan},
  journal={NeurIPS},
  year={2020}
}

@inproceedings{ioffe2015batch,
  title={{Batch Normalization: Accelerating deep network training by reducing internal covariate shift}},
  author={Ioffe, Sergey and Szegedy, Christian},
  booktitle={International Conference on Machine Learning (ICML)},
  year={2015}
}



@inproceedings{christodorescu2005semantics,
  title={{Semantics-Aware Malware Detection}},
  author={Christodorescu, Mihai and Jha, Somesh and Seshia, Sanjit A and Song, Dawn and Bryant, Randal E},
  booktitle={IEEE Symposium on Security and Privacy (S\&P)},
  year={2005},
}


@inproceedings{continual-learning-malware,
  title={On the Limitations of Continual Learning for Malware Classification},
  author={Rahman, Mohammad Saidur and Coull, Scott E. and Wright, Matthew},
  booktitle={First Conference on Lifelong Learning Agents (CoLLAs)},
  year={2022}
}

@article{tadros2022sleep,
  title={Sleep-like unsupervised replay reduces catastrophic forgetting in artificial neural networks},
  author={Tadros, Timothy and Krishnan, Giri P and Ramyaa, Ramyaa and Bazhenov, Maxim},
  journal={Nature Communications},
  year={2022},
  publisher={Nature Publishing Group}
}


@inproceedings{kim2020imbalanced,
  title={Imbalanced continual learning with partitioning reservoir sampling},
  author={Kim, Chris Dongjoo and Jeong, Jinseo and Kim, Gunhee},
  booktitle={ECCV},
  year={2020},
  organization={Springer}
}

@inproceedings{if,
  title={Isolation forest},
  author={Liu, Fei Tony and Ting, Kai Ming and Zhou, Zhi-Hua},
  booktitle={International Conference on Data Mining (ICDM)},
  year={2008}
}

@article{hdbscancode,
  title={hdbscan: Hierarchical density based clustering},
  author={McInnes, Leland and Healy, John and Astels, Steve},
  journal={The Journal of Open Source Software},
  year={2017}
}


@inproceedings{hdbscan,
  title={Accelerated Hierarchical Density Based Clustering},
  author={McInnes, Leland and Healy, John},
  booktitle={ICDM Workshops},
  year={2017},
  organization={IEEE}
}

@inproceedings{pellegrini2020latent,
  title={Latent replay for real-time continual learning},
  author={Pellegrini, Lorenzo and Graffieti, Gabriele and Lomonaco, Vincenzo and Maltoni, Davide},
  booktitle={IROS},
  year={2020}
}

@inproceedings{iscen2020memory,
  title={Memory-efficient incremental learning through feature adaptation},
  author={Iscen, Ahmet and Zhang, Jeffrey and Lazebnik, Svetlana and Schmid, Cordelia},
  booktitle={ECCV},
  year={2020},
  organization={Springer}
}

@inproceedings{welling2009herding,
  title={Herding dynamical weights to learn},
  author={Welling, Max},
  booktitle={ICML},
  year={2009}
}

@article{ostapenko2022foundational,
  title={Foundational Models for Continual Learning: {An} Empirical Study of Latent Replay},
  author={Ostapenko, Oleksiy and Lesort, Timothee and Rodr{\'\i}guez, Pau and Arefin, Md Rifat and Douillard, Arthur and Rish, Irina and Charlin, Laurent},
  journal={arXiv:2205.00329},
  year={2022}
}


@article{van2022three,
  title={Three types of incremental learning},
  author={van de Ven, Gido M and Tuytelaars, Tinne and Tolias, Andreas S},
  journal={Nature Machine Intelligence},
  year={2022},
  publisher={Nature Publishing Group}
}

%%%%%%%%%%%%%%%%%%%%%%%%%%%
%% OCL


@article{hayes2022online,
  title={Online Continual Learning for Embedded Devices},
  author={Hayes, Tyler L and Kanan, Christopher},
  journal={arXiv preprint arXiv:2203.10681},
  year={2022}
}

@article{caccia2020online,
  title={Online fast adaptation and knowledge accumulation (osaka): a new approach to continual learning},
  author={Caccia, Massimo and Rodriguez, Pau and Ostapenko, Oleksiy and Normandin, Fabrice and Lin, Min and Page-Caccia, Lucas and Laradji, Issam Hadj and Rish, Irina and Lacoste, Alexandre and V{\'a}zquez, David and others},
  journal={NeurIPS},
  year={2020}
}

@inproceedings{he2022online,
  title={Online continual learning via candidates voting},
  author={He, Jiangpeng and Zhu, Fengqing},
  booktitle={WACV},
  year={2022}
}

@inproceedings{chrysakis2020online,
  title={Online continual learning from imbalanced data},
  author={Chrysakis, Aristotelis and Moens, Marie-Francine},
  booktitle={ICML},
  year={2020},
  organization={PMLR}
}

@inproceedings{aljundi2019task,
  title={Task-free continual learning},
  author={Aljundi, Rahaf and Kelchtermans, Klaas and Tuytelaars, Tinne},
  booktitle={CVPR},
  year={2019}
}

@inproceedings{cai2021online,
  title={Online continual learning with natural distribution shifts: An empirical study with visual data},
  author={Cai, Zhipeng and Sener, Ozan and Koltun, Vladlen},
  booktitle={ICCV},
  year={2021}
}


@inproceedings{guo2022online,
  title={Online continual learning through mutual information maximization},
  author={Guo, Yiduo and Liu, Bing and Zhao, Dongyan},
  booktitle={ICML},
  year={2022},
  organization={PMLR}
}

@inproceedings{liu2020learning,
  title={Learning on the job: Online lifelong and continual learning},
  author={Liu, Bing},
  booktitle={Proceedings of the AAAI Conference on Artificial Intelligence (AAAI)},
  year={2020}
}

@inproceedings{sangermano2022sample,
  title={Sample condensation in online continual learning},
  author={Sangermano, Mattia and Carta, Antonio and Cossu, Andrea and Bacciu, Davide},
  booktitle={IJCNN},
  year={2022},
}



%%%%%%%%%%%%%%%
@inproceedings{athena,
  title={{Athena: Probabilistic Verification of Machine Unlearning}},
  author={Sommer, David M. and SOng, Liwei and Wagh, Sameer and Mittal, Prateek},
  journal={Proceedings on Privacy Enhancing Technologies (PoPETS)},
  year={2022}
}


@misc{gdpr,
  author = {GDPR},
  title = {General Data Protection Regulation},
  howpublished = {\url{https://gdpr-info.eu/}},
  accessed = {October 1, 2022}
}

@misc{ccpa,
  author = {CCPA},
  title = {California Consumer Privacy Act},
  howpublished = {\url{https://oag.ca.gov/privacy/ccpa}},
  accessed = {October 1, 2022}
}

@misc{pipeda,
  author = {PIPEDA},
  title = {The Personal Information Protection and Electronic Documents Act},
  howpublished = {\url{https://www.priv.gc.ca/en/privacy-topics/privacy-laws-in-canada/the-personal-information-protection-and-electronic-documents-act-pipeda/}},
  accessed = {October 1, 2022}
}



@article{rothschild2017cortical,
  title={A cortical--hippocampal--cortical loop of information processing during memory consolidation},
  author={Rothschild, Gideon and Eban, Elad and Frank, Loren M},
  journal={Nature Neuroscience},
  year={2017},
  publisher={Nature Publishing Group}
}


@article{tulving2002episodic,
  title={Episodic memory: {From} mind to brain},
  author={Tulving, Endel and others},
  journal={Annual Review of Psychology},
  year={2002},
}

@article{conway2009episodic,
  title={Episodic memories},
  author={Conway, Martin A},
  journal={Neuropsychologia},
  year={2009},
}

@incollection{markovitch1988role,
  title={The role of forgetting in learning},
  author={Markovitch, Shaul and Scott, Paul D},
  booktitle={Machine learning proceedings 1988},
  year={1988},
  publisher={Elsevier}
}

@inproceedings{cao2015towards,
  title={Towards making systems forget with machine unlearning},
  author={Cao, Yinzhi and Yang, Junfeng},
  booktitle={IEEE Symposium on Security and Privacy (S\&P)},
  year={2015},
}


@inproceedings{bourtoule2021machine,
  title={Machine unlearning},
  author={Bourtoule, Lucas and Chandrasekaran, Varun and Choquette-Choo, Christopher A and Jia, Hengrui and Travers, Adelin and Zhang, Baiwu and Lie, David and Papernot, Nicolas},
  booktitle={IEEE Symposium on Security and Privacy (S\&P)},
  year={2021},
}

@article{sekhari2021remember,
  title={Remember what you want to forget: Algorithms for machine unlearning},
  author={Sekhari, Ayush and Acharya, Jayadev and Kamath, Gautam and Suresh, Ananda Theertha},
  journal={NeurIPS},
  year={2021}
}

@article{warnecke2021machine,
  title={Machine Unlearning of Features and Labels},
  author={Warnecke, Alexander and Pirch, Lukas and Wressnegger, Christian and Rieck, Konrad},
  journal={arXiv preprint arXiv:2108.11577},
  year={2021}
}




@inproceedings{shibata2021learning,
  title={Learning with Selective Forgetting.},
  author={Shibata, Takashi and Irie, Go and Ikami, Daiki and Mitsuzumi, Yu},
  booktitle={IJCAI},
  year={2021}
}


@article{gupta2021adaptive,
  title={Adaptive machine unlearning},
  author={Gupta, Varun and Jung, Christopher and Neel, Seth and Roth, Aaron and Sharifi-Malvajerdi, Saeed and Waites, Chris},
  journal={NeurIPS},
  year={2021}
}




@inproceedings{kim2022efficient,
  title={Efficient Two-Stage Model Retraining for Machine Unlearning},
  author={Kim, Junyaup and Woo, Simon S},
  booktitle={CVPR},
  year={2022}
}



@article{ginart2019making,
  title={{Making AI Forget You: Data deletion in machine learning}},
  author={Ginart, Antonio and Guan, Melody and Valiant, Gregory and Zou, James Y},
  journal={NeurIPS},
  year={2019}
}

@inproceedings{Guo2020CertifiedDR,
  title={Certified Data Removal from Machine Learning Models},
  author={Chuan Guo and Tom Goldstein and Awni Y. Hannun and Laurens van der Maaten},
  booktitle={International conference on machine learning (ICML)},
  year={2020}
}

@inproceedings{izzo2021approximate,
  title={Approximate data deletion from machine learning models},
  author={Izzo, Zachary and Smart, Mary Anne and Chaudhuri, Kamalika and Zou, James},
  booktitle={International Conference on Artificial Intelligence and Statistics (AISTATS)},
  year={2021},
  organization={PMLR}
}

@inproceedings{neel2021descent,
  title={Descent-to-delete: Gradient-based methods for machine unlearning},
  author={Neel, Seth and Roth, Aaron and Sharifi-Malvajerdi, Saeed},
  booktitle={Algorithmic Learning Theory},
  year={2021},
  organization={PMLR}
}


%%%%%%%%%%%%%%%%%%%%%%%%%





@inproceedings{pendlebury2019tesseract,
  title={{TESSERACT}: {Eliminating} experimental bias in malware classification across space and time},
  author={Pendlebury, Feargus and Pierazzi, Fabio and Jordaney, Roberto and Kinder, Johannes and Cavallaro, Lorenzo},
  booktitle={USENIX Security},
  year={2019}
}


@inproceedings{impala,
  title={{IMPALA: Scalable distributed Deep-RL with importance weighted actor-learner architectures}},
  author={Espeholt, Lasse and Soyer, Hubert and Munos, Remi and Simonyan, Karen and Mnih, Vlad and Ward, Tom and Doron, Yotam and Firoiu, Vlad and Harley, Tim and Dunning, Iain and others},
  booktitle={International conference on machine learning (ICML)},
  year={2018},
  organization={PMLR}
}


@inproceedings{zhu2020measuring,
  title={Measuring and Modeling the Label Dynamics of Online Anti-Malware Engines},
  author={Zhu, Shuofei and Shi, Jianjun and Yang, Limin and Qin, Boqin and Zhang, Ziyi and Song, Linhai and Wang, Gang},
  booktitle={USENIX Security},
  year={2020}
}

@article{milani2016launch,
  title={Launch and iterate: Reducing prediction churn},
  author={Milani Fard, Mahdi and Cormier, Quentin and Canini, Kevin and Gupta, Maya},
  journal={NeurIPS},
  year={2016}
}



@article{macedo2021entropic,
  title={Entropic Out-of-Distribution Detection: Seamless Detection of Unknown Examples},
  author={Mac{\^e}do, David and Ren, Tsang Ing and Zanchettin, Cleber and Oliveira, Adriano LI and Ludermir, Teresa},
  journal={IEEE Transactions on Neural Networks and Learning Systems},
  year={2021},
  publisher={IEEE}
}

%%% suggested references
@inproceedings{amalapuram2021handling,
  title={On handling class imbalance in continual learning based network intrusion detection systems},
  author={Amalapuram, Suresh Kumar and Reddy, Thushara Tippi and Channappayya, Sumohana S and Tamma, Bheemarjuna Reddy},
  booktitle={The First International Conference on AI-ML-Systems},
  year={2021}
}



@article{aljundi2019gradient,
  title={Gradient based sample selection for online continual learning},
  author={Aljundi, Rahaf and Lin, Min and Goujaud, Baptiste and Bengio, Yoshua},
  journal={NeurIPS},
  year={2019}
}

@article{aljundi2019online,
  title={Online continual learning with maximal interfered retrieval},
  author={Aljundi, Rahaf and Belilovsky, Eugene and Tuytelaars, Tinne and Charlin, Laurent and Caccia, Massimo and Lin, Min and Page-Caccia, Lucas},
  journal={NeurIPS},
  year={2019}
}

@inproceedings{de2021continual,
  title={Continual prototype evolution: {Learning} online from non-stationary data streams},
  author={De Lange, Matthias and Tuytelaars, Tinne},
  booktitle={ICCV},
  year={2021}
}

@inproceedings{agem,
  title={Efficient lifelong learning with {A-GEM}},
  author={Chaudhry, Arslan and Ranzato, Marc'Aurelio and Rohrbach, Marcus and Elhoseiny, Mohamed},
  booktitle={ICML},
  year={2019}
}

@inproceedings{chaudhry2019tiny,
  title={On tiny episodic memories in continual learning},
  author={Chaudhry, Arslan and Rohrbach, Marcus and Elhoseiny, Mohamed and Ajanthan, Thalaiyasingam and Dokania, Puneet K and Torr, Philip HS and Ranzato, Marc'Aurelio},
  booktitle={ICML},
  year={2019}
}

@inproceedings{riemer2019learning,
  title={Learning to learn without forgetting by maximizing transfer and minimizing interference},
  author={Riemer, Matthew and Cases, Ignacio and Ajemian, Robert and Liu, Miao and Rish, Irina and Tu, Yuhai and Tesauro, Gerald},
  booktitle={International Conference on Learning Representations (ICLR)},
  year={2019}
}

@inproceedings{angiulli2002fast,
  title={Fast outlier detection in high dimensional spaces},
  author={Angiulli, Fabrizio and Pizzuti, Clara},
  booktitle={PKDD},
  year={2002},
}

@inproceedings{breunig2000lof,
  title={{LOF}: {Identifying} density-based local outliers},
  author={Breunig, Markus M and Kriegel, Hans-Peter and Ng, Raymond T and Sander, J{\"o}rg},
  booktitle={SIGMOD},
  year={2000}
}

@article{vitter1985random,
  title={Random sampling with a reservoir},
  author={Vitter, Jeffrey S},
  journal={ACM Transactions on Mathematical Software (TOMS)},
  year={1985},
}

@misc{zhang2017deeper,
  title={A deeper look at experience replay},
  author={Zhang, Shangtong and Sutton, Richard S},
  howpublished={arXiv:1712.01275},
  year={2017}
}

%%%%%%%%%%%%%





@misc{zeus,
  author = {Dennis Schwarz},
  title = {zeusmuseum.},
  accessed = {Mar. 10, 2022},
  howpublished = {\url{https://zeusmuseum.com/}},
  year = {2022}
}

@article{van2008visualizing,
  title={{Visualizing data using t-SNE}},
  author={Van der Maaten, Laurens and Hinton, Geoffrey},
  journal={Journal of Machine Learning Research (JMLR)},
  year={2008}
}

@inproceedings{huynh2017new,
  title={A new adaptive learning algorithm and its application to online malware detection},
  author={Huynh, Ngoc Anh and Ng, Wee Keong and Ariyapala, Kanishka},
  booktitle={International Conference on Discovery Science (ICDS)},
  year={2017},
}


@article{garcia2023effectiveness,
  title={An effectiveness analysis of transfer learning for the concept drift problem in malware detection},
  author={Garc{\'\i}a, David Escudero and DeCastro-Garc{\'\i}a, Noem{\'\i} and Casta{\~n}eda, Angel Luis Mu{\~n}oz},
  journal={Expert Systems with Applications},
  year={2023},
}

@inproceedings{droidevolver,
  title={Droidevolver: Self-evolving android malware detection system},
  author={Xu, Ke and Li, Yingjiu and Deng, Robert and Chen, Kai and Xu, Jiayun},
  booktitle={IEEE European Symposium on Security and Privacy (EuroS\&P)},
  year={2019},
}

@article{narayanan2017context,
  title={Context-aware, adaptive, and scalable android malware detection through online learning},
  author={Narayanan, Annamalai and Chandramohan, Mahinthan and Chen, Lihui and Liu, Yang},
  journal={IEEE Transactions on Emerging Topics in Computational Intelligence},
  year={2017},
}

@inproceedings{droidol,
  title={Adaptive and scalable android malware detection through online learning},
  author={Narayanan, Annamalai and Yang, Liu and Chen, Lihui and Jinliang, Liu},
  booktitle={IJCNN},
  year={2016},
}




@article{hsiao2019malware,
  title={Malware image classification using one-shot learning with siamese networks},
  author={Hsiao, Shou-Ching and Kao, Da-Yu and Liu, Zi-Yuan and Tso, Raylin},
  journal={Procedia Computer Science},
  year={2019},
  publisher={Elsevier}
}

@article{tang2020convprotonet,
  title={ConvProtoNet: Deep prototype induction towards better class representation for few-shot malware classification},
  author={Tang, Zhijie and Wang, Peng and Wang, Junfeng},
  journal={Applied Sciences},
  year={2020},
  publisher={MDPI}
}

@inproceedings{ale2020few,
  title={Few-Shot Learning to Classify Android Malwares},
  author={Ale, Laha and Li, Longzhuang and Kar, Dulal and Zhang, Ning and Palikhe, Aayasha},
  booktitle={ICSIP},
  year={2020},
}

@inproceedings{rong2021umvd,
  title={{UMVD-FSL: Unseen Malware Variants Detection Using Few-Shot Learning}},
  author={Rong, Candong and Gou, Gaopeng and Hou, Chengshang and Li, Zhen and Xiong, Gang and Guo, Li},
  booktitle={IJCNN},
  year={2021},
}

@article{chai2022dynamic,
  title={Dynamic prototype network based on sample adaptation for few-shot malware detection},
  author={Chai, Yuhan and Du, Lei and Qiu, Jing and Yin, Lihua and Tian, Zhihong},
  journal={IEEE Transactions on Knowledge and Data Engineering},
  year={2022},
  publisher={IEEE}
}



@inproceedings{kantchelian2015better,
	title={Better malware ground truth: {Techniques} for weighting anti-virus vendor labels},
	author={Kantchelian, Alex and Tschantz, Michael Carl and Afroz, Sadia and Miller, Brad and Shankar, Vaishaal and Bachwani, Rekha and Joseph, Anthony D and Tygar, J Doug},
	booktitle={ACM AISec},
	year={2015}
}



@misc{cylanceprotect,
	title = {{CylancePROTECT} {Malware} {Execution} {Control}},
	howpublished = {\url{https://www.cylance.com/content/dam/cylance/pdfs/feature-focus/Feature_Focus_PROTECT_Malware_Control.pdf}},
	language = {en},
	file = {CylancePROTECT Malware Execution Control.pdf:/home/gio/Zotero/storage/4NI6FAQ8/CylancePROTECT Malware Execution Control.pdf:application/pdf}
}

@misc{detonating_2017,
	title = {Detonating a bad rabbit: {Windows} {Defender} {Antivirus} and layered machine learning defenses},
	shorttitle = {Detonating a bad rabbit},
	howpublished = {\url{https://www.microsoft.com/security/blog/2017/12/11/detonating-a-bad-rabbit-windows-defender-antivirus-and-layered-machine-learning-defenses/}},
	abstract = {Windows Defender Antivirus uses a layered approach to protection: tiers of advanced automation and machine learning models evaluate files in order to reach a verdict on suspected malware. While Windows Defender AV detects a vast majority of new malware files at first sight, we always strive to further close the gap between malware release and…},
	language = {en-US},
	journal = {Microsoft Security},
}

    author = {Johns, Jeff},
	title = {{MalwareGuard}: {FireEye}’s {Machine} {Learning} {Model} to {Detect} and {Prevent} {Malware}},
	shorttitle = {{MalwareGuard}},
	howpublished = {\url{https://www.fireeye.com/blog/products-and-services/2018/07/malwareguard-fireeye-machine-learning-model-to-detect
                         %-and-prevent-malware.html}},
	abstract = {With MalwareGuard, customers will be able to detect and prevent malware from executing. This feature addresses an important need by detecting new malware on day zero that traditional AV technology misses.},
	language = {en},
	journal = {FireEye},
	year = {2018}
}

@misc{malwareguard,
  author = {Eduard Kovacs},
  title = {{FireEye MalwareGuard} Uses Machine Learning to Detect Malware},
  howpublished = {\url{https://www.securityweek.com/fireeye-malwareguard-uses-machine-learning-detect-malware/}},
  year = {2018}
}

@misc{av-test,
  author = {AV-TEST},
  title = {Malware Statistics and Trends Report}, 
  year = {2025},
  howpublished = {\url{https://www.av-test.org/en/statistics/malware/}},
  accessed = {January 21, 2025}
}

@misc{virustotal,
  author= {VirusTotal},
  title = {{VirusTotal -- Stats}},
  year = {2025},
  howpublished = {\url{https://www.virustotal.com/gui/stats}},
  accessed = {January 21, 2053}
}

@article{ember,
  title={{EMBER}: {An} open dataset for training static {PE} malware machine learning models},
  author={Anderson, Hyrum S and Roth, Phil},
  journal={arXiv:1804.04637},
  year={2018}
}





@article{kingma2013auto,
  title={Auto-encoding variational bayes},
  author={Kingma, Diederik P and Welling, Max},
  journal={arXiv preprint arXiv:1312.6114},
  year={2013}
}


@inproceedings{raff2017malware,
  title={Malware classification and class imbalance via stochastic hashed lzjd},
  author={Raff, Edward and Nicholas, Charles},
  booktitle={ACM Workshop on Artificial Intelligence and Security (AISec)},
  year={2017}
}

@article{tharwat2020classification,
  title={Classification assessment methods},
  author={Tharwat, Alaa},
  journal={Applied Computing and Informatics},
  year={2020}
}

@inproceedings{sokolova2006beyond,
  title={{Beyond accuracy, F-score and ROC}: a family of discriminant measures for performance evaluation},
  author={Sokolova, Marina and Japkowicz, Nathalie and Szpakowicz, Stan},
  booktitle={Australian Joint Conference on Artificial Intelligence},
  year={2006}
}

@article{chen2018lifelong,
  title={Lifelong machine learning},
  author={Chen, Zhiyuan and Liu, Bing},
  journal={Synthesis Lectures on Artificial Intelligence and Machine Learning},
  year={2018},
  publisher={Morgan \&amp; Claypool Publishers}
}



@article{goodfellow2014generative,
  title={Generative adversarial nets},
  author={Goodfellow, Ian and Pouget-Abadie, Jean and Mirza, Mehdi and Xu, Bing and Warde-Farley, David and Ozair, Sherjil and Courville, Aaron and Bengio, Yoshua},
  journal={NeurIPS},
  volume={27},
  year={2014}
}


@article{killgore2008sleep,
  title={Sleep deprivation reduces perceived emotional intelligence and constructive thinking skills},
  author={Killgore, William DS and Kahn-Greene, Ellen T and Lipizzi, Erica L and Newman, Rachel A and Kamimori, Gary H and Balkin, Thomas J},
  journal={Sleep Medicine},
  year={2008},
  publisher={Elsevier}
}


@article{ramirez2013creating,
  title={Creating a false memory in the hippocampus},
  author={Ramirez, Steve and Liu, Xu and Lin, Pei-Ann and Suh, Junghyup and Pignatelli, Michele and Redondo, Roger L and Ryan, Tom{\'a}s J and Tonegawa, Susumu},
  journal={Science},
  year={2013},
  publisher={American Association for the Advancement of Science}
}




@misc{lee2019overcoming,
      title={Overcoming Catastrophic Forgetting with Unlabeled Data in the Wild}, 
      author={Kibok Lee and Kimin Lee and Jinwoo Shin and Honglak Lee},
      year={2019},
      eprint={1903.12648},
      archivePrefix={arXiv},
      primaryClass={cs.CV}
}

%%%% Security & Privacy

@inproceedings{bartos2016optimized,
  title={Optimized invariant representation of network traffic for detecting unseen malware variants},
  author={Bartos, Karel and Sofka, Michal and Franc, Vojtech},
  booktitle={USENIX Security},
  year={2016}
}

@article{mirsky2018kitsune,
  title={Kitsune: an ensemble of autoencoders for online network intrusion detection},
  author={Mirsky, Yisroel and Doitshman, Tomer and Elovici, Yuval and Shabtai, Asaf},
  journal={arXiv preprint arXiv:1802.09089},
  year={2018}
}

@inproceedings{dave2013viceroi,
  title={Viceroi: Catching click-spam in search ad networks},
  author={Dave, Vacha and Guha, Saikat and Zhang, Yin},
  booktitle={ACM Conference on Computer and Communications Security (CCS)},
  year={2013}
}

@inproceedings{li2018machine,
  title={A machine learning approach to prevent malicious calls over telephony networks},
  author={Li, Huichen and Xu, Xiaojun and Liu, Chang and Ren, Teng and Wu, Kun and Cao, Xuezhi and Zhang, Weinan and Yu, Yong and Song, Dawn},
  booktitle={IEEE Symposium on Security and Privacy (S\&P)},
  year={2018},
}

@article{rahman2020mockingbird,
  title={Mockingbird: {Defending} against deep-learning-based website fingerprinting attacks with adversarial traces},
  author={Rahman, Mohammad Saidur and Imani, Mohsen and Mathews, Nate and Wright, Matthew},
  journal={IEEE Transactions on Information Forensics and Security},
  year={2020},
  publisher={IEEE}
}


@inproceedings{stringhini2013shady,
  title={Shady paths: Leveraging surfing crowds to detect malicious web pages},
  author={Stringhini, Gianluca and Kruegel, Christopher and Vigna, Giovanni},
  booktitle={ACM Conference on Computer and Communications Security (CCS)},
  year={2013}
}



@inproceedings{vsrndic2013detection,
  title={Detection of malicious pdf files based on hierarchical document structure},
  author={{\v{S}}rndic, Nedim and Laskov, Pavel},
  booktitle={Network and Distributed System Security Symposium (NDSS)},
  pages={1--16},
  year={2013},
  organization={Citeseer}
}

@inproceedings{coull2019activation,
  title={Activation analysis of a byte-based deep neural network for malware classification},
  author={Coull, Scott E and Gardner, Christopher},
  booktitle={IEEE Security and Privacy Workshops (SPW)},
  pages={21--27},
  year={2019},
  organization={IEEE}
}



@inproceedings{gao2018saql,
  title={{SAQL: A} Stream-based Query System for Real-Time Abnormal System Behavior Detection},
  author={Gao, Peng and Xiao, Xusheng and Li, Ding and Li, Zhichun and Jee, Kangkook and Wu, Zhenyu and Kim, Chung Hwan and Kulkarni, Sanjeev R and Mittal, Prateek},
  booktitle={USENIX Security},
  year={2018}
}


@article{tahan2012mal,
  title={Mal-id: Automatic malware detection using common segment analysis and meta-features},
  author={Tahan, Gil and Rokach, Lior and Shahar, Yuval},
  journal={Journal of Machine Learning Research (JMLR)},
  volume={13},
  number={1},
  pages={949--979},
  year={2012},
  publisher={JMLR. org}
}

@inproceedings{dahl2013large,
  title={Large-scale malware classification using random projections and neural networks},
  author={Dahl, George E and Stokes, Jack W and Deng, Li and Yu, Dong},
  booktitle={ICASSP},
  year={2013}
}
%  pages={3422--3426},
%  organization={IEEE}
} %International Conference on Acoustics, Speech, \& Signal Processing

@inproceedings{maiorca2012pattern,
  title={A pattern recognition system for malicious {PDF} files detection},
  author={Maiorca, Davide and Giacinto, Giorgio and Corona, Igino},
  booktitle={MLDM Workshop},
  year={2012}
} %  pages={510--524}, organization={Springer}

@inproceedings{laskov2011static,
  title={Static detection of malicious JavaScript-bearing PDF documents},
  author={Laskov, Pavel and {\v{S}}rndi{\'c}, Nedim},
  booktitle={Annual Computer Security Applications Conference (ACSAC)},
  pages={373--382},
  year={2011}
}

@inproceedings{Lee2012WarningBirdDS,
  title={{WarningBird: Detecting} Suspicious {URLs} in {Twitter} Stream},
  author={S. Lee and J. Kim},
  booktitle={Network and Distributed System Security Symposium (NDSS)},
  year={2012}
}


@inproceedings{grosse2017adversarial,
  title={Adversarial examples for malware detection},
  author={Grosse, Kathrin and Papernot, Nicolas and Manoharan, Praveen and Backes, Michael and McDaniel, Patrick},
  booktitle={European Symposium on Research in Computer Security (ESORICS)},
  pages={62--79},
  year={2017},
  organization={Springer}
}

@article{onwuzurike2019mamadroid,
  title={MaMaDroid: Detecting Android malware by building Markov chains of behavioral models (extended version)},
  author={Onwuzurike, Lucky and Mariconti, Enrico and Andriotis, Panagiotis and Cristofaro, Emiliano De and Ross, Gordon and Stringhini, Gianluca},
  journal={ACM Transactions on Privacy and Security (TOPS)},
  volume={22},
  number={2},
  pages={1--34},
  year={2019},
  publisher={ACM New York, NY, USA}
}

@article{xdg,
  title={Alleviating catastrophic forgetting using context-dependent gating and synaptic stabilization},
  author={Masse, Nicolas Y and Grant, Gregory D and Freedman, David J},
  journal={Proceedings of the National Academy of Sciences},
  year={2018}
}

@article{bendor2012biasing,
  title={Biasing the content of hippocampal replay during sleep},
  author={Bendor, Daniel and Wilson, Matthew A},
  journal={Nature Neuroscience},
  year={2012},
  publisher={Nature Publishing Group}
}



@inproceedings{bang2021rainbow,
  title={Rainbow memory: Continual learning with a memory of diverse samples},
  author={Bang, Jihwan and Kim, Heesu and Yoo, YoungJoon and Ha, Jung-Woo and Choi, Jonghyun},
  booktitle={CVPR},
  year={2021}
}


@article{smirnakis2005lack,
  title={Lack of long-term cortical reorganization after macaque retinal lesions},
  author={Smirnakis, Stelios M and Brewer, Alyssa A and Schmid, Michael C and Tolias, Andreas S and Sch{\"u}z, Almut and Augath, Mark and Inhoffen, Werner and Wandell, Brian A and Logothetis, Nikos K},
  journal={Nature},
  volume={435},
  number={7040},
  pages={300--307},
  year={2005},
  publisher={Nature Publishing Group}
}

@inproceedings{imani2018adversarial,
  title={Adversarial traces for website fingerprinting defense},
  author={Imani, Mohsen and Rahman, Mohammad Saidur and Wright, Matthew},
  booktitle={ACM Conference on Computer and Communications Security (CCS)},
  year={2018}
}


%%%% CF
@article{farquhar2018towards,
  title={Towards robust evaluations of continual learning},
  author={Farquhar, Sebastian and Gal, Yarin},
  journal={arXiv:1805.09733},
  year={2018}
}


@article{hsu2018re,
  title={Re-evaluating continual learning scenarios: A categorization and case for strong baselines},
  author={Hsu, Yen-Chang and Liu, Yen-Cheng and Ramasamy, Anita and Kira, Zsolt},
  journal={arXiv:1810.12488},
  year={2018}
}



@article{qin1997memory,
  title={Memory reprocessing in corticocortical and hippocampocortical neuronal ensembles},
  author={Qin, Yu-Lin and McNaughton, Bruce L and Skaggs, William E and Barnes, Carol A},
  journal={Philosophical Transactions of the Royal Society of London. Series B: Biological Sciences},
  volume={352},
  number={1360},
  pages={1525--1533},
  year={1997},
  publisher={The Royal Society}
}

@article{ji2007coordinated,
  title={Coordinated memory replay in the visual cortex and hippocampus during sleep},
  author={Ji, Daoyun and Wilson, Matthew A},
  journal={Nature Neuroscience},
  year={2007},
  publisher={Nature Publishing Group}
}


@article{carr2011hippocampal,
  title={Hippocampal replay in the awake state: a potential substrate for memory consolidation and retrieval},
  author={Carr, Margaret F and Jadhav, Shantanu P and Frank, Loren M},
  journal={Nature Neuroscience},
  volume={14},
  number={2},
  pages={147},
  year={2011},
  publisher={Nature Publishing Group}
}

@article{rusu2016progressive,
  title={Progressive neural networks},
  author={Rusu, Andrei A and Rabinowitz, Neil C and Desjardins, Guillaume and Soyer, Hubert and Kirkpatrick, James and Kavukcuoglu, Koray and Pascanu, Razvan and Hadsell, Raia},
  journal={arXiv preprint arXiv:1606.04671},
  year={2016}
}

@article{yoon2017lifelong,
  title={Lifelong learning with dynamically expandable networks},
  author={Yoon, Jaehong and Yang, Eunho and Lee, Jeongtae and Hwang, Sung Ju},
  journal={arXiv preprint arXiv:1708.01547},
  year={2017}
}

@inproceedings{hou2018lifelong,
  title={Lifelong learning via progressive distillation and retrospection},
  author={Hou, Saihui and Pan, Xinyu and Loy, Chen Change and Wang, Zilei and Lin, Dahua},
  booktitle={Proceedings of the European Conference on Computer Vision (ECCV)},
  pages={437--452},
  year={2018}
}


@inproceedings{ostapenko2019learning,
  title={Learning to remember: A synaptic plasticity driven framework for continual learning},
  author={Ostapenko, Oleksiy and Puscas, Mihai and Klein, Tassilo and Jahnichen, Patrick and Nabi, Moin},
  booktitle={CVPR},
  pages={11321--11329},
  year={2019}
}



@article{parisi2019continual,
  title={Continual lifelong learning with neural networks: {A} review},
  author={Parisi, German I and Kemker, Ronald and Part, Jose L and Kanan, Christopher and Wermter, Stefan},
  journal={Neural Networks},
  year={2019}
}



@inproceedings{er,
  title={Experience replay for continual learning},
  author={Rolnick, David and Ahuja, Arun and Schwarz, Jonathan and Lillicrap, Timothy and Wayne, Gregory},
  booktitle={NeurIPS},
  year={2019}
}



@article{rtf,
  title={Generative replay with feedback connections as a general strategy for continual learning},
  author={van de Ven, Gido M and Tolias, Andreas S},
  journal={arXiv preprint arXiv:1809.10635},
  year={2018}
}


@article{ratcliff1990connectionist,
  title={Connectionist models of recognition memory: constraints imposed by learning and forgetting functions.},
  author={Ratcliff, Roger},
  journal={Psychological Review},
  volume={97},
  number={2},
  pages={285},
  year={1990},
  publisher={American Psychological Association}
}



@incollection{mccloskey1989catastrophic,
  title={Catastrophic interference in connectionist networks: The sequential learning problem},
  author={McCloskey, Michael and Cohen, Neal J},
  booktitle={Psychology of Learning and Motivation},
  year={1989}
}

@article{abraham1996metaplasticity,
  title={Metaplasticity: the plasticity of synaptic plasticity},
  author={Abraham, Wickliffe C and Bear, Mark F},
  journal={Trends in Neurosciences},
  year={1996}
}



@article{abraham2005memory,
  title={Memory retention and weight plasticity in ANN simulations},
  author={Abraham, Wickliffe C and Robins, Anthony},
  journal={Trends in Neurosciences},
  volume={2},
  number={28},
  pages={73--78},
  year={2005}
}



@article{robins1995catastrophic,
  title={Catastrophic forgetting, rehearsal and pseudorehearsal},
  author={Robins, Anthony},
  journal={Connection Science},
  year={1995}
}




@article{french1999catastrophic,
  title={Catastrophic forgetting in connectionist networks},
  author={French, Robert M},
  journal={Trends in Cognitive Sciences},
  year={1999}
}




%%% Applicaitons

@inproceedings{sirinam2019triplet,
  title={{Triplet Fingerprinting}: More Practical and Portable Website Fingerprinting with N-shot Learning},
  author={Sirinam, Payap and Mathews, Nate and Rahman, Mohammad Saidur and Wright, Matthew},
  booktitle={ACM Conference on Computer and Communications Security (CCS)},
  year={2019}
}

@article{rahman2020tik,
  title={{Tik-Tok}: The utility of packet timing in website fingerprinting attacks},
  author={Rahman, Mohammad Saidur and Sirinam, Payap and Mathews, Nate and Gangadhara, Kantha Girish and Wright, Matthew},
  journal={Proceedings on Privacy Enhancing Technologies},
  volume={2020},
  number={3},
  pages={5--24},
  year={2020},
  publisher={Sciendo}
}


%%% DL
@article{rosenblatt1958perceptron,
  title={The perceptron: a probabilistic model for information storage and organization in the brain.},
  author={Rosenblatt, Frank},
  journal={Psychological Review},
  volume={65},
  number={6},
  pages={386},
  year={1958},
  publisher={American Psychological Association}
}


@incollection{fukushima1982neocognitron,
  title={Neocognitron: {A} self-organizing neural network model for a mechanism of visual pattern recognition},
  author={Fukushima, Kunihiko and Miyake, Sei},
  booktitle={Competition and Cooperation in Neural Nets},
  pages={267--285},
  year={1982},
  publisher={Springer}
}



@article{lecun2015deep,
  title={Deep learning},
  author={LeCun, Yann and Bengio, Yoshua and Hinton, Geoffrey},
  journal={nature},
  volume={521},
  number={7553},
  pages={436--444},
  year={2015},
  publisher={Nature Publishing Group}
}

@inproceedings{krizhevsky2012imagenet,
  title={Imagenet classification with deep convolutional neural networks},
  author={Krizhevsky, Alex and Sutskever, Ilya and Hinton, Geoffrey E},
  booktitle={Advances in Neural Information Processing Systems (NeurIPS)},
  year={2012}
}


@inproceedings{hinton2012deep,
  title={Deep neural networks for acoustic modeling in speech recognition: The shared views of four research groups},
  author={Hinton, Geoffrey and Deng, Li and Yu, Dong and Dahl, George E and Mohamed, Abdel-rahman and Jaitly, Navdeep and Senior, Andrew and Vanhoucke, Vincent and Nguyen, Patrick and Sainath, Tara N and others},
  booktitle={IEEE Signal Processing Magazine},
  year={2012}
}

@inproceedings{lillicrap2015continuous,
  title={Continuous control with deep reinforcement learning},
  author={Lillicrap, Timothy P and Hunt, Jonathan J and Pritzel, Alexander and Heess, Nicolas and Erez, Tom and Tassa, Yuval and Silver, David and Wierstra, Daan},
  booktitle={International Conference on Learning Representations (ICLR)},
  year={2016}
}

@inproceedings{geiger2012we,
  title={Are we ready for autonomous driving? the kitti vision benchmark suite},
  author={Geiger, Andreas and Lenz, Philip and Urtasun, Raquel},
  booktitle={CVPR},
  year={2012}
}

%%% Continual Learning


@inproceedings{van2019three,
  title={Three continual learning scenarios},
  author={van de Ven, Gido M and Tolias, Andreas S},
  booktitle={{NeurIPS Continual Learning Workshop}},
  year={2018}
}


@inproceedings{maliciousbehavior,
  title={Malicious behavior detection using {Windows} audit logs},
  author={Berlin, Konstantin and Slater, David and Saxe, Joshua},
  booktitle={ACM AISec},
  year={2015}
}


@inproceedings{hashingtrick,
  title={Feature hashing for large scale multitask learning},
  author={Weinberger, Kilian and Dasgupta, Anirban and Langford, John and Smola, Alex and Attenberg, Josh},
  booktitle={International Conference on Machine Learning (ICML)},
  pages={1113--1120},
  year={2009}
}

@article{bir,
  title={Brain-inspired replay for continual learning with artificial neural networks},
  author={van de Ven, Gido M and Siegelmann, Hava T and Tolias, Andreas S},
  journal={Nature Communications},
  year={2020},
  publisher={Nature Publishing Group}
}

@inproceedings{hayes2020remind,
  title={Remind your neural network to prevent catastrophic forgetting},
  author={Hayes, Tyler L and Kafle, Kushal and Shrestha, Robik and Acharya, Manoj and Kanan, Christopher},
  booktitle={ECCV},
  year={2020}
}



@article{si,
  title={Continual learning through synaptic intelligence},
  author={Zenke, Friedemann and Poole, Ben and Ganguli, Surya},
  journal={Journal of Machine Learning Research (JMLR)},
  year={2017}
}



@article{lwf,
  title={Learning without forgetting},
  author={Li, Zhizhong and Hoiem, Derek},
  journal={IEEE transactions on Pattern Analysis and Machine Intelligence (TPAMI)},
  volume={40},
  number={12},
  pages={2935--2947},
  year={2017},
  publisher={IEEE}
}

@article{ewc,
  title={Overcoming catastrophic forgetting in neural networks},
  author={Kirkpatrick, James and Pascanu, Razvan and Rabinowitz, Neil and Veness, Joel and Desjardins, Guillaume and Rusu, Andrei A and Milan, Kieran and Quan, John and Ramalho, Tiago and Grabska-Barwinska, Agnieszka and others},
  journal={Proceedings of the National Academy of Sciences (PNAS)},
  year={2017}
}

@inproceedings{onlineewc,
  title={Progress \& compress: A scalable framework for continual learning},
  author={Schwarz, Jonathan and Czarnecki, Wojciech and Luketina, Jelena and Grabska-Barwinska, Agnieszka and Teh, Yee Whye and Pascanu, Razvan and Hadsell, Raia},
  booktitle={International Conference on Machine Learning (ICML)},
  pages={4528--4537},
  year={2018}
}



@article{gr,
  title={Continual learning with deep generative replay},
  author={Shin, Hanul and Lee, Jung Kwon and Kim, Jaehong and Kim, Jiwon},
  journal={NeurIPS},
  year={2017}
}


@inproceedings{memoryawaresynapse,
  title={Memory aware synapses: Learning what (not) to forget},
  author={Aljundi, Rahaf and Babiloni, Francesca and Elhoseiny, Mohamed and Rohrbach, Marcus and Tuytelaars, Tinne},
  booktitle={Proceedings of the European Conference on Computer Vision (ECCV)},
  pages={139--154},
  year={2018}
}

@inproceedings{riemannianwalk,
  title={Riemannian walk for incremental learning: Understanding forgetting and intransigence},
  author={Chaudhry, Arslan and Dokania, Puneet K and Ajanthan, Thalaiyasingam and Torr, Philip HS},
  booktitle={Proceedings of the European Conference on Computer Vision (ECCV)},
  pages={532--547},
  year={2018}
}

@inproceedings{learningwmemorizing,
  title={Learning without memorizing},
  author={Dhar, Prithviraj and Singh, Rajat Vikram and Peng, Kuan-Chuan and Wu, Ziyan and Chellappa, Rama},
  booktitle={CVPR},
  pages={5138--5146},
  year={2019}
}

@inproceedings{onlinelaplace,
  title={Online structured laplace approximations for overcoming catastrophic forgetting},
  author={Ritter, Hippolyt and Botev, Aleksandar and Barber, David},
  booktitle={NeurIPS},
  year={2018}
}

@article{hardattentiontask,
  title={Overcoming catastrophic forgetting with hard attention to the task},
  author={Serra, Joan and Suris, Didac and Miron, Marius and Karatzoglou, Alexandros},
  booktitle={International Conference on Machine Learning (ICML)},
  year={2018}
}



%%%% CV data
@article{kemker2017fearnet,
  title={Fearnet: Brain-inspired model for incremental learning},
  author={Kemker, Ronald and Kanan, Christopher},
  journal={arXiv preprint arXiv:1711.10563},
  year={2017}
}


@article{nguyen2017variational,
  title={Variational continual learning},
  author={Nguyen, Cuong V and Li, Yingzhen and Bui, Thang D and Turner, Richard E},
  journal={arXiv preprint arXiv:1710.10628},
  year={2017}
}



@article{lecun1998gradient,
  title={Gradient-based learning applied to document recognition},
  author={LeCun, Yann and Bottou, L{\'e}on and Bengio, Yoshua and Haffner, Patrick},
  journal={Proceedings of the IEEE},
  volume={86},
  number={11},
  pages={2278--2324},
  year={1998},
  publisher={Ieee}
}


@article{krizhevsky2009learning,
  title={Learning multiple layers of features from tiny images},
  author={Krizhevsky, Alex and Hinton, Geoffrey and others},
  year={2009},
  publisher={Citeseer}
}

@article{russakovsky2015imagenet,
  title={Imagenet large scale visual recognition challenge},
  author={Russakovsky, Olga and Deng, Jia and Su, Hao and Krause, Jonathan and Satheesh, Sanjeev and Ma, Sean and Huang, Zhiheng and Karpathy, Andrej and Khosla, Aditya and Bernstein, Michael and others},
  journal={International Journal of Computer Vision},
  volume={115},
  number={3},
  pages={211--252},
  year={2015},
  publisher={Springer}
}

@inproceedings{castro2018end,
  title={End-to-end incremental learning},
  author={Castro, Francisco M and Mar{\'\i}n-Jim{\'e}nez, Manuel J and Guil, Nicol{\'a}s and Schmid, Cordelia and Alahari, Karteek},
  booktitle={Proceedings of the European conference on computer vision (ECCV)},
  pages={233--248},
  year={2018}
}

@article{gem,
  title={Gradient episodic memory for continual learning},
  author={Lopez-Paz, David and Ranzato, Marc'Aurelio},
  journal={NeurIPS},
  volume={30},
  year={2017}
}



@inproceedings{icarl,
  title={{iCaRL}: Incremental classifier and representation learning},
  author={Rebuffi, Sylvestre-Alvise and Kolesnikov, Alexander and Sperl, Georg and Lampert, Christoph H},
  booktitle={CVPR},
  year={2017}
}




@article{hinton2015distilling,
  title={Distilling the knowledge in a neural network},
  author={Hinton, Geoffrey and Vinyals, Oriol and Dean, Jeff},
  journal={arXiv preprint arXiv:1503.02531},
  year={2015}
}


%%% Security Data


@inproceedings{transcend,
  title={{Transcend: Detecting} concept drift in malware classification models},
  author={Jordaney, Roberto and Sharad, Kumar and Dash, Santanu K and Wang, Zhi and Papini, Davide and Nouretdinov, Ilia and Cavallaro, Lorenzo},
  booktitle={USENIX Security},
  year={2017}
}

@inproceedings{pytorch,
  title={{PyTorch: An imperative style, high-performance deep learning library}},
  author={Paszke, Adam and Gross, Sam and Massa, Francisco and Lerer, Adam and Bradbury, James and Chanan, Gregory and Killeen, Trevor and Lin, Zeming and Gimelshein, Natalia and Antiga, Luca and others},
  booktitle={NeurIPS},
  year={2019}
}

@inproceedings{cade,
  title={{CADE: Detecting} and explaining concept drift samples for security applications},
  author={Yang, Limin and Guo, Wenbo and Hao, Qingying and Ciptadi, Arridhana and Ahmadzadeh, Ali and Xing, Xinyu and Wang, Gang},
  booktitle={USENIX Security},
  year={2021}
}

@inproceedings{arp2014drebin,
  title={Drebin: {Effective} and explainable detection of android malware in your pocket.},
  author={Arp, Daniel and Spreitzenbarth, Michael and Hubner, Malte and Gascon, Hugo and Rieck, Konrad},
  booktitle={NDSS},
  year={2014}
}

@article{kingma2014adam,
  title={Adam: A method for stochastic optimization},
  author={Kingma, Diederik P and Ba, Jimmy},
  journal={arXiv preprint arXiv:1412.6980},
  year={2014}
}


@inproceedings{sharafaldin2018toward,
  title={Toward generating a new intrusion detection dataset and intrusion traffic characterization.},
  author={Sharafaldin, Iman and Lashkari, Arash Habibi and Ghorbani, Ali A},
  booktitle={ICISSP},
  pages={108--116},
  year={2018}
}

@inproceedings{rahaliAndMal2020,
  title={{DIDroid: Android Malware Classification and Characterization Using Deep Image Learning}},
  author={Abir Rahali and Arash Habibi Lashkari and Gurdip Kaur and Laya Taheri and Francois Gagnon and Frédéric Massicotte},
  booktitle={International Conference on Communication and Network Security (ICCNS)},
  year={2020}
}

@article{pedregosa2011scikit,
  title={Scikit-learn: Machine learning in Python},
  author={Pedregosa, Fabian and Varoquaux, Ga{\"e}l and Gramfort, Alexandre and Michel, Vincent and Thirion, Bertrand and Grisel, Olivier and Blondel, Mathieu and Prettenhofer, Peter and Weiss, Ron and Dubourg, Vincent and others},
  journal={Journal of Machine Learning Research (JMLR)},
  year={2011}
}
