@inproceedings{DashEtAl18,
title={Boolean Decision Rules via Column Generation},
author={Sanjeeb Dash and Oktay G\"{u}nl\"uk and Dennis Wei},
booktitle={Advances in Neural Information Processing Systems},
year={2018},
volume={31}
}

@inproceedings{LaugelEtAl19,
  title     = {The Dangers of Post-hoc Interpretability: Unjustified Counterfactual Explanations},
  author    = {Laugel, Thibault and Lesot, Marie-Jeanne and Marsala, Christophe and Renard, Xavier and Detyniecki, Marcin},
  booktitle = {Proceedings of the Twenty-Eighth International Joint Conference on
               Artificial Intelligence, {(IJCAI)}},
  pages     = {2801--2807},
  year      = {2019},
  month     = {7}
}

@article{LoPiano20,
  title={Ethical principles in machine learning and artificial intelligence: cases from the field and possible ways forward},
  author={Lo Piano, Samuele},
  journal={Humanities and Social Sciences Communications},
  volume={7},
  number={1},
  pages={1--7},
  year={2020},
  publisher={Palgrave}
}

@article{RudinWa14,
year={2014},
title={Machine Learning for Science and Society},
author={Cynthia Rudin and Kiri L. Wagstaff},
journal={Machine Learning}, 
volume={95},
number={1}
}

@article{Thiebes20,
 author={Scott Thiebes and Sebastian Lins and Ali Sunyaev},
 title={Trustworthy artificial intelligence},
 journal={Electronic Markets}, 
 year={2020}
}

@inproceedings{adebayo2018sanity,
  title={Sanity checks for saliency maps},
  author={Adebayo, Julius and Gilmer, Justin and Muelly, Michael and Goodfellow, Ian and Hardt, Moritz and Kim, Been},
  booktitle={Advances in Neural Information Processing Systems},
  volume={31},
  year={2018}
}

@inproceedings{aglin2020learning,
  title={Learning optimal decision trees using caching branch-and-bound search},
  author={Aglin, Ga{\"e}l and Nijssen, Siegfried and Schaus, Pierre},
  booktitle={Proceedings of the AAAI Conference on Artificial Intelligence},
  volume={34},
  pages={3146--3153},
  year={2020}
}

@article{angelino2018learning,
  title={Learning Certifiably Optimal Rule Lists for Categorical Data},
  author={Angelino, Elaine and Larus-Stone, Nicholas and Alabi, Daniel and Seltzer, Margo and Rudin, Cynthia},
  journal={Journal of Machine Learning Research},
  volume={18},
  pages={1--78},
  year={2018}
}

@article{ashoori2019ai,
      title={In {AI} We Trust? {F}actors That Influence Trustworthiness of {AI}-infused Decision-Making Processes}, 
      author={Maryam Ashoori and Justin D. Weisz},
      year={2019},
      journal={arXiv e-print arXiv:1912.02675}
}

@article{bastani2017interpretability,
  title={Interpretability via model extraction},
  author={Bastani, Osbert and Kim, Carolyn and Bastani, Hamsa},
  journal={4th Workshop on Fairness, Accountability, and Transparency in Machine Learning (FAT/ML 2017)},
  year={2017}
}

@inproceedings{batina2019csi,
  title={$\{$CSI$\}$$\{$NN$\}$: Reverse engineering of neural network architectures through electromagnetic side channel},
  author={Batina, Lejla and Bhasin, Shivam and Jap, Dirmanto and Picek, Stjepan},
  booktitle={28th USENIX Security Symposium (USENIX Security 19)},
  pages={515--532},
  year={2019}
}

@article{breier2021sniff,
  title={SNIFF: reverse engineering of neural networks with fault attacks},
  author={Breier, Jakub and Jap, Dirmanto and Hou, Xiaolu and Bhasin, Shivam and Liu, Yang},
  journal={IEEE Transactions on Reliability},
  volume={71},
  number={4},
  pages={1527--1539},
  year={2021},
  publisher={IEEE}
}

@article{brundage2020trustworthy,
      title={Toward Trustworthy {AI} Development: Mechanisms for Supporting Verifiable Claims}, 
      author={Miles Brundage and Shahar Avin and Jasmine Wang and Haydn Belfield and Gretchen Krueger and Gillian Hadfield et al.},
      year={2020},
      journal={arXiv e-print arXiv:2004.07213}
}

@inproceedings{carlini2020cryptanalytic,
  title={Cryptanalytic extraction of neural network models},
  author={Carlini, Nicholas and Jagielski, Matthew and Mironov, Ilya},
  booktitle={Annual international cryptology conference},
  pages={189--218},
  year={2020}
}

@inproceedings{chandrasekaran2020exploring,
  title={Exploring connections between active learning and model extraction},
  author={Chandrasekaran, Varun and Chaudhuri, Kamalika and Giacomelli, Irene and Jha, Somesh and Yan, Songbai},
  booktitle={29th USENIX Security Symposium (USENIX Security 20)},
  pages={1309--1326},
  year={2020}
}

@inproceedings{correia2018copycat,
  title={Copycat {CNN}: Stealing knowledge by persuading confession with random non-labeled data},
  author={Correia-Silva, Jacson Rodrigues and Berriel, Rodrigo F and Badue, Claudine and De Souza, Alberto F and Oliveira-Santos, Thiago},
  booktitle={2018 International Joint Conference on Neural Networks (IJCNN)},
  pages={1--8},
  year={2018}
}

@article{defazio2019adversarial,
  title={Adversarial model extraction on graph neural networks},
  author={DeFazio, David and Ramesh, Arti},
  journal={arXiv preprint arXiv:1912.07721},
  year={2019}
}

@article{demirovic2022murtree,
  title={Murtree: Optimal decision trees via dynamic programming and search},
  author={Demirovi{\'c}, Emir and Lukina, Anna and Hebrard, Emmanuel and Chan, Jeffrey and Bailey, James and Leckie, Christopher and Ramamohanarao, Kotagiri and Stuckey, Peter J},
  journal={Journal of Machine Learning Research},
  volume={23},
  number={26},
  pages={1--47},
  year={2022}
}

@inproceedings{dziedzic2022difficulty,
  title={On the difficulty of defending self-supervised learning against model extraction},
  author={Dziedzic, Adam and Dhawan, Nikita and Kaleem, Muhammad Ahmad and Guan, Jonas and Papernot, Nicolas},
  booktitle={International Conference on Machine Learning},
  pages={5757--5776},
  year={2022}
}

@article{ezzeddine2024knowledge,
  title={Knowledge Distillation-Based Model Extraction Attack using Private Counterfactual Explanations},
  author={Ezzeddine, Fatima and Ayoub, Omran and Giordano, Silvia},
  journal={arXiv preprint arXiv:2404.03348},
  year={2024}
}

@article{he2021model,
  title={Model extraction and adversarial transferability, your BERT is vulnerable!},
  author={He, Xuanli and Lyu, Lingjuan and Xu, Qiongkai and Sun, Lichao},
  journal={arXiv preprint arXiv:2103.10013},
  year={2021}
}

@inproceedings{he2021stealing,
  title={Stealing links from graph neural networks},
  author={He, Xinlei and Jia, Jinyuan and Backes, Michael and Gong, Neil Zhenqiang and Zhang, Yang},
  booktitle={30th USENIX security symposium (USENIX security 21)},
  pages={2669--2686},
  year={2021}
}

@article{hong2018security,
  title={Security analysis of deep neural networks operating in the presence of cache side-channel attacks},
  author={Hong, Sanghyun and Davinroy, Michael and Kaya, Yi«ßitcan and Locke, Stuart Nevans and Rackow, Ian and Kulda, Kevin and Dachman-Soled, Dana and Dumitra{\c{s}}, Tudor},
  journal={arXiv preprint arXiv:1810.03487},
  year={2018}
}

@inproceedings{hu2020deepsniffer,
  title={Deepsniffer: A dnn model extraction framework based on learning architectural hints},
  author={Hu, Xing and Liang, Ling and Li, Shuangchen and Deng, Lei and Zuo, Pengfei and Ji, Yu and Xie, Xinfeng and Ding, Yufei and Liu, Chang and Sherwood, Timothy and others},
  booktitle={Proceedings of the Twenty-Fifth International Conference on Architectural Support for Programming Languages and Operating Systems},
  pages={385--399},
  year={2020}
}

@inproceedings{hu2021stealing,
  title={Stealing machine learning models: Attacks and countermeasures for generative adversarial networks},
  author={Hu, Hailong and Pang, Jun},
  booktitle={Proceedings of the 37th Annual Computer Security Applications Conference},
  pages={1--16},
  year={2021}
}

@inproceedings{hua2018reverse,
  title={Reverse engineering convolutional neural networks through side-channel information leaks},
  author={Hua, Weizhe and Zhang, Zhiru and Suh, G Edward},
  booktitle={Proceedings of the 55th Annual Design Automation Conference},
  pages={1--6},
  year={2018}
}

@inproceedings{jagielski2020high,
  title={High accuracy and high fidelity extraction of neural networks},
  author={Jagielski, Matthew and Carlini, Nicholas and Berthelot, David and Kurakin, Alex and Papernot, Nicolas},
  booktitle={29th USENIX security symposium (USENIX Security 20)},
  pages={1345--1362},
  year={2020}
}

@inproceedings{jap2020practical,
  title={Practical side-channel based model extraction attack on tree-based machine learning algorithm},
  author={Jap, Dirmanto and Yli-M{\"a}yry, Ville and Ito, Akira and Ueno, Rei and Bhasin, Shivam and Homma, Naofumi},
  booktitle={Applied Cryptography and Network Security Workshops: ACNS 2020 Satellite Workshops, AIBlock, AIHWS, AIoTS, Cloud S\&P, SCI, SecMT, and SiMLA, Rome, Italy, October 19--22, 2020, Proceedings 18},
  pages={93--105},
  year={2020}
}

@inproceedings{juuti2019prada,
  title={PRADA: protecting against DNN model stealing attacks},
  author={Juuti, Mika and Szyller, Sebastian and Marchal, Samuel and Asokan, N},
  booktitle={2019 IEEE European Symposium on Security and Privacy (EuroS\&P)},
  pages={512--527},
  year={2019}
}

@inproceedings{kariyappa2021maze,
  title={Maze: Data-free model stealing attack using zeroth-order gradient estimation},
  author={Kariyappa, Sanjay and Prakash, Atul and Qureshi, Moinuddin K},
  booktitle={Proceedings of the IEEE/CVF Conference on Computer Vision and Pattern Recognition},
  pages={13814--13823},
  year={2021}
}

@article{krishna2019thieves,
  title={Thieves on sesame street! model extraction of bert-based apis},
  author={Krishna, Kalpesh and Tomar, Gaurav Singh and Parikh, Ankur P and Papernot, Nicolas and Iyyer, Mohit},
  journal={arXiv preprint arXiv:1910.12366},
  year={2019}
}

@inproceedings{lakkaraju2019faithful,
  title={Faithful and customizable explanations of black box models},
  author={Lakkaraju, Himabindu and Kamar, Ece and Caruana, Rich and Leskovec, Jure},
  booktitle={Proceedings of the 2019 AAAI/ACM Conference on AI, Ethics, and Society},
  pages={131--138},
  year={2019}
}

@inproceedings{lakkaraju2020fool,
  title={"{H}ow do {I} fool you?" {M}anipulating User Trust via Misleading Black Box Explanations},
  author={Lakkaraju, Himabindu and Bastani, Osbert},
  booktitle={Proceedings of the AAAI/ACM Conference on AI, Ethics, and Society},
  pages={79--85},
  year={2020}
}

@inproceedings{lin2020generalized,
  title={Generalized and scalable optimal sparse decision trees},
  author={Lin, Jimmy and Zhong, Chudi and Hu, Diane and Rudin, Cynthia and Seltzer, Margo},
  booktitle={International Conference on Machine Learning},
  pages={6150--6160},
  year={2020}
}

@inproceedings{liu2022stolenencoder,
  title={Stolenencoder: stealing pre-trained encoders in self-supervised learning},
  author={Liu, Yupei and Jia, Jinyuan and Liu, Hongbin and Gong, Neil Zhenqiang},
  booktitle={Proceedings of the 2022 ACM SIGSAC Conference on Computer and Communications Security},
  pages={2115--2128},
  year={2022}
}

@inproceedings{lowd2005adversarial,
  title={Adversarial learning},
  author={Lowd, Daniel and Meek, Christopher},
  booktitle={Proceedings of the eleventh ACM SIGKDD international conference on Knowledge discovery in data mining},
  pages={641--647},
  year={2005}
}

@inproceedings{lundberg2017unified,
  title={A unified approach to interpreting model predictions},
  author={Lundberg, Scott M and Lee, Su-In},
  booktitle={Advances in Neural Information Processing Systems},
  volume={30},
  year={2017}
}

@article{lundberg2020local,
  title={From local explanations to global understanding with explainable {AI} for trees},
  author={Lundberg, Scott M and Erion, Gabriel and Chen, Hugh and DeGrave, Alex and Prutkin, Jordan M and Nair, Bala and Katz, Ronit and Himmelfarb, Jonathan and Bansal, Nisha and Lee, Su-In},
  journal={Nature Machine Intelligence},
  volume={2},
  number={1},
  pages={56--67},
  year={2020},
  publisher={Nature Publishing Group UK London}
}

@inproceedings{milli2019model,
  title={Model reconstruction from model explanations},
  author={Milli, Smitha and Schmidt, Ludwig and Dragan, Anca D and Hardt, Moritz},
  booktitle={Proceedings of the Conference on Fairness, Accountability, and Transparency},
  pages={1--9},
  year={2019}
}

@inproceedings{miura2024megex,
author = {Miura, Takayuki and Shibahara, Toshiki and Yanai, Naoto},
title = {MEGEX: Data-Free Model Extraction Attack Against Gradient-Based Explainable {AI}},
year = {2024},
booktitle = {Proceedings of the 2nd ACM Workshop on Secure and Trustworthy Deep Learning Systems},
pages = {56‚Äì66},
numpages = {11}
}

@inproceedings{mosafi2019stealing,
  title={Stealing knowledge from protected deep neural networks using composite unlabeled data},
  author={Mosafi, Itay and David, Eli Omid and Netanyahu, Nathan S},
  booktitle={2019 International Joint Conference on Neural Networks (IJCNN)},
  pages={1--8},
  year={2019}
}

@inproceedings{nguyen2023xrand,
  title={Xrand: Differentially private defense against explanation-guided attacks},
  author={Nguyen, Truc and Lai, Phung and Phan, Hai and Thai, My T},
  booktitle={Proceedings of the AAAI Conference on Artificial Intelligence},
  volume={37},
  number={10},
  pages={11873--11881},
  year={2023}
}

@article{oh2019towards,
  title={Towards reverse-engineering black-box neural networks},
  author={Oh, Seong Joon and Schiele, Bernt and Fritz, Mario},
  journal={Explainable AI: Interpreting, Explaining and Visualizing Deep Learning},
  pages={121--144},
  year={2019},
  publisher={Springer}
}

@article{oksuz2023autolycus,
  title={AUTOLYCUS: Exploiting Explainable {AI} ({XAI}) for Model Extraction Attacks against Decision Tree Models},
  author={Oksuz, Abdullah Caglar and Halimi, Anisa and Ayday, Erman},
  journal={arXiv preprint arXiv:2302.02162},
  year={2023}
}

@inproceedings{orekondy2019knockoff,
  title={Knockoff nets: Stealing functionality of black-box models},
  author={Orekondy, Tribhuvanesh and Schiele, Bernt and Fritz, Mario},
  booktitle={Proceedings of the IEEE/CVF Conference on Computer Vision and Pattern Recognition},
  pages={4954--4963},
  year={2019}
}

@article{pal2019framework,
  title={A framework for the extraction of deep neural networks by leveraging public data},
  author={Pal, Soham and Gupta, Yash and Shukla, Aditya and Kanade, Aditya and Shevade, Shirish and Ganapathy, Vinod},
  journal={arXiv preprint arXiv:1905.09165},
  year={2019}
}

@inproceedings{pal2020activethief,
  title={Activethief: Model extraction using active learning and unannotated public data},
  author={Pal, Soham and Gupta, Yash and Shukla, Aditya and Kanade, Aditya and Shevade, Shirish and Ganapathy, Vinod},
  booktitle={Proceedings of the AAAI Conference on Artificial Intelligence},
  volume={34},
  number={01},
  pages={865--872},
  year={2020}
}

@inproceedings{pengcheng2018query,
  title={Query-efficient black-box attack by active learning},
  author={Pengcheng, Li and Yi, Jinfeng and Zhang, Lijun},
  booktitle={2018 IEEE International Conference on Data Mining (ICDM)},
  pages={1200--1205},
  year={2018}
}

@inproceedings{regazzoni2020machine,
  title={Machine learning and hardware security: Challenges and opportunities},
  author={Regazzoni, Francesco and Bhasin, Shivam and Pour, Amir Ali and Alshaer, Ihab and Aydin, Furkan and Aysu, Aydin and Beroulle, Vincent and Di Natale, Giorgio and Franzon, Paul and Hely, David and others},
  booktitle={Proceedings of the 39th International Conference on Computer-Aided Design},
  pages={1--6},
  year={2020}
}

@inproceedings{reith2019efficiently,
  title={Efficiently stealing your machine learning models},
  author={Reith, Robert Nikolai and Schneider, Thomas and Tkachenko, Oleksandr},
  booktitle={Proceedings of the 18th ACM Workshop on Privacy in the Electronic Society},
  pages={198--210},
  year={2019}
}

@inproceedings{ribeiro2016should,
  title={"{W}hy should {I} trust you?" {E}xplaining the predictions of any classifier},
  author={Ribeiro, Marco Tulio and Singh, Sameer and Guestrin, Carlos},
  booktitle={Proceedings of the 22nd ACM SIGKDD International Conference on Knowledge Discovery and Data Mining},
  pages={1135--1144},
  year={2016}
}

@inproceedings{rolnick2020reverse,
  title={Reverse-engineering deep relu networks},
  author={Rolnick, David and Kording, Konrad},
  booktitle={International conference on machine learning},
  pages={8178--8187},
  year={2020}
}

@article{rudin2019stop,
  title={Stop explaining black box machine learning models for high stakes decisions and use interpretable models instead},
  author={Rudin, Cynthia},
  journal={Nature Machine Intelligence},
  volume={1},
  number={5},
  pages={206--215},
  year={2019},
  publisher={Nature Publishing Group UK London}
}

@article{rudin2023globally,
  title={Globally-consistent rule-based summary-explanations for machine learning models: application to credit-risk evaluation},
  author={Rudin, Cynthia and Shaposhnik, Yaron},
  journal={Journal of Machine Learning Research},
  volume={24},
  number={16},
  pages={1--44},
  year={2023}
}

@inproceedings{sanyal2022towards,
  title={Towards data-free model stealing in a hard label setting},
  author={Sanyal, Sunandini and Addepalli, Sravanti and Babu, R Venkatesh},
  booktitle={Proceedings of the IEEE/CVF Conference on Computer Vision and Pattern Recognition},
  pages={15284--15293},
  year={2022}
}

@article{settles2009active,
  title={Active learning literature survey},
  author={Settles, Burr},
  year={2009},
  publisher={University of Wisconsin-Madison Department of Computer Sciences}
}

@inproceedings{sha2023can,
  title={Can't steal? Cont-steal! Contrastive stealing attacks against image encoders},
  author={Sha, Zeyang and He, Xinlei and Yu, Ning and Backes, Michael and Zhang, Yang},
  booktitle={Proceedings of the IEEE/CVF Conference on Computer Vision and Pattern Recognition},
  pages={16373--16383},
  year={2023}
}

@inproceedings{shen2022model,
  title={Model stealing attacks against inductive graph neural networks},
  author={Shen, Yun and He, Xinlei and Han, Yufei and Zhang, Yang},
  booktitle={2022 IEEE Symposium on Security and Privacy (SP)},
  pages={1175--1192},
  year={2022}
}

@inproceedings{shi2017steal,
  title={How to steal a machine learning classifier with deep learning},
  author={Shi, Yi and Sagduyu, Yalin E and Grushin, Alexander},
  booktitle={2017 IEEE International Symposium on Technologies for Homeland Security (HST)},
  pages={1--5},
  year={2017}
}

@inproceedings{shi2018active,
  title={Active deep learning attacks under strict rate limitations for online API calls},
  author={Shi, Yi and Sagduyu, Yalin E and Davaslioglu, Kemal and Li, Jason H},
  booktitle={2018 IEEE International Symposium on Technologies for Homeland Security (HST)},
  pages={1--6},
  year={2018},
}

@inproceedings{shi2018generative,
  title={Generative adversarial networks for black-box API attacks with limited training data},
  author={Shi, Yi and Sagduyu, Yalin E and Davaslioglu, Kemal and Li, Jason H},
  booktitle={2018 IEEE International Symposium on Signal Processing and Information Technology (ISSPIT)},
  pages={453--458},
  year={2018}
}

@inproceedings{simonyan2014deep,
  title={Deep inside convolutional networks: {V}isualising image classification models and saliency maps},
  author={Simonyan, K and Vedaldi, A and Zisserman, A},
  booktitle={Proceedings of the International Conference on Learning Representations (ICLR)},
  year={2014}
}

@inproceedings{sundararajan2017axiomatic,
  title={Axiomatic attribution for deep networks},
  author={Sundararajan, Mukund and Taly, Ankur and Yan, Qiqi},
  booktitle={International Conference on Machine Learning},
  pages={3319--3328},
  year={2017}
}

@article{szyller2021good,
  title={Good Artists Copy, Great Artists Steal: Model Extraction Attacks Against Image Translation Models},
  author={Szyller, Sebastian and Duddu, Vasisht and Gr{\"o}ndahl, Tommi and Asokan, N},
  journal={arXiv preprint arXiv:2104.12623},
  year={2021}
}

@article{takemura2020model,
  title={Model extraction attacks against recurrent neural networks},
  author={Takemura, Tatsuya and Yanai, Naoto and Fujiwara, Toru},
  journal={arXiv preprint arXiv:2002.00123},
  year={2020}
}

@article{teitelman2020stealing,
  title={Stealing black-box functionality using the deep neural tree architecture},
  author={Teitelman, Daniel and Naeh, Itay and Mannor, Shie},
  journal={arXiv preprint arXiv:2002.09864},
  year={2020}
}

@inproceedings{tramer2016stealing,
  title={Stealing machine learning models via prediction {API}s},
  author={Tram{\`e}r, Florian and Zhang, Fan and Juels, Ari and Reiter, Michael K and Ristenpart, Thomas},
  booktitle={25th USENIX Security Symposium (USENIX Security 16)},
  pages={601--618},
  year={2016}
}

@article{tromer2010efficient,
  title={Efficient cache attacks on AES, and countermeasures},
  author={Tromer, Eran and Osvik, Dag Arne and Shamir, Adi},
  journal={Journal of Cryptology},
  volume={23},
  pages={37--71},
  year={2010},
  publisher={Springer}
}

@inproceedings{truong2021data,
  title={Data-free model extraction},
  author={Truong, Jean-Baptiste and Maini, Pratyush and Walls, Robert J and Papernot, Nicolas},
  booktitle={Proceedings of the IEEE/CVF Conference on Computer Vision and Pattern Recognition},
  pages={4771--4780},
  year={2021}
}

@article{wang2017bayesian,
  title={A {B}ayesian framework for learning rule sets for interpretable classification},
  author={Wang, Tong and Rudin, Cynthia and Doshi-Velez, Finale and Liu, Yimin and Klampfl, Erica and MacNeille, Perry},
  journal={Journal of Machine Learning Research},
  volume={18},
  number={70},
  pages={1--37},
  year={2017}
}

@inproceedings{wang2018stealing,
  title={Stealing hyperparameters in machine learning},
  author={Wang, Binghui and Gong, Neil Zhenqiang},
  booktitle={2018 IEEE symposium on security and privacy (SP)},
  pages={36--52},
  year={2018}
}

@inproceedings{wang2022dualcf,
  title={Dualcf: Efficient model extraction attack from counterfactual explanations},
  author={Wang, Yongjie and Qian, Hangwei and Miao, Chunyan},
  booktitle={Proceedings of the 2022 ACM Conference on Fairness, Accountability, and Transparency},
  pages={1318--1329},
  year={2022}
}

@inproceedings{wang2022enhance,
  title={Enhance model stealing attack via label refining},
  author={Wang, Yixu and Lin, Xianming},
  booktitle={2022 7th International Conference on Intelligent Computing and Signal Processing (ICSP)},
  pages={1040--1043},
  year={2022}
}

@inproceedings{wu2022model,
  title={Model extraction attacks on graph neural networks: Taxonomy and realisation},
  author={Wu, Bang and Yang, Xiangwen and Pan, Shirui and Yuan, Xingliang},
  booktitle={Proceedings of the 2022 ACM on Asia conference on computer and communications security},
  pages={337--350},
  year={2022}
}

@article{xiang2020open,
  title={Open dnn box by power side-channel attack},
  author={Xiang, Yun and Chen, Zhuangzhi and Chen, Zuohui and Fang, Zebin and Hao, Haiyang and Chen, Jinyin and Liu, Yi and Wu, Zhefu and Xuan, Qi and Yang, Xiaoniu},
  journal={IEEE Transactions on Circuits and Systems II: Express Briefs},
  volume={67},
  number={11},
  pages={2717--2721},
  year={2020},
  publisher={IEEE}
}

@inproceedings{xie2022game,
  title={Game: Generative-based adaptive model extraction attack},
  author={Xie, Yi and Huang, Mengdie and Zhang, Xiaoyu and Dong, Changyu and Susilo, Willy and Chen, Xiaofeng},
  booktitle={European Symposium on Research in Computer Security},
  pages={570--588},
  year={2022}
}

@inproceedings{yan2020cache,
  title={Cache telepathy: Leveraging shared resource attacks to learn $\{$DNN$\}$ architectures},
  author={Yan, Mengjia and Fletcher, Christopher W and Torrellas, Josep},
  booktitle={29th USENIX Security Symposium (USENIX Security 20)},
  pages={2003--2020},
  year={2020}
}

@article{yan2022towards,
  title={Towards explainable model extraction attacks},
  author={Yan, Anli and Hou, Ruitao and Liu, Xiaozhang and Yan, Hongyang and Huang, Teng and Wang, Xianmin},
  journal={International Journal of Intelligent Systems},
  volume={37},
  number={11},
  pages={9936--9956},
  year={2022},
  publisher={Wiley Online Library}
}

@article{yan2023explanation,
  title={Explanation-based data-free model extraction attacks},
  author={Yan, Anli and Hou, Ruitao and Yan, Hongyang and Liu, Xiaozhang},
  journal={World Wide Web},
  volume={26},
  number={5},
  pages={3081--3092},
  year={2023},
  publisher={Springer}
}

@inproceedings{yarom2014flush+,
  title={$\{$FLUSH+ RELOAD$\}$: A high resolution, low noise, l3 cache $\{$Side-Channel$\}$ attack},
  author={Yarom, Yuval and Falkner, Katrina},
  booktitle={23rd USENIX security symposium (USENIX security 14)},
  pages={719--732},
  year={2014}
}

@inproceedings{yoshida2019model,
  title={Model-extraction attack against FPGA-DNN accelerator utilizing correlation electromagnetic analysis},
  author={Yoshida, Kota and Kubota, Takaya and Shiozaki, Mitsuru and Fujino, Takeshi},
  booktitle={2019 IEEE 27th Annual International Symposium on Field-Programmable Custom Computing Machines (FCCM)},
  pages={318--318},
  year={2019}
}

@inproceedings{yu2020deepem,
  title={Deepem: Deep neural networks model recovery through em side-channel information leakage},
  author={Yu, Honggang and Ma, Haocheng and Yang, Kaichen and Zhao, Yiqiang and Jin, Yier},
  booktitle={2020 IEEE International Symposium on Hardware Oriented Security and Trust (HOST)},
  pages={209--218},
  year={2020}
}

@article{yuan2022attack,
  title={{ES} attack: Model stealing against deep neural networks without data hurdles},
  author={Yuan, Xiaoyong and Ding, Leah and Zhang, Lan and Li, Xiaolin and Wu, Dapeng Oliver},
  journal={IEEE Transactions on Emerging Topics in Computational Intelligence},
  volume={6},
  number={5},
  pages={1258--1270},
  year={2022},
  publisher={IEEE}
}

@inproceedings{zhu2021hermes,
  title={Hermes attack: Steal $\{$DNN$\}$ models with lossless inference accuracy},
  author={Zhu, Yuankun and Cheng, Yueqiang and Zhou, Husheng and Lu, Yantao},
  booktitle={30th USENIX Security Symposium (USENIX Security 21)},
  year={2021}
}

