@ARTICLE{10336721,
	author={Li, Wencheng and Chen, Gang and Chang, Yi},
	journal=TIP, 
	title={An Efficient Single Image De-Raining Model With Decoupled Deep Networks}, 
	year={2024},
	volume={33},
	pages={69-81},
}

@article{Asim_Shamshad_Ahmed_2018,  
	title={Blind image deconvolution using deep generative priors},
	author={Asim, Muhammad and Shamshad, Fahad and Ahmed, Ali},
	journal=TIP,
	volume={6},
	pages={1493--1506},
	year={2020},
}

@inproceedings{Chen2019DynamicCA,
	title={Dynamic Convolution: Attention Over Convolution Kernels},
	author={Yinpeng Chen and Xiyang Dai and Mengchen Liu and Dongdong Chen and Lu Yuan and Zicheng Liu},
	booktitle=CVPR,
	year={2019},
	pages={11027-11036},
}

@inproceedings{Chen2020PreTrainedIP,
	title={Pre-Trained Image Processing Transformer},
	author={Hanting Chen and Yunhe Wang and Tianyu Guo and Chang Xu and Yiping Deng and Zhenhua Liu and Siwei Ma and Chunjing Xu and Chao Xu and Wen Gao},
	booktitle=CVPR,
	year={2020},
	pages={12294-12305},
}

@inproceedings{Dai2017DeformableCN,
	title={Deformable Convolutional Networks},
	author={Jifeng Dai and Haozhi Qi and Yuwen Xiong and Yi Li and Guodong Zhang and Han Hu and Yichen Wei},
	booktitle=ICCV,
	year={2017},
	pages={764-773},
}

@article{Dong2010ImageDA,
	title={Image Deblurring and Super-Resolution by Adaptive Sparse Domain Selection and Adaptive Regularization},
	author={Weisheng Dong and Lei Zhang and Guangming Shi and Xiaolin Wu},
	journal=TIP,
	year={2010},
	volume={20},
	pages={1838-1857},
}

@inproceedings{Engin2018CycleDehazeEC,
	title={Cycle-Dehaze: Enhanced CycleGAN for Single Image Dehazing},
	author={Deniz Engin and Anil Gen√ß and Hazim Kemal Ekenel},
	booktitle=CVPRW,
	year={2018},
	pages={938-9388},
}

@article{Frants2023QCNNHSD,
	title={QCNN-H: Single-Image Dehazing Using Quaternion Neural Networks},
	author={Vladimir Frants and Sos S. Agaian and Karen Panetta},
	journal=TCYB,
	year={2023},
	volume={53},
	pages={5448-5458},
}

@article{Fu2016ClearingTS,
	title={Clearing the Skies: A Deep Network Architecture for Single-Image Rain Removal},
	author={Xueyang Fu and Jiabin Huang and Xinghao Ding and Yinghao Liao and John William Paisley},
	journal=TIP,
	year={2016},
	volume={26},
	pages={2944-2956},
}

@inproceedings{Fu2023LearningAS,
	title={Learning a Simple Low-Light Image Enhancer from Paired Low-Light Instances},
	author={Zhenqi Fu and Yan Yang and Xiaotong Tu and Yue Huang and Xinghao Ding and Kai-Kuang Ma},
	booktitle=CVPR,
	year={2023},
	pages={22252-22261},
}

@inproceedings{Gao2019DeformableKA,
	author       = {Hang Gao and
	Xizhou Zhu and
	Stephen Lin and
	Jifeng Dai},
	title        = {Deformable Kernels: Adapting Effective Receptive Fields for Object Deformation},
	booktitle  = {ICLR},
	year         = {2020},
}

@inproceedings{Guo_Yan_Zhang_Zuo_Zhang_2019,   
	title={Toward Convolutional Blind Denoising of Real Photographs}, 
	author={Guo, Shi and Yan, Zifei and Zhang, Kai and Zuo, Wangmeng and Zhang, Lei},
	booktitle= CVPR,
	title={Toward Convolutional Blind Denoising of Real Photographs}, 
	year={2019},
	pages={1712-1722},
}

@inproceedings{Harley2017SegmentationAwareCN,
	title={Segmentation-Aware Convolutional Networks Using Local Attention Masks},
	author={Adam W. Harley and Konstantinos G. Derpanis and Iasonas Kokkinos},
	booktitle=ICCV,
	year={2017},
	pages={5048-5057},
}

@inproceedings{Jiang2020MultiScalePF,
	title={Multi-scale progressive fusion network for single image deraining},
	author={Jiang, Kui and Wang, Zhongyuan and Yi, Peng and Chen, Chen and Huang, Baojin and Luo, Yimin and Ma, Jiayi and Jiang, Junjun},
	booktitle=CVPR,
	pages={8346--8355},
	year={2020}
}

@article{Jiang2021MultiScaleHF,
	title={Multi-Scale Hybrid Fusion Network for Single Image Deraining},
	author={Kui Jiang and Zhongyuan Wang and Peng Yi and Chen Chen and Guangcheng Wang and Zhen Han and Junjun Jiang and Zixiang Xiong},
	journal=TNNLS,
	year={2021},
	volume={34},
	pages={3594-3608},
}

@inproceedings{Jose_Valanarasu_Yasarla_Patel_2022,   
	title={Transweather: Transformer-based restoration of images degraded by adverse weather conditions},
	author={Jeya Maria Jose Valanarasu and Rajeev Yasarla and Vishal M. Patel},
	booktitle=CVPR,
	pages={2353--2363},
	year={2022}
}

@inproceedings{Li2018RecurrentSC,
	title={Recurrent squeeze-and-excitation context aggregation net for single image deraining},
	author={Li, Xia and Wu, Jianlong and Lin, Zhouchen and Liu, Hong and Zha, Hongbin},
	booktitle=ECCV,
	pages={262--277},
	year={2018}
}

@inproceedings{Li2020AllIO,
	title={All in One Bad Weather Removal Using Architectural Search},
	author={Ruoteng Li and Robby T. Tan and Loong Fah Cheong},
	booktitle=CVPR,
	year={2020},
	pages={3172-3182},
}

@inproceedings{Li2022AllInOneIR,
	title={All-In-One Image Restoration for Unknown Corruption},
	author={Boyun Li and Xiao Liu and Peng Hu and Zhongqin Wu and Jiancheng Lv and Xiaocui Peng},
	booktitle=CVPR,
	year={2022},
	pages={17431-17441},
}

@inproceedings{Li_Wang_Wang_Liang_Li_Chang_2021,   
	title={Dynamic slimmable network},
	author={Li, Changlin and Wang, Guangrun and Wang, Bing and Liang, Xiaodan and Li, Zhihui and Chang, Xiaojun},
	booktitle=CVPR,
	pages={8607--8617},
	year={2021}
}

@inproceedings{Liu2022TAPETP,
	title={Tape: Task-agnostic prior embedding for image restoration},
	author={Liu, Lin and Xie, Lingxi and Zhang, Xiaopeng and Yuan, Shanxin and Chen, Xiangyu and Zhou, Wengang and Li, Houqiang and Tian, Qi},
	booktitle=ECCV,
	pages={447--464},
	year={2022},
}

@inproceedings{Luo2015RemovingRF,
	title={Removing Rain from a Single Image via Discriminative Sparse Coding},
	author={Yu Luo and Yong Xu and Hui Ji},
	booktitle=ICCV,
	year={2015},
	pages={3397-3405},
}

@inproceedings{Ma2022TowardFF,
	title={Toward Fast, Flexible, and Robust Low-Light Image Enhancement},
	author={Long Ma and Tengyu Ma and Risheng Liu and Xin Fan and Zhongxuan Luo},
	booktitle=CVPR,
	year={2022},
	pages={5627-5636},
}

@inproceedings{Malhotra2016SingleIH,
	author={Kaiming He and Jian Sun and Xiaoou Tang},
	booktitle=CVPR, 
	title={Single image haze removal using dark channel prior}, 
	year={2009},
	pages={1956-1963},
}

@inproceedings{Nah_Kim_Lee_2017,   
	 author={Nah, Seungjun and Kim, Tae Hyun and Lee, Kyoung Mu},
	booktitle=CVPR,
	title={Deep Multi-scale Convolutional Neural Network for Dynamic Scene Deblurring}, 
	year={2017},
	volume={},
	number={},
	pages={257-265},
}

@article{Pan_Ren_Hu_Yang_2018,
	author={Pan, Jinshan and Ren, Wenqi and Hu, Zhe and Yang, Ming-Hsuan},
	journal={IEEE Transactions on Pattern Analysis and Machine Intelligence}, 
	title={Learning to Deblur Images with Exemplars}, 
	year={2019},
	volume={41},
	number={6},
	pages={1412-1425},
}

@inproceedings{Park2015BiglittleDN,
	title={Big/little deep neural network for ultra low power inference},
	author={Eunhyeok Park and Dongyoung Kim and Soobeom Kim and Yong-Deok Kim and Gunhee Kim and Sungroh Yoon and Sungjoo Yoo},
	booktitle={International Conference on Hardware/Software Codesign and System Synthesis},
	year={2015},
	pages={124-132},
}

@inproceedings{PromptIR_NIPS2024,
	author = {Potlapalli, Vaishnav and Zamir, Syed Waqas and Khan, Salman and Khan, Fahad Shahbaz},
	title = {PromptIR: prompting for all-in-one blind image restoration},
	year = {2023},
	booktitle = NeurIPS,
	numpages = {19},
}

@inproceedings{Qu2019EnhancedPD,
	title={Enhanced Pix2pix Dehazing Network},
	author={Yanyun Qu and Yizi Chen and Jingying Huang and Yuan Xie},
	booktitle=CVPR,
	year={2019},
	pages={8152-8160},
}

@inproceedings{R_Girish_Ambasamudram_2019,   
	author={Mohan, MR and Girish, Sharath and Rajagopalan, AN},
	title        = {Unconstrained Motion Deblurring for Dual-Lens Cameras},
	booktitle    = ICCV,
	pages        = {7869--7878},
	year         = {2019},
}

@article{Sree2023AdaptiveOD,
	author = {Sree, P. and Nagajyothi, D. and Revathi, K. and Rao, B.},
	year = {2023},
	pages = {44-50},
	title = {Adaptive Optimized Discriminative Learning based Image Deblurring using Deep CNN},
	volume = {12},
	journal = {International Journal on Recent and Innovation Trends in Computing and Communication},
}

@inproceedings{Su2019PixelAdaptiveCN,
	title={Pixel-Adaptive Convolutional Neural Networks},
	author={Hang Su and V. Jampani and Deqing Sun and Orazio Gallo and Erik G. Learned-Miller and Jan Kautz},
	booktitle=CVPR,
	year={2019},
	pages={11158-11167},
}

@inproceedings{Wang2021LowLightIE,
	title={Low-Light Image Enhancement with Normalizing Flow},
	author={Yufei Wang and Renjie Wan and Wenhan Yang and Haoliang Li and Lap-Pui Chau and Alex Chichung Kot},
	booktitle=AAAI,
	year={2021},
}

@inproceedings{Wang_Liu_Li_Han,   
	title={Blind2unblind: Self-supervised image denoising with visible blind spots},
	author={Wang, Zejin and Liu, Jiazheng and Li, Guoqing and Han, Hua},
	booktitle=CVPR,
	pages={2027--2036},
	year={2022}
}

@inproceedings{Wu2021ContrastiveLF,
	title={Contrastive Learning for Compact Single Image Dehazing},
	author={Haiyan Wu and Yanyun Qu and Shaohui Lin and Jian Jiang Zhou and Ruizhi Qiao and Zhizhong Zhang and Yuan Xie and Lizhuang Ma},
	booktitle=CVPR,
	year={2021},
	pages={10546-10555},
}

@article{Wu2023BroadSI,
	title={Broad Spectrum Image Deblurring via an Adaptive Super-Network},
	author={Qiucheng Wu and Yifan Jiang and Junru Wu and Victor Kulikov and Vidit Goel and Nikita Orlov and Humphrey Shi and Zhangyang Wang and Shiyu Chang},
	journal=TIP,
	year={2023},
	volume={32},
	pages={5270-5282},
}

@inproceedings{Wu_Nagarajan_Kumar_Rennie_Davis_Grauman_Feris_2018,   title={Blockdrop: Dynamic inference paths in residual networks},
	author={Wu, Zuxuan and Nagarajan, Tushar and Kumar, Abhishek and Rennie, Steven and Davis, Larry S and Grauman, Kristen and Feris, Rogerio},
	booktitle=CVPR,
	pages={8817--8826},
	year={2018}
}

@article{Xiao2022ImageDT,
	title={Image De-Raining Transformer},
	author={Jie Xiao and Xueyang Fu and Aiping Liu and Feng Wu and Zhengjun Zha},
	journal=PAMI,
	year={2022},
	volume={45},
	pages={12978-12995},
}

@inproceedings{Xu2022SNRAwareLI,
	title={SNR-Aware Low-light Image Enhancement},
	author={Xiaogang Xu and Ruixing Wang and Chiao Fu and Jiaya Jia},
	booktitle=CVPR,
	year={2022},
	pages={17693-17703},
}

@inproceedings{Xu2023LowLightIE,
	title={Low-Light Image Enhancement via Structure Modeling and Guidance},
	author={Xiaogang Xu and Ruixing Wang and Jiangbo Lu},
	booktitle=CVPR,
	year={2023},
	pages={9893-9903},
}

@inproceedings{Xu_Zhang_Zhang_Feng_2017,   
	title={Multi-channel weighted nuclear norm minimization for real color image denoising},
	author={Xu, Jun and Zhang, Lei and Zhang, David and Feng, Xiangchu},
	booktitle=ICCV,
	pages={1096--1104},
	year={2017}
}

@inproceedings{Yang2019CondConvCP,
	title={Condconv: Conditionally parameterized convolutions for efficient inference},
	author={Yang, Brandon and Bender, Gabriel and Le, Quoc V and Ngiam, Jiquan},
	booktitle=NeurIPS,
	volume={32},
	pages= {1305--1316},
	year={2019}
}

@article{Yu_Wang_Dong_Tang_Loy_2021,   
	title={Path-restore: Learning network path selection for image restoration},
	author={Yu, Ke and Wang, Xintao and Dong, Chao and Tang, Xiaoou and Loy, Chen Change},
	journal=PAMI,
	volume={44},
	number={10},
	pages={7078--7092},
	year={2021},
	publisher={IEEE}
}

@inproceedings{Zhang2023IngredientorientedML,
	title={Ingredient-oriented Multi-Degradation Learning for Image Restoration},
	author={Jinghao Zhang and Jie Huang and Mingde Yao and Zizheng Yang and Huikang Yu and Man Zhou and Fengmei Zhao},
	booktitle=CVPR,
	year={2023},
	pages={5825-5835},
}

@inproceedings{Zhang_Zhou_Jiang_Fu_2023,  
	title={Mm-bsn: Self-supervised image denoising for real-world with multi-mask based on blind-spot network},
	author={Zhang, Dan and Zhou, Fangfang and Jiang, Yuwen and Fu, Zhengming},
	booktitle=CVPR,
	pages={4188--4197},
	year={2023}
}

@article{Zhang_Zuo_Chen_Meng_Zhang_2017, 
	author={Zhang, Kai and Zuo, Wangmeng and Chen, Yunjin and Meng, Deyu and Zhang, Lei},
	journal=TIP, 
	title={Beyond a Gaussian Denoiser: Residual Learning of Deep CNN for Image Denoising}, 
	year={2017},
	volume={26},
	number={7},
	pages={3142-3155},
}

@article{Zhao2021RefineDNetAW,
	title={RefineDNet: A Weakly Supervised Refinement Framework for Single Image Dehazing},
	author={Shiyu Zhao and Lin Zhang and Ying Shen and Yicong Zhou},
	journal=TIP,
	year={2021},
	volume={30},
	pages={3391-3404},
}

@inproceedings{Zhu2018DeformableCV,
	title={Deformable ConvNets V2: More Deformable, Better Results},
	author={Xizhou Zhu and Han Hu and Stephen Lin and Jifeng Dai},
	booktitle=CVPR,
	year={2018},
	pages={9300-9308},
}

@inproceedings{Zhu_Han_Wu_Zhang_Nie_Lan_Wang_2021,  
	title={Dynamic resolution network},
	author={Zhu, Mingjian and Han, Kai and Wu, Enhua and Zhang, Qiulin and Nie, Ying and Lan, Zhenzhong and Wang, Yunhe},
	booktitle=NeurIPS,
	volume={34},
	pages={27319--27330},
	year={2021}
}

@inproceedings{conde2024instructir,
	title={InstructIR: High-Quality Image Restoration Following Human Instructions},
	author={Conde, Marcos V and Geigle, Gregor and Timofte, Radu},
	booktitle    = ECCV,
	year={2024},
	pages={1--21},
}

@article{yao2023towards,
	title={Towards interactive self-supervised denoising},
	author={Yao, Mingde and He, Dongliang and Li, Xin and Li, Fu and Xiong, Zhiwei},
	journal=TCSVT,
	year={2023},
}

