% Short form of conference & journal abbreviations -- especially for submission version
% if desired, remove these macros in favor of the above ones
@String(PAMI  = {IEEE Trans. Pattern Anal. Mach. Intell.})
@String(IJCV  = {Int. J. Comput. Vis.})
@String(CVPR  = {Proc. IEEE/CVF Conf. Comput. Vis. Pattern Recognit. (CVPR)})
@String(ICCV  = {Proc. IEEE/CVF Int. Conf. Comput. Vis. (ICCV)})
@String(ECCV  = {Proc. Eur. Conf. Comput. Vis. (ECCV)})
@String(NeurIPS = {Proc. Adv. Neural Inform. Process. Syst. (NeurIPS)})
@String(ICML  = {Proc. Int. Conf. Mach. Learn. (ICML)})
@String(ICLR  = {Proc. Int. Conf. Learn. Represent. (ICLR)})
@String(ACCV  = {Proc. Asian Conf. Comput. Vis. (ACCV)})
@String(BMVC  =	{Proc. Br. Mach. Vis. Conf. (BMVC)})
@String(CVPRW = {Proc. IEEE/CVF Conf. Comput. Vis. Pattern Recognit. Workshops (CVPRW)})
@String(ICCVW = {Proc. IEEE Conf. Comput. Vis. Workshops (ICCVW)})
@String(AAAI  = {Proc. AAAI Conf. Artif. Intell. (AAAI)})
@String(IJCAI = {Proc. Int. Jt. Conf. Artif. Intell. (IJCAI)})
@String(ICIP  = {Proc. IEEE Int. Conf. Image Process. (ICIP)})
@String(ICPR  = {Proc. Int. Conf. Pattern Recog. (ICPR)})
@String(ICASSP=	{Proc. IEEE Int. Conf. Acoust., Speech Signal Process. (ICASSP)})
@String(ICME  =	{Proc. Int. Conf. Multimedia and Expo, (ICME)})
@String(JMLR  = {J. Mach. Learn. Res.})
@String(TMLR  = {Trans. Mach. Learn. Res.})
@String(TOG   = {ACM Trans. Graph.})
@String(TIP   = {IEEE Trans. Image Process.})
@String(TVCG  = {IEEE Trans. Vis. Comput. Graph.})
@String(TCSVT = {IEEE Trans. Circuit Syst. Video Technol.})
@String(TMM   =	{IEEE Trans. Multimedia})
@String(ACMMM = {ACM Int. Conf. Multimedia})
@String(PR    = {Pattern Recognit.})
@String(TNNLS    = {IEEE Trans. Neural Netw. Learn. Syst.})
@String(TCYB    = {IEEE Trans. Cybern.})
@String(NAACL    = {Proc. North Am. Chap. Assoc. Comput. Linguist. (NAACL)})

@inproceedings{Guo_Yan_Zhang_Zuo_Zhang_2019,   
	title={Toward Convolutional Blind Denoising of Real Photographs}, 
	author={Guo, Shi and Yan, Zifei and Zhang, Kai and Zuo, Wangmeng and Zhang, Lei},
	booktitle= CVPR,
	title={Toward Convolutional Blind Denoising of Real Photographs}, 
	year={2019},
	pages={1712-1722},
}

@article{Zhang_Zuo_Chen_Meng_Zhang_2017, 
	author={Zhang, Kai and Zuo, Wangmeng and Chen, Yunjin and Meng, Deyu and Zhang, Lei},
	journal=TIP, 
	title={Beyond a Gaussian Denoiser: Residual Learning of Deep CNN for Image Denoising}, 
	year={2017},
	volume={26},
	number={7},
	pages={3142-3155},
}



@inproceedings{Wang_Liu_Li_Han,   
	title={Blind2unblind: Self-supervised image denoising with visible blind spots},
	author={Wang, Zejin and Liu, Jiazheng and Li, Guoqing and Han, Hua},
	booktitle=CVPR,
	pages={2027--2036},
	year={2022}
}

@article{yao2023towards,
	title={Towards interactive self-supervised denoising},
	author={Yao, Mingde and He, Dongliang and Li, Xin and Li, Fu and Xiong, Zhiwei},
	journal=TCSVT,
	year={2023},
}

@inproceedings{Zhang_Zhou_Jiang_Fu_2023,  
	title={Mm-bsn: Self-supervised image denoising for real-world with multi-mask based on blind-spot network},
	author={Zhang, Dan and Zhou, Fangfang and Jiang, Yuwen and Fu, Zhengming},
	booktitle=CVPR,
	pages={4188--4197},
	year={2023}
}

@article{Asim_Shamshad_Ahmed_2018,  
	title={Blind image deconvolution using deep generative priors},
	author={Asim, Muhammad and Shamshad, Fahad and Ahmed, Ali},
	journal=TIP,
	volume={6},
	pages={1493--1506},
	year={2020},
}

@inproceedings{Nah_Kim_Lee_2017,   
	 author={Nah, Seungjun and Kim, Tae Hyun and Lee, Kyoung Mu},
	booktitle=CVPR,
	title={Deep Multi-scale Convolutional Neural Network for Dynamic Scene Deblurring}, 
	year={2017},
	volume={},
	number={},
	pages={257-265},
}

@article{Pan_Ren_Hu_Yang_2018,
	author={Pan, Jinshan and Ren, Wenqi and Hu, Zhe and Yang, Ming-Hsuan},
	journal={IEEE Transactions on Pattern Analysis and Machine Intelligence}, 
	title={Learning to Deblur Images with Exemplars}, 
	year={2019},
	volume={41},
	number={6},
	pages={1412-1425},
}


@article{Sree2023AdaptiveOD,
	author = {Sree, P. and Nagajyothi, D. and Revathi, K. and Rao, B.},
	year = {2023},
	pages = {44-50},
	title = {Adaptive Optimized Discriminative Learning based Image Deblurring using Deep CNN},
	volume = {12},
	journal = {International Journal on Recent and Innovation Trends in Computing and Communication},
}

@article{Wu2023BroadSI,
	title={Broad Spectrum Image Deblurring via an Adaptive Super-Network},
	author={Qiucheng Wu and Yifan Jiang and Junru Wu and Victor Kulikov and Vidit Goel and Nikita Orlov and Humphrey Shi and Zhangyang Wang and Shiyu Chang},
	journal=TIP,
	year={2023},
	volume={32},
	pages={5270-5282},
}

@article{Xiao2022ImageDT,
	title={Image De-Raining Transformer},
	author={Jie Xiao and Xueyang Fu and Aiping Liu and Feng Wu and Zhengjun Zha},
	journal=PAMI,
	year={2022},
	volume={45},
	pages={12978-12995},
}

@inproceedings{Li2018RecurrentSC,
	title={Recurrent squeeze-and-excitation context aggregation net for single image deraining},
	author={Li, Xia and Wu, Jianlong and Lin, Zhouchen and Liu, Hong and Zha, Hongbin},
	booktitle=ECCV,
	pages={262--277},
	year={2018}
}

@inproceedings{Jiang2020MultiScalePF,
	title={Multi-scale progressive fusion network for single image deraining},
	author={Jiang, Kui and Wang, Zhongyuan and Yi, Peng and Chen, Chen and Huang, Baojin and Luo, Yimin and Ma, Jiayi and Jiang, Junjun},
	booktitle=CVPR,
	pages={8346--8355},
	year={2020}
}

@article{Fu2016ClearingTS,
	title={Clearing the Skies: A Deep Network Architecture for Single-Image Rain Removal},
	author={Xueyang Fu and Jiabin Huang and Xinghao Ding and Yinghao Liao and John William Paisley},
	journal=TIP,
	year={2016},
	volume={26},
	pages={2944-2956},
}

@article{Jiang2021MultiScaleHF,
	title={Multi-Scale Hybrid Fusion Network for Single Image Deraining},
	author={Kui Jiang and Zhongyuan Wang and Peng Yi and Chen Chen and Guangcheng Wang and Zhen Han and Junjun Jiang and Zixiang Xiong},
	journal=TNNLS,
	year={2021},
	volume={34},
	pages={3594-3608},
}

@inproceedings{Engin2018CycleDehazeEC,
	title={Cycle-Dehaze: Enhanced CycleGAN for Single Image Dehazing},
	author={Deniz Engin and Anil Gen√ß and Hazim Kemal Ekenel},
	booktitle=CVPRW,
	year={2018},
	pages={938-9388},
}

@inproceedings{Wu2021ContrastiveLF,
	title={Contrastive Learning for Compact Single Image Dehazing},
	author={Haiyan Wu and Yanyun Qu and Shaohui Lin and Jian Jiang Zhou and Ruizhi Qiao and Zhizhong Zhang and Yuan Xie and Lizhuang Ma},
	booktitle=CVPR,
	year={2021},
	pages={10546-10555},
}

@inproceedings{Qu2019EnhancedPD,
	title={Enhanced Pix2pix Dehazing Network},
	author={Yanyun Qu and Yizi Chen and Jingying Huang and Yuan Xie},
	booktitle=CVPR,
	year={2019},
	pages={8152-8160},
}

@article{Zhao2021RefineDNetAW,
	title={RefineDNet: A Weakly Supervised Refinement Framework for Single Image Dehazing},
	author={Shiyu Zhao and Lin Zhang and Ying Shen and Yicong Zhou},
	journal=TIP,
	year={2021},
	volume={30},
	pages={3391-3404},
}

@article{Frants2023QCNNHSD,
	title={QCNN-H: Single-Image Dehazing Using Quaternion Neural Networks},
	author={Vladimir Frants and Sos S. Agaian and Karen Panetta},
	journal=TCYB,
	year={2023},
	volume={53},
	pages={5448-5458},
}

@inproceedings{Ma2022TowardFF,
	title={Toward Fast, Flexible, and Robust Low-Light Image Enhancement},
	author={Long Ma and Tengyu Ma and Risheng Liu and Xin Fan and Zhongxuan Luo},
	booktitle=CVPR,
	year={2022},
	pages={5627-5636},
}

@inproceedings{Fu2023LearningAS,
	title={Learning a Simple Low-Light Image Enhancer from Paired Low-Light Instances},
	author={Zhenqi Fu and Yan Yang and Xiaotong Tu and Yue Huang and Xinghao Ding and Kai-Kuang Ma},
	booktitle=CVPR,
	year={2023},
	pages={22252-22261},
}

@inproceedings{Xu2023LowLightIE,
	title={Low-Light Image Enhancement via Structure Modeling and Guidance},
	author={Xiaogang Xu and Ruixing Wang and Jiangbo Lu},
	booktitle=CVPR,
	year={2023},
	pages={9893-9903},
}

@inproceedings{Wang2021LowLightIE,
	title={Low-Light Image Enhancement with Normalizing Flow},
	author={Yufei Wang and Renjie Wan and Wenhan Yang and Haoliang Li and Lap-Pui Chau and Alex Chichung Kot},
	booktitle=AAAI,
	year={2021},
}

@inproceedings{Xu2022SNRAwareLI,
	title={SNR-Aware Low-light Image Enhancement},
	author={Xiaogang Xu and Ruixing Wang and Chiao Fu and Jiaya Jia},
	booktitle=CVPR,
	year={2022},
	pages={17693-17703},
}

@inproceedings{Chen2020PreTrainedIP,
	title={Pre-Trained Image Processing Transformer},
	author={Hanting Chen and Yunhe Wang and Tianyu Guo and Chang Xu and Yiping Deng and Zhenhua Liu and Siwei Ma and Chunjing Xu and Chao Xu and Wen Gao},
	booktitle=CVPR,
	year={2020},
	pages={12294-12305},
}

@inproceedings{Li2020AllIO,
	title={All in One Bad Weather Removal Using Architectural Search},
	author={Ruoteng Li and Robby T. Tan and Loong Fah Cheong},
	booktitle=CVPR,
	year={2020},
	pages={3172-3182},
}

@inproceedings{Li2022AllInOneIR,
	title={All-In-One Image Restoration for Unknown Corruption},
	author={Boyun Li and Xiao Liu and Peng Hu and Zhongqin Wu and Jiancheng Lv and Xiaocui Peng},
	booktitle=CVPR,
	year={2022},
	pages={17431-17441},
}

@inproceedings{Zhang2023IngredientorientedML,
	title={Ingredient-oriented Multi-Degradation Learning for Image Restoration},
	author={Jinghao Zhang and Jie Huang and Mingde Yao and Zizheng Yang and Huikang Yu and Man Zhou and Fengmei Zhao},
	booktitle=CVPR,
	year={2023},
	pages={5825-5835},
}



@inproceedings{Liu2022TAPETP,
	title={Tape: Task-agnostic prior embedding for image restoration},
	author={Liu, Lin and Xie, Lingxi and Zhang, Xiaopeng and Yuan, Shanxin and Chen, Xiangyu and Zhou, Wengang and Li, Houqiang and Tian, Qi},
	booktitle=ECCV,
	pages={447--464},
	year={2022},
}


@inproceedings{Devlin_Chang_Lee_Toutanova_2019,  
	title={BERT: Pre-training of Deep Bidirectional Transformers for Language Understanding}, 
	booktitle=NAACL, 
	author={Devlin, Jacob and Chang, Ming-Wei and Lee, Kenton and Toutanova, Kristina}, 
	year={2019}, 
	volume={1},
	pages={2}
}

@article{Radford_Narasimhan_Salimans_Sutskever,  
	title={Improving Language Understanding by Generative Pre-Training}, 
	author={Radford, Alec and Narasimhan, Karthik and Salimans, Tim and Sutskever, Ilya}, 
	year={2018}, 
	language={en-US} 
}

@inproceedings{R_Girish_Ambasamudram_2019,   
	author={Mohan, MR and Girish, Sharath and Rajagopalan, AN},
	title        = {Unconstrained Motion Deblurring for Dual-Lens Cameras},
	booktitle    = ICCV,
	pages        = {7869--7878},
	year         = {2019},
}


@inproceedings{Xu_Zhang_Zhang_Feng_2017,   
	title={Multi-channel weighted nuclear norm minimization for real color image denoising},
	author={Xu, Jun and Zhang, Lei and Zhang, David and Feng, Xiangchu},
	booktitle=ICCV,
	pages={1096--1104},
	year={2017}
}

@inproceedings{Luo2015RemovingRF,
	title={Removing Rain from a Single Image via Discriminative Sparse Coding},
	author={Yu Luo and Yong Xu and Hui Ji},
	booktitle=ICCV,
	year={2015},
	pages={3397-3405},
}

@inproceedings{Malhotra2016SingleIH,
	author={Kaiming He and Jian Sun and Xiaoou Tang},
	booktitle=CVPR, 
	title={Single image haze removal using dark channel prior}, 
	year={2009},
	pages={1956-1963},
}


@article{Dong2010ImageDA,
	title={Image Deblurring and Super-Resolution by Adaptive Sparse Domain Selection and Adaptive Regularization},
	author={Weisheng Dong and Lei Zhang and Guangming Shi and Xiaolin Wu},
	journal=TIP,
	year={2010},
	volume={20},
	pages={1838-1857},
}

@inproceedings{Park2015BiglittleDN,
	title={Big/little deep neural network for ultra low power inference},
	author={Eunhyeok Park and Dongyoung Kim and Soobeom Kim and Yong-Deok Kim and Gunhee Kim and Sungroh Yoon and Sungjoo Yoo},
	booktitle={International Conference on Hardware/Software Codesign and System Synthesis},
	year={2015},
	pages={124-132},
}

@inproceedings{Yang2019CondConvCP,
	title={Condconv: Conditionally parameterized convolutions for efficient inference},
	author={Yang, Brandon and Bender, Gabriel and Le, Quoc V and Ngiam, Jiquan},
	booktitle=NeurIPS,
	volume={32},
	pages= {1305--1316},
	year={2019}
}

@inproceedings{Chen2019DynamicCA,
	title={Dynamic Convolution: Attention Over Convolution Kernels},
	author={Yinpeng Chen and Xiyang Dai and Mengchen Liu and Dongdong Chen and Lu Yuan and Zicheng Liu},
	booktitle=CVPR,
	year={2019},
	pages={11027-11036},
}

@inproceedings{Harley2017SegmentationAwareCN,
	title={Segmentation-Aware Convolutional Networks Using Local Attention Masks},
	author={Adam W. Harley and Konstantinos G. Derpanis and Iasonas Kokkinos},
	booktitle=ICCV,
	year={2017},
	pages={5048-5057},
}

@inproceedings{Su2019PixelAdaptiveCN,
	title={Pixel-Adaptive Convolutional Neural Networks},
	author={Hang Su and V. Jampani and Deqing Sun and Orazio Gallo and Erik G. Learned-Miller and Jan Kautz},
	booktitle=CVPR,
	year={2019},
	pages={11158-11167},
}


@inproceedings{Dai2017DeformableCN,
	title={Deformable Convolutional Networks},
	author={Jifeng Dai and Haozhi Qi and Yuwen Xiong and Yi Li and Guodong Zhang and Han Hu and Yichen Wei},
	booktitle=ICCV,
	year={2017},
	pages={764-773},
}

@inproceedings{Zhu2018DeformableCV,
	title={Deformable ConvNets V2: More Deformable, Better Results},
	author={Xizhou Zhu and Han Hu and Stephen Lin and Jifeng Dai},
	booktitle=CVPR,
	year={2018},
	pages={9300-9308},
}

@inproceedings{Gao2019DeformableKA,
	author       = {Hang Gao and
	Xizhou Zhu and
	Stephen Lin and
	Jifeng Dai},
	title        = {Deformable Kernels: Adapting Effective Receptive Fields for Object Deformation},
	booktitle  = {ICLR},
	year         = {2020},
}

@inproceedings{Zhu_Han_Wu_Zhang_Nie_Lan_Wang_2021,  
	title={Dynamic resolution network},
	author={Zhu, Mingjian and Han, Kai and Wu, Enhua and Zhang, Qiulin and Nie, Ying and Lan, Zhenzhong and Wang, Yunhe},
	booktitle=NeurIPS,
	volume={34},
	pages={27319--27330},
	year={2021}
}

@inproceedings{Li_Wang_Wang_Liang_Li_Chang_2021,   
	title={Dynamic slimmable network},
	author={Li, Changlin and Wang, Guangrun and Wang, Bing and Liang, Xiaodan and Li, Zhihui and Chang, Xiaojun},
	booktitle=CVPR,
	pages={8607--8617},
	year={2021}
}

@inproceedings{Wu_Nagarajan_Kumar_Rennie_Davis_Grauman_Feris_2018,   title={Blockdrop: Dynamic inference paths in residual networks},
	author={Wu, Zuxuan and Nagarajan, Tushar and Kumar, Abhishek and Rennie, Steven and Davis, Larry S and Grauman, Kristen and Feris, Rogerio},
	booktitle=CVPR,
	pages={8817--8826},
	year={2018}
}

@article{Yu_Wang_Dong_Tang_Loy_2021,   
	title={Path-restore: Learning network path selection for image restoration},
	author={Yu, Ke and Wang, Xintao and Dong, Chao and Tang, Xiaoou and Loy, Chen Change},
	journal=PAMI,
	volume={44},
	number={10},
	pages={7078--7092},
	year={2021},
	publisher={IEEE}
}

@inproceedings{Ronneberger_Fischer_Brox_2015,  
	title={U-Net: Convolutional Networks for Biomedical Image Segmentation},
	author={Ronneberger, Olaf
	and Fischer, Philipp
	and Brox, Thomas},
	booktitle={Medical Image Computing and Computer-Assisted Intervention},
	pages={234--241},
	year={2015},
}



@inproceedings{Jang_Gu_Poole_2016,  
	author       = {Eric Jang and
	Shixiang Gu and
	Ben Poole},
	title        = {Categorical Reparameterization with Gumbel-Softmax},
	booktitle    = ICLR,
	year         = {2017},
	
}

@article{Song_Chen_Zhang_2023,   
	author       = {Jiechong Song and
	Bin Chen and
	Jian Zhang},
	title        = {Dynamic Path-Controllable Deep Unfolding Network for Compressive Sensing},
	journal      = TIP,
	volume       = {32},
	pages        = {2202--2214},
	year         = {2023},
}

@inproceedings{Rao_Zhao_Tang_Zhou_Lim_Lu_2022,  
 author = {Rao, Yongming and Zhao, Wenliang and Tang, Yansong and Zhou, Jie and Lim, Ser Nam and Lu, Jiwen},
	title        = {HorNet: Efficient High-Order Spatial Interactions with Recursive Gated
	Convolutions},
	booktitle    = NeurIPS,
	year         = {2022},
	 volume = {35},
	pages = {10353--10366},
}

@inproceedings{Chen_Fang_Hsieh_Tsai_Chen_Ding_Kuo_2021,  
	title={All snow removed: Single image desnowing algorithm using hierarchical dual-tree complex wavelet representation and contradict channel loss},
	author={Chen, Wei-Ting and Fang, Hao-Yu and Hsieh, Cheng-Lin and Tsai, Cheng-Che and Chen, I and Ding, Jian-Jiun and Kuo, Sy-Yen and others},
	booktitle=ICCV,
	pages={4196--4205},
	year={2021}
}

@article{harris1978use,
	title={On the use of windows for harmonic analysis with the discrete Fourier transform},
	author={Harris, Fredric J},
	journal={Proceedings of the IEEE},
	volume={66},
	number={1},
	pages={51--83},
	year={1978},
}

@inproceedings{Yang_Tan_Feng_Liu_Guo_Yan_2017,   
	title={Deep joint rain detection and removal from a single image},
	author={Yang, Wenhan and Tan, Robby T and Feng, Jiashi and Liu, Jiaying and Guo, Zongming and Yan, Shuicheng},
	booktitle=CVPR,
	pages={1357--1366},
	year={2017}
}

@article{Li_Ren_Fu_Tao_Feng_Zeng_Wang_2019,   
	author={Li, Boyi and Ren, Wenqi and Fu, Dengpan and Tao, Dacheng and Feng, Dan and Zeng, Wenjun and Wang, Zhangyang},
	journal=TIP,
	title={Benchmarking Single Image Dehazing and Beyond}, 
	year={2019},
	volume={28},
	number={1},
	pages={492-505},
}

@inproceedings{Martin_Fowlkes_Tal_Malik_2002,  
	title={A database of human segmented natural images and its application to evaluating segmentation algorithms and measuring ecological statistics},
	author={Martin, David and Fowlkes, Charless and Tal, Doron and Malik, Jitendra},
	booktitle=ICCV,
	volume={2},
	pages={416--423},
	year={2001},
}

@article{Ma_Duanmu_Wu_Wang_Yong_Li_Zhang_2017,  
	title={Waterloo exploration database: New challenges for image quality assessment models},
	author={Ma, Kede and Duanmu, Zhengfang and Wu, Qingbo and Wang, Zhou and Yong, Hongwei and Li, Hongliang and Zhang, Lei},
	journal=TIP,
	volume={26},
	number={2},
	pages={1004--1016},
	year={2016},
}



@inproceedings{Wei_Wang_Yang_Liu_2018,   
	author       = {Chen Wei and
	Wenjing Wang and
	Wenhan Yang and
	Jiaying Liu},
	title        = {Deep Retinex Decomposition for Low-Light Enhancement},
	booktitle    = BMVC,
	pages        = {155},
	year         = {2018},
}








@inproceedings{Chen_Chu_Zhang_Sun_2022,   
	title={Simple baselines for image restoration},
	author={Chen, Liangyu and Chu, Xiaojie and Zhang, Xiangyu and Sun, Jian},
	booktitle=ECCV,
	pages={17--33},
	year={2022},
}

@inproceedings{Chen_Lu_Zhang_Chu_Chen_2021,   
	title={Hinet: Half instance normalization network for image restoration},
	author={Chen, Liangyu and Lu, Xin and Zhang, Jie and Chu, Xiaojie and Chen, Chengpeng},
	booktitle=CVPR,
	pages={182--192},
	year={2021}
}

@inproceedings{Zamir_Arora_Khan_Hayat_Khan_Yang_Shao_2021,     title={Multi-stage progressive image restoration},
	author={Zamir, Syed Waqas and Arora, Aditya and Khan, Salman and Hayat, Munawar and Khan, Fahad Shahbaz and Yang, Ming-Hsuan and Shao, Ling},
	booktitle=CVPR,
	pages={14821--14831},
	year={2021}
}

@inproceedings{Mou_Wang_Zhang_2022,   
	title={Deep generalized unfolding networks for image restoration},
	author={Mou, Chong and Wang, Qian and Zhang, Jian},
	booktitle=CVPR,
	pages={17399--17410},
	year={2022}
}

@article{Zamir2022LearningEF,
	title={Learning enriched features for fast image restoration and enhancement},
	author={Zamir, Syed Waqas and Arora, Aditya and Khan, Salman and Hayat, Munawar and Khan, Fahad Shahbaz and Yang, Ming-Hsuan and Shao, Ling},
	journal=PAMI,
	volume={45},
	number={2},
	pages={1934--1948},
	year={2022},
}

@inproceedings{Liang2021SwinIRIR,
	author={Liang, Jingyun and Cao, Jiezhang and Sun, Guolei and Zhang, Kai and Van Gool, Luc and Timofte, Radu},
	booktitle=ICCVW,
	title={SwinIR: Image Restoration Using Swin Transformer}, 
	year={2021},
	pages={1833-1844},
}

@article{Huynh-Thu_Ghanbari_2008,  
	title={Scope of validity of PSNR in image/video quality assessment},
	author={Huynh-Thu, Quan and Ghanbari, Mohammed},
	journal={Electronics letters},
	volume={44},
	number={13},
	pages={800--801},
	year={2008},
}

@article{Wang_Bovik_Sheikh_Simoncelli_2004,  
	title={Image quality assessment: from error visibility to structural similarity},
	author={Wang, Zhou and Bovik, Alan C and Sheikh, Hamid R and Simoncelli, Eero P},
	journal=TIP,
	volume={13},
	number={4},
	pages={600--612},
	year={2004},
}

@inproceedings{Zamir_Arora_Khan_Hayat_Khan_Yang_2022,  
	title={Restormer: Efficient transformer for high-resolution image restoration},
	author={Zamir, Syed Waqas and Arora, Aditya and Khan, Salman and Hayat, Munawar and Khan, Fahad Shahbaz and Yang, Ming-Hsuan},
	booktitle=CVPR,
	pages={5728--5739},
	year={2022}
}

@article{Fan_Chen_Yuan_Hua_Yu_Chen_2021,  
	title={A general decoupled learning framework for parameterized image operators},
	author={Fan, Qingnan and Chen, Dongdong and Yuan, Lu and Hua, Gang and Yu, Nenghai and Chen, Baoquan},
	journal=PAMI,
	volume={43},
	number={1},
	pages={33--47},
	year={2019},
}

@inproceedings{Jose_Valanarasu_Yasarla_Patel_2022,   
	title={Transweather: Transformer-based restoration of images degraded by adverse weather conditions},
	author={Jeya Maria Jose Valanarasu and Rajeev Yasarla and Vishal M. Patel},
	booktitle=CVPR,
	pages={2353--2363},
	year={2022}
}


@article{Liu_Yuan_Fu_Jiang_Hayashi_Neubig_2023,  
	title={Pre-train, prompt, and predict: A systematic survey of prompting methods in natural language processing},
	author={Liu, Pengfei and Yuan, Weizhe and Fu, Jinlan and Jiang, Zhengbao and Hayashi, Hiroaki and Neubig, Graham},
	journal={ACM Computing Surveys},
	volume={55},
	number={9},
	pages={1--35},
	year={2023},
}

@inproceedings{Jia_Tang_Chen_Cardie_Belongie_Hariharan_Lim_2022,  
	title={Visual prompt tuning},
	author={Jia, Menglin and Tang, Luming and Chen, Bor-Chun and Cardie, Claire and Belongie, Serge and Hariharan, Bharath and Lim, Ser-Nam},
	booktitle=ECCV,
	pages={709--727},
	year={2022},
}


@inproceedings{Huang_Singh_Ahuja_2015,  
	title={Single image super-resolution from transformed self-exemplars},
	author={Huang, Jia-Bin and Singh, Abhishek and Ahuja, Narendra},
	booktitle=CVPR,
	pages={5197--5206},
	year={2015}
}

@misc{Kodak2024,
	author = {Rich Franzen},
	title = {Kodak lossless true color image suite},
	year = {1999},
	howpublished = {\url{https://r0k.us/graphics/kodak}},
	
}
@inproceedings{Zhou_Ren_Emerton_Lim_Large_2021,  
	title={Image Restoration for Under-Display Camera},  
	booktitle=CVPR,  
	author={Zhou, Yuqian and Ren, David and Emerton, Neil and Lim, Sehoon and Large, Timothy},  
	year={2021}, 
	pages={9179--9188},
}

@article{Maaten_Hinton_2008, 
	author  = {Laurens van der Maaten and Geoffrey Hinton},
	title   = {Visualizing Data using t-SNE},
	journal = {Journal of Machine Learning Research},
	year    = {2008},
	volume  = {9},
	number  = {86},
	pages   = {2579--2605},
}










@INPROCEEDINGS{adaptiveDiscriminativeFilters,
	author={Park, Dongwon and Lee, Byung Hyun and Chun, Se Young},
	booktitle=CVPR, 
	title={All-in-One Image Restoration for Unknown Degradations Using Adaptive Discriminative Filters for Specific Degradations}, 
	year={2023},
	volume={},
	number={},
	pages={5815-5824},
	keywords={Degradation;Computer vision;Computational modeling;Atmospheric modeling;Adaptive filters;Interference;Computer architecture;Low-level vision},
	doi={10.1109/CVPR52729.2023.00563}}



@inproceedings{PromptIR_NIPS2024,
	author = {Potlapalli, Vaishnav and Zamir, Syed Waqas and Khan, Salman and Khan, Fahad Shahbaz},
	title = {PromptIR: prompting for all-in-one blind image restoration},
	year = {2023},
	booktitle = NeurIPS,
	numpages = {19},
}


@inproceedings{conde2024instructir,
	title={InstructIR: High-Quality Image Restoration Following Human Instructions},
	author={Conde, Marcos V and Geigle, Gregor and Timofte, Radu},
	booktitle    = ECCV,
	year={2024},
	pages={1--21},
}

@ARTICLE{10336721,
	author={Li, Wencheng and Chen, Gang and Chang, Yi},
	journal=TIP, 
	title={An Efficient Single Image De-Raining Model With Decoupled Deep Networks}, 
	year={2024},
	volume={33},
	pages={69-81},
}

@inproceedings{DBLP:conf/iclr/YinLZOQX19,
  author       = {Penghang Yin and
                  Jiancheng Lyu and
                  Shuai Zhang and
                  Stanley J. Osher and
                  Yingyong Qi and
                  Jack Xin},
  title        = {Understanding Straight-Through Estimator in Training Activation Quantized
                  Neural Nets},
  booktitle    = ICLR,
  year         = {2019},
}

@article{DBLP:journals/corr/abs-1910-02176,
  author       = {Pengyu Cheng and
                  Chang Liu and
                  Chunyuan Li and
                  Dinghan Shen and
                  Ricardo Henao and
                  Lawrence Carin},
  title        = {Straight-Through Estimator as Projected Wasserstein Gradient Flow},
  journal      = {CoRR},
  volume       = {abs/1910.02176},
  year         = {2019},
}