@article{cui2022m6,
  title={M6-rec: Generative pretrained language models are open-ended recommender systems},
  author={Cui, Zeyu and Ma, Jianxin and Zhou, Chang and Zhou, Jingren and Yang, Hongxia},
  journal={arXiv preprint arXiv:2205.08084},
  year={2022}
}

@article{gao2023chat,
  title={Chat-rec: Towards interactive and explainable llms-augmented recommender system},
  author={Gao, Yunfan and Sheng, Tao and Xiang, Youlin and Xiong, Yun and Wang, Haofen and Zhang, Jiawei},
  journal={arXiv preprint arXiv:2303.14524},
  year={2023}
}

@inproceedings{geng2022p5,
  title={Recommendation as language processing (rlp): A unified pretrain, personalized prompt \& predict paradigm (p5)},
  author={Geng, Shijie and Liu, Shuchang and Fu, Zuohui and Ge, Yingqiang and Zhang, Yongfeng},
  booktitle={Proceedings of the 16th ACM Conference on Recommender Systems},
  pages={299--315},
  year={2022}
}

@inproceedings{he2020lightgcn,
  title={Lightgcn: Simplifying and powering graph convolution network for recommendation},
  author={He, Xiangnan and Deng, Kuan and Wang, Xiang and Li, Yan and Zhang, Yongdong and Wang, Meng},
  booktitle={Proceedings of the 43rd International ACM SIGIR conference on research and development in Information Retrieval},
  pages={639--648},
  year={2020}
}

@article{hidasi2015gru4rec,
  title={Session-based Recommendations with Recurrent Neural Networks},
  author={Hidasi, B},
  journal={arXiv preprint arXiv:1511.06939},
  year={2015}
}

@inproceedings{hua2023p5_cid,
  title={How to index item ids for recommendation foundation models},
  author={Hua, Wenyue and Xu, Shuyuan and Ge, Yingqiang and Zhang, Yongfeng},
  booktitle={Proceedings of the Annual International ACM SIGIR Conference on Research and Development in Information Retrieval in the Asia Pacific Region},
  pages={195--204},
  year={2023}
}

@inproceedings{kang2018sasrec,
  title={Self-attentive sequential recommendation},
  author={Kang, Wang-Cheng and McAuley, Julian},
  booktitle={2018 IEEE international conference on data mining (ICDM)},
  pages={197--206},
  year={2018},
  organization={IEEE}
}

@article{koren2009matrix,
  title={Matrix factorization techniques for recommender systems},
  author={Koren, Yehuda and Bell, Robert and Volinsky, Chris},
  journal={Computer},
  volume={42},
  number={8},
  pages={30--37},
  year={2009},
  publisher={IEEE}
}

@article{lin2023can,
  title={How can recommender systems benefit from large language models: A survey},
  author={Lin, Jianghao and Dai, Xinyi and Xi, Yunjia and Liu, Weiwen and Chen, Bo and Zhang, Hao and Liu, Yong and Wu, Chuhan and Li, Xiangyang and Zhu, Chenxu and others},
  journal={arXiv preprint arXiv:2306.05817},
  year={2023}
}

@article{liu2024store,
  title={STORE: Streamlining Semantic Tokenization and Generative Recommendation with A Single LLM},
  author={Liu, Qijiong and Zhu, Jieming and Fan, Lu and Zhao, Zhou and Wu, Xiao-Ming},
  journal={arXiv preprint arXiv:2409.07276},
  year={2024}
}

@article{rajput2024tiger,
  title={Recommender systems with generative retrieval},
  author={Rajput, Shashank and Mehta, Nikhil and Singh, Anima and Hulikal Keshavan, Raghunandan and Vu, Trung and Heldt, Lukasz and Hong, Lichan and Tay, Yi and Tran, Vinh and Samost, Jonah and others},
  journal={Advances in Neural Information Processing Systems},
  volume={36},
  year={2024}
}

@inproceedings{sun2019bert4rec,
  title={BERT4Rec: Sequential recommendation with bidirectional encoder representations from transformer},
  author={Sun, Fei and Liu, Jun and Wu, Jian and Pei, Changhua and Lin, Xiao and Ou, Wenwu and Jiang, Peng},
  booktitle={Proceedings of the 28th ACM international conference on information and knowledge management},
  pages={1441--1450},
  year={2019}
}

@inproceedings{wang2024eager,
  title={EAGER: Two-Stream Generative Recommender with Behavior-Semantic Collaboration},
  author={Wang, Ye and Xun, Jiahao and Hong, Minjie and Zhu, Jieming and Jin, Tao and Lin, Wang and Li, Haoyuan and Li, Linjun and Xia, Yan and Zhao, Zhou and others},
  booktitle={Proceedings of the 30th ACM SIGKDD Conference on Knowledge Discovery and Data Mining},
  pages={3245--3254},
  year={2024}
}

@article{zhang2023collm,
  title={Collm: Integrating collaborative embeddings into large language models for recommendation},
  author={Zhang, Yang and Feng, Fuli and Zhang, Jizhi and Bao, Keqin and Wang, Qifan and He, Xiangnan},
  journal={arXiv preprint arXiv:2310.19488},
  year={2023}
}

@inproceedings{zheng2024lcrec,
  title={Adapting large language models by integrating collaborative semantics for recommendation},
  author={Zheng, Bowen and Hou, Yupeng and Lu, Hongyu and Chen, Yu and Zhao, Wayne Xin and Chen, Ming and Wen, Ji-Rong},
  booktitle={2024 IEEE 40th International Conference on Data Engineering (ICDE)},
  pages={1435--1448},
  year={2024},
  organization={IEEE}
}

@inproceedings{zhu2024cllm4rec,
  title={Collaborative large language model for recommender systems},
  author={Zhu, Yaochen and Wu, Liang and Guo, Qi and Hong, Liangjie and Li, Jundong},
  booktitle={Proceedings of the ACM on Web Conference 2024},
  pages={3162--3172},
  year={2024}
}

