@article{fallah2020personalized,
  title={{Personalized federated learning: A meta-learning approach}},
  author={Fallah, Alireza and Mokhtari, Aryan and Ozdaglar, Asuman},
  journal={arXiv preprint arXiv:2002.07948},
  year={2020}
}

@inproceedings{katharopoulos2018not,
  title={Not all samples are created equal: Deep learning with importance sampling},
  author={Katharopoulos, Angelos and Fleuret, Fran{\c{c}}ois},
  booktitle={International conference on machine learning},
  pages={2525--2534},
  year={2018},
  organization={PMLR}
}


@article{johnson2018training,
  title={Training deep models faster with robust, approximate importance sampling},
  author={Johnson, Tyler B and Guestrin, Carlos},
  journal={Advances in Neural Information Processing Systems},
  volume={31},
  year={2018}
}

@inproceedings{raghu2020rapid,
  title={Rapid Learning or Feature Reuse? Towards Understanding the Effectiveness of MAML},
  author={Raghu, Aniruddh and Raghu, Maithra and Bengio, Samy and Vinyals, Oriol},
  booktitle={International Conference on Learning Representations},
  year={2020}
}

@article{yang2023towards,
  title={Towards Sustainable Learning: Coresets for Data-efficient Deep Learning},
  author={Yang, Yu and Kang, Hao and Mirzasoleiman, Baharan},
  journal={arXiv preprint arXiv:2306.01244},
  year={2023}
}

@inproceedings{
yu2023enhancing,
title={Enhancing Meta Learning via Multi-Objective Soft Improvement Functions},
author={Runsheng Yu and Weiyu Chen and Xinrun Wang and James Kwok},
booktitle={The Eleventh International Conference on Learning Representations },
year={2023},
url={https://openreview.net/forum?id=hCmjBJeGXcu}
}


@inproceedings{raghurapid,
  title={Rapid Learning or Feature Reuse? Towards Understanding the Effectiveness of MAML},
  author={Raghu, Aniruddh and Raghu, Maithra and Bengio, Samy and Vinyals, Oriol},
  booktitle={International Conference on Learning Representations}
}

@article{kingma2014adam,
  title={Adam: A method for stochastic optimization},
  author={Kingma, Diederik P and Ba, Jimmy},
  journal={arXiv preprint arXiv:1412.6980},
  year={2014}
}

@article{antoniou2018train,
  title={How to train your MAML},
  author={Antoniou, Antreas and Edwards, Harrison and Storkey, Amos},
  journal={arXiv preprint arXiv:1810.09502},
  year={2018}
}

@article{yi2019fis,
  title={Fis-gan: Gan with flow-based importance sampling},
  author={Yi, Shiyu and Zhan, Donglin and Zhang, Wenqing and Jiang, Denglin and Wang, Hao},
  journal={arXiv preprint arXiv:1910.02519},
  year={2019}
}

@inproceedings{mirzasoleiman2020coresets1,
  title={Coresets for data-efficient training of machine learning models},
  author={Mirzasoleiman, Baharan and Bilmes, Jeff and Leskovec, Jure},
  booktitle={International Conference on Machine Learning},
  pages={6950--6960},
  year={2020},
  organization={PMLR}
}

@article{hospedales2021meta,
  title={Meta-learning in neural networks: A survey},
  author={Hospedales, Timothy and Antoniou, Antreas and Micaelli, Paul and Storkey, Amos},
  journal={IEEE transactions on pattern analysis and machine intelligence},
  volume={44},
  number={9},
  pages={5149--5169},
  year={2021},
  publisher={IEEE}
}


@inproceedings{fallah2020convergence,
  title={On the convergence theory of gradient-based model-agnostic meta-learning algorithms},
  author={Fallah, Alireza and Mokhtari, Aryan and Ozdaglar, Asuman},
  booktitle={International Conference on Artificial Intelligence and Statistics},
  pages={1082--1092},
  year={2020},
  organization={PMLR}
}

@inproceedings{wang2020global,
  title={On the global optimality of model-agnostic meta-learning},
  author={Wang, Lingxiao and Cai, Qi and Yang, Zhuoran and Wang, Zhaoran},
  booktitle={International conference on machine learning},
  pages={9837--9846},
  year={2020},
  organization={PMLR}
}

@article{arnold2021uniform,
  title={Uniform Sampling over Episode Difficulty},
  author={Arnold, S{\'e}bastien and Dhillon, Guneet and Ravichandran, Avinash and Soatto, Stefano},
  journal={Advances in Neural Information Processing Systems},
  volume={34},
  pages={1481--1493},
  year={2021}
}

@article{wolsey1982analysis,
  title={An analysis of the greedy algorithm for the submodular set covering problem},
  author={Wolsey, Laurence A},
  journal={Combinatorica},
  volume={2},
  number={4},
  pages={385--393},
  year={1982},
  publisher={Springer}
}

@article{liu2022data,
  title={Data-Efficient Augmentation for Training Neural Networks},
  author={Liu, Tian Yu and Mirzasoleiman, Baharan},
  journal={arXiv preprint arXiv:2210.08363},
  year={2022}
}

@article{ash2019deep,
  title={Deep batch active learning by diverse, uncertain gradient lower bounds},
  author={Ash, Jordan T and Zhang, Chicheng and Krishnamurthy, Akshay and Langford, John and Agarwal, Alekh},
  journal={arXiv preprint arXiv:1906.03671},
  year={2019}
}

@article{killamsetty2021retrieve,
  title={Retrieve: Coreset selection for efficient and robust semi-supervised learning},
  author={Killamsetty, Krishnateja and Zhao, Xujiang and Chen, Feng and Iyer, Rishabh},
  journal={Advances in Neural Information Processing Systems},
  volume={34},
  pages={14488--14501},
  year={2021}
}

@article{paul2021deep,
  title={Deep learning on a data diet: Finding important examples early in training},
  author={Paul, Mansheej and Ganguli, Surya and Dziugaite, Gintare Karolina},
  journal={Advances in Neural Information Processing Systems},
  volume={34},
  pages={20596--20607},
  year={2021}
}

@inproceedings{killamsetty2021glister,
  title={Glister: Generalization based data subset selection for efficient and robust learning},
  author={Killamsetty, Krishnateja and Sivasubramanian, Durga and Ramakrishnan, Ganesh and Iyer, Rishabh},
  booktitle={Proceedings of the AAAI Conference on Artificial Intelligence},
  volume={35},
  number={9},
  pages={8110--8118},
  year={2021}
}

@inproceedings{pooladzandi2022adaptive,
  title={Adaptive second order coresets for data-efficient machine learning},
  author={Pooladzandi, Omead and Davini, David and Mirzasoleiman, Baharan},
  booktitle={International Conference on Machine Learning},
  pages={17848--17869},
  year={2022},
  organization={PMLR}
}

@inproceedings{liu2020adaptive,
  title={Adaptive task sampling for meta-learning},
  author={Liu, Chenghao and Wang, Zhihao and Sahoo, Doyen and Fang, Yuan and Zhang, Kun and Hoi, Steven CH},
  booktitle={European Conference on Computer Vision},
  pages={752--769},
  year={2020},
  organization={Springer}
}

@article{yao2021meta,
  title={Meta-learning with an adaptive task scheduler},
  author={Yao, Huaxiu and Wang, Yu and Wei, Ying and Zhao, Peilin and Mahdavi, Mehrdad and Lian, Defu and Finn, Chelsea},
  journal={Advances in Neural Information Processing Systems},
  volume={34},
  pages={7497--7509},
  year={2021}
}

@inproceedings{chen2022near,
  title={Near-Optimal Task Selection for Meta-Learning with Mutual Information and Online Variational Bayesian Unlearning},
  author={Chen, Yizhou and Zhang, Shizhuo and Low, Bryan Kian Hsiang},
  booktitle={International Conference on Artificial Intelligence and Statistics},
  pages={9091--9113},
  year={2022},
  organization={PMLR}
}

@inproceedings{wang2022learning,
  title={Learning to learn and remember super long multi-domain task sequence},
  author={Wang, Zhenyi and Shen, Li and Duan, Tiehang and Zhan, Donglin and Fang, Le and Gao, Mingchen},
  booktitle={Proceedings of the IEEE/CVF Conference on Computer Vision and Pattern Recognition},
  pages={7982--7992},
  year={2022}
}

@inproceedings{wang2022meta,
  title={Meta-learning with less forgetting on large-scale non-stationary task distributions},
  author={Wang, Zhenyi and Shen, Li and Fang, Le and Suo, Qiuling and Zhan, Donglin and Duan, Tiehang and Gao, Mingchen},
  booktitle={European Conference on Computer Vision},
  pages={221--238},
  year={2022},
  organization={Springer}
}

@inproceedings{todorov2012mujoco,
  title={MuJoCo: A physics engine for model-based control},
  author={Todorov, Emanuel and Erez, Tom and Tassa, Yuval},
  booktitle={2012 IEEE/RSJ International Conference on Intelligent Robots and Systems},
  pages={5026--5033},
  year={2012},
  organization={IEEE},
  doi={10.1109/IROS.2012.6386109}
}

@inproceedings{killamsetty2021grad,
  title={Grad-match: Gradient matching based data subset selection for efficient deep model training},
  author={Killamsetty, Krishnateja and Ramakrishnan, Ganesh and De, Abir and Iyer, Rishabh},
  booktitle={International Conference on Machine Learning},
  pages={5464--5474},
  year={2021},
  organization={PMLR}
}

@inproceedings{tiwari2022gcr,
  title={{GCR}: Gradient coreset based replay buffer selection for continual learning},
  author={Tiwari, Rishabh and Killamsetty, Krishnateja and Iyer, Rishabh and Shenoy, Pradeep},
  booktitle={Proceedings of the IEEE/CVF Conference on Computer Vision and Pattern Recognition},
  pages={99--108},
  year={2022}
}

@article{schulman2015trust,
  title={Trust Region Policy Optimization},
  author={Schulman, John},
  journal={arXiv preprint arXiv:1502.05477},
  year={2015}
}

@inproceedings{liang2022few,
  title={Few-shot learning with noisy labels},
  author={Liang, Kevin J and Rangrej, Samrudhdhi B and Petrovic, Vladan and Hassner, Tal},
  booktitle={Proceedings of the IEEE/CVF Conference on Computer Vision and Pattern Recognition},
  pages={9089--9098},
  year={2022}
}

@inproceedings{he2016deep,
  title={Deep residual learning for image recognition},
  author={He, Kaiming and Zhang, Xiangyu and Ren, Shaoqing and Sun, Jian},
  booktitle={Proceedings of the IEEE conference on computer vision and pattern recognition},
  pages={770--778},
  year={2016}
}

@article{natarajan2013learning,
  title={Learning with noisy labels},
  author={Natarajan, Nagarajan and Dhillon, Inderjit S and Ravikumar, Pradeep K and Tewari, Ambuj},
  journal={Advances in neural information processing systems},
  volume={26},
  year={2013}
}


@article{zhang2021understanding,
  title={Understanding deep learning (still) requires rethinking generalization},
  author={Zhang, Chiyuan and Bengio, Samy and Hardt, Moritz and Recht, Benjamin and Vinyals, Oriol},
  journal={Communications of the ACM},
  volume={64},
  number={3},
  pages={107--115},
  year={2021},
  publisher={ACM New York, NY, USA}
}

@article{han2018co,
  title={Co-teaching: Robust training of deep neural networks with extremely noisy labels},
  author={Han, Bo and Yao, Quanming and Yu, Xingrui and Niu, Gang and Xu, Miao and Hu, Weihua and Tsang, Ivor and Sugiyama, Masashi},
  journal={Advances in neural information processing systems},
  volume={31},
  year={2018}
}

@inproceedings{jiang2018mentornet,
  title={Mentornet: Learning data-driven curriculum for very deep neural networks on corrupted labels},
  author={Jiang, Lu and Zhou, Zhengyuan and Leung, Thomas and Li, Li-Jia and Fei-Fei, Li},
  booktitle={International conference on machine learning},
  pages={2304--2313},
  year={2018},
  organization={PMLR}
}

@article{van2015learning,
  title={Learning with symmetric label noise: The importance of being unhinged},
  author={Van Rooyen, Brendan and Menon, Aditya and Williamson, Robert C},
  journal={Advances in neural information processing systems},
  volume={28},
  year={2015}
}

@article{oord2018representation,
  title={Representation learning with contrastive predictive coding},
  author={Oord, Aaron van den and Li, Yazhe and Vinyals, Oriol},
  journal={arXiv preprint arXiv:1807.03748},
  year={2018}
}

@inproceedings{wei2020combating,
  title={Combating noisy labels by agreement: A joint training method with co-regularization},
  author={Wei, Hongxin and Feng, Lei and Chen, Xiangyu and An, Bo},
  booktitle={Proceedings of the IEEE/CVF Conference on Computer Vision and Pattern Recognition},
  pages={13726--13735},
  year={2020}
}

@article{li2019learning,
  title={Learning to self-train for semi-supervised few-shot classification},
  author={Li, Xinzhe and Sun, Qianru and Liu, Yaoyao and Zhou, Qin and Zheng, Shibao and Chua, Tat-Seng and Schiele, Bernt},
  journal={Advances in Neural Information Processing Systems},
  volume={32},
  year={2019}
}

@article{liu2018learning,
  title={Learning to propagate labels: Transductive propagation network for few-shot learning},
  author={Liu, Yanbin and Lee, Juho and Park, Minseop and Kim, Saehoon and Yang, Eunho and Hwang, Sung Ju and Yang, Yi},
  journal={arXiv preprint arXiv:1805.10002},
  year={2018}
}

@article{karimi2020deep,
  title={Deep learning with noisy labels: Exploring techniques and remedies in medical image analysis},
  author={Karimi, Davood and Dou, Haoran and Warfield, Simon K and Gholipour, Ali},
  journal={Medical Image Analysis},
  volume={65},
  pages={101759},
  year={2020},
  publisher={Elsevier}
}

@article{jiang2021method,
  title={Method for diagnosis of acute lymphoblastic leukemia based on ViT-CNN ensemble model},
  author={Jiang, Zhencun and Dong, Zhengxin and Wang, Lingyang and Jiang, Wenping},
  journal={Computational Intelligence and Neuroscience},
  volume={2021},
  year={2021},
  publisher={Hindawi}
}

@inproceedings{ghosh2021contrastive,
  title={Contrastive learning improves model robustness under label noise},
  author={Ghosh, Aritra and Lan, Andrew},
  booktitle={Proceedings of the IEEE/CVF Conference on Computer Vision and Pattern Recognition},
  pages={2703--2708},
  year={2021}
}

@inproceedings{zheltonozhskii2022contrast,
  title={Contrast to divide: Self-supervised pre-training for learning with noisy labels},
  author={Zheltonozhskii, Evgenii and Baskin, Chaim and Mendelson, Avi and Bronstein, Alex M and Litany, Or},
  booktitle={Proceedings of the IEEE/CVF Winter Conference on Applications of Computer Vision},
  pages={1657--1667},
  year={2022}
}

@article{hendrycks2019using,
  title={Using self-supervised learning can improve model robustness and uncertainty},
  author={Hendrycks, Dan and Mazeika, Mantas and Kadavath, Saurav and Song, Dawn},
  journal={Advances in neural information processing systems},
  volume={32},
  year={2019}
}


@inproceedings{arpit2017closer,
  title={A closer look at memorization in deep networks},
  author={Arpit, Devansh and Jastrz{\k{e}}bski, Stanis{\l}aw and Ballas, Nicolas and Krueger, David and Bengio, Emmanuel and Kanwal, Maxinder S and Maharaj, Tegan and Fischer, Asja and Courville, Aaron and Bengio, Yoshua and others},
  booktitle={International conference on machine learning},
  pages={233--242},
  year={2017},
  organization={PMLR}
}

@article{xu2019l_dmi,
  title={L\_dmi: An information-theoretic noise-robust loss function},
  author={Xu, Yilun and Cao, Peng and Kong, Yuqing and Wang, Yizhou},
  journal={arXiv preprint arXiv:1909.03388},
  year={2019}
}

@inproceedings{harutyunyan2020improving,
  title={Improving generalization by controlling label-noise information in neural network weights},
  author={Harutyunyan, Hrayr and Reing, Kyle and Ver Steeg, Greg and Galstyan, Aram},
  booktitle={International Conference on Machine Learning},
  pages={4071--4081},
  year={2020},
  organization={PMLR}
}

@inproceedings{patrini2017making,
  title={Making deep neural networks robust to label noise: A loss correction approach},
  author={Patrini, Giorgio and Rozza, Alessandro and Krishna Menon, Aditya and Nock, Richard and Qu, Lizhen},
  booktitle={Proceedings of the IEEE conference on computer vision and pattern recognition},
  pages={1944--1952},
  year={2017}
}

@article{goldberger2016training,
  title={Training deep neural-networks using a noise adaptation layer},
  author={Goldberger, Jacob and Ben-Reuven, Ehud},
  year={2016}
}





@article{ren2018meta,
  title={Meta-learning for semi-supervised few-shot classification},
  author={Ren, Mengye and Triantafillou, Eleni and Ravi, Sachin and Snell, Jake and Swersky, Kevin and Tenenbaum, Joshua B and Larochelle, Hugo and Zemel, Richard S},
  journal={arXiv preprint arXiv:1803.00676},
  year={2018}
}

@article{snell2017prototypical,
  title={Prototypical networks for few-shot learning},
  author={Snell, Jake and Swersky, Kevin and Zemel, Richard},
  journal={Advances in neural information processing systems},
  volume={30},
  year={2017}
}



@article{wang2020generalizing,
  title={Generalizing from a few examples: A survey on few-shot learning},
  author={Wang, Yaqing and Yao, Quanming and Kwok, James T and Ni, Lionel M},
  journal={ACM computing surveys (csur)},
  volume={53},
  number={3},
  pages={1--34},
  year={2020},
  publisher={ACM New York, NY, USA}
}

@article{killamsetty2020reweighted,
  title={A reweighted meta learning framework for robust few shot learning},
  author={Killamsetty, Krishnateja and Li, Changbin and Zhao, Chen and Iyer, Rishabh and Chen, Feng},
  journal={arXiv preprint arXiv:2011.06782},
  year={2020}
}

@inproceedings{sung2018learning,
  title={Learning to compare: Relation network for few-shot learning},
  author={Sung, Flood and Yang, Yongxin and Zhang, Li and Xiang, Tao and Torr, Philip HS and Hospedales, Timothy M},
  booktitle={Proceedings of the IEEE conference on computer vision and pattern recognition},
  pages={1199--1208},
  year={2018}
}

@article{oreshkin2018tadam,
  title={Tadam: Task dependent adaptive metric for improved few-shot learning},
  author={Oreshkin, Boris and Rodr{\'\i}guez L{\'o}pez, Pau and Lacoste, Alexandre},
  journal={Advances in neural information processing systems},
  volume={31},
  year={2018}
}

@inproceedings{ye2020few,
  title={Few-shot learning via embedding adaptation with set-to-set functions},
  author={Ye, Han-Jia and Hu, Hexiang and Zhan, De-Chuan and Sha, Fei},
  booktitle={Proceedings of the IEEE/CVF Conference on Computer Vision and Pattern Recognition},
  pages={8808--8817},
  year={2020}
}

@article{nichol2018first,
  title={On first-order meta-learning algorithms},
  author={Nichol, Alex and Achiam, Joshua and Schulman, John},
  journal={arXiv preprint arXiv:1803.02999},
  year={2018}
}



@article{sun2021towards,
  title={Towards sample-efficient overparameterized meta-learning},
  author={Sun, Yue and Narang, Adhyyan and Gulluk, Ibrahim and Oymak, Samet and Fazel, Maryam},
  journal={Advances in Neural Information Processing Systems},
  volume={34},
  pages={28156--28168},
  year={2021}
}

@inproceedings{
wang2022stmaml,
title={{ST}-{MAML}: A Stochastic-Task based Method for Task-Heterogeneous Meta-Learning},
author={Zhe Wang and Jake Grigsby and Arshdeep Sekhon and Yanjun Qi},
booktitle={The 38th Conference on Uncertainty in Artificial Intelligence},
year={2022}
}

@article{kaddour2020probabilistic,
  title={Probabilistic active meta-learning},
  author={Kaddour, Jean and S{\ae}mundsson, Steind{\'o}r and others},
  journal={Advances in Neural Information Processing Systems},
  volume={33},
  pages={20813--20822},
  year={2020}
}

@inproceedings{zhang2021efficient,
  title={Efficient lottery ticket finding: Less data is more},
  author={Zhang, Zhenyu and Chen, Xuxi and Chen, Tianlong and Wang, Zhangyang},
  booktitle={International Conference on Machine Learning},
  pages={12380--12390},
  year={2021},
  organization={PMLR}
}

@inproceedings{li2020difficulty,
  title={Difficulty-aware meta-learning for rare disease diagnosis},
  author={Li, Xiaomeng and Yu, Lequan and Jin, Yueming and Fu, Chi-Wing and Xing, Lei and Heng, Pheng-Ann},
  booktitle={Medical Image Computing and Computer Assisted Intervention--MICCAI 2020: 23rd International Conference, Lima, Peru, October 4--8, 2020, Proceedings, Part I 23},
  pages={357--366},
  year={2020},
  organization={Springer}
}

@inproceedings{
balakrishnan2022diverse,
title={Diverse Client Selection for Federated Learning via Submodular Maximization},
author={Ravikumar Balakrishnan and Tian Li and Tianyi Zhou and Nageen Himayat and Virginia Smith and Jeff Bilmes},
booktitle={International Conference on Learning Representations},
year={2022},
}

@inproceedings{zhang2021learning,
  title={Learning fast sample re-weighting without reward data},
  author={Zhang, Zizhao and Pfister, Tomas},
  booktitle={Proceedings of the IEEE/CVF International Conference on Computer Vision},
  pages={725--734},
  year={2021}
}

@article{paul2021deep,
  title={Deep learning on a data diet: Finding important examples early in training},
  author={Paul, Mansheej and Ganguli, Surya and Dziugaite, Gintare Karolina},
  journal={Advances in Neural Information Processing Systems},
  volume={34},
  pages={20596--20607},
  year={2021}
}

@inproceedings{zhou2021task,
  title={Task similarity aware meta learning: Theory-inspired improvement on maml},
  author={Zhou, Pan and Zou, Yingtian and Yuan, Xiao-Tong and Feng, Jiashi and Xiong, Caiming and Hoi, Steven},
  booktitle={Uncertainty in Artificial Intelligence},
  pages={23--33},
  year={2021},
  organization={PMLR}
}





@inproceedings{lee2019meta,
  title={Meta-learning with differentiable convex optimization},
  author={Lee, Kwonjoon and Maji, Subhransu and Ravichandran, Avinash and Soatto, Stefano},
  booktitle={Proceedings of the IEEE/CVF conference on computer vision and pattern recognition},
  pages={10657--10665},
  year={2019}
}

@article{garcia2017few,
  title={Few-shot learning with graph neural networks},
  author={Garcia, Victor and Bruna, Joan},
  journal={arXiv preprint arXiv:1711.04043},
  year={2017}
}

@inproceedings{qiao2018few,
  title={Few-shot image recognition by predicting parameters from activations},
  author={Qiao, Siyuan and Liu, Chenxi and Shen, Wei and Yuille, Alan L},
  booktitle={Proceedings of the IEEE Conference on Computer Vision and Pattern Recognition},
  pages={7229--7238},
  year={2018}
}

@article{song2022learning,
  title={Learning from noisy labels with deep neural networks: A survey},
  author={Song, Hwanjun and Kim, Minseok and Park, Dongmin and Shin, Yooju and Lee, Jae-Gil},
  journal={IEEE Transactions on Neural Networks and Learning Systems},
  year={2022},
  publisher={IEEE}
}

@article{vinyals2016matching,
  title={Matching networks for one shot learning},
  author={Vinyals, Oriol and Blundell, Charles and Lillicrap, Timothy and Wierstra, Daan and others},
  journal={Advances in neural information processing systems},
  volume={29},
  year={2016}
}

@inproceedings{li2017learning,
  title={Learning from noisy labels with distillation},
  author={Li, Yuncheng and Yang, Jianchao and Song, Yale and Cao, Liangliang and Luo, Jiebo and Li, Li-Jia},
  booktitle={Proceedings of the IEEE International Conference on Computer Vision},
  pages={1910--1918},
  year={2017}
}

@inproceedings{han2019deep,
  title={Deep self-learning from noisy labels},
  author={Han, Jiangfan and Luo, Ping and Wang, Xiaogang},
  booktitle={Proceedings of the IEEE/CVF international conference on computer vision},
  pages={5138--5147},
  year={2019}
}

@inproceedings{mazumder2021rnnp,
  title={Rnnp: A robust few-shot learning approach},
  author={Mazumder, Pratik and Singh, Pravendra and Namboodiri, Vinay P},
  booktitle={Proceedings of the IEEE/CVF Winter Conference on Applications of Computer Vision},
  pages={2664--2673},
  year={2021}
}


@inproceedings{li2021semi,
  title={Semi-Supervised Few-Shot Learning with Pseudo Label Refinement},
  author={Li, Pan and Wu, Guile and Gong, Shaogang and Lan, Xu},
  booktitle={2021 IEEE International Conference on Multimedia and Expo (ICME)},
  pages={1--6},
  year={2021},
  organization={IEEE}
}

@inproceedings{wang2020instance,
  title={Instance credibility inference for few-shot learning},
  author={Wang, Yikai and Xu, Chengming and Liu, Chen and Zhang, Li and Fu, Yanwei},
  booktitle={Proceedings of the IEEE/CVF conference on computer vision and pattern recognition},
  pages={12836--12845},
  year={2020}
}


@article{nemhauser1978analysis,
  title={An analysis of approximations for maximizing submodular set functions},
  author={Nemhauser, George L and Wolsey, Laurence A and Fisher, Marshall L},
  journal={Mathematical programming},
  volume={14},
  number={1},
  pages={265--294},
  year={1978},
  publisher={Springer}
}

@inproceedings{mirzasoleiman2015lazier,
  title={Lazier than lazy greedy},
  author={Mirzasoleiman, Baharan and Badanidiyuru, Ashwinkumar and Karbasi, Amin and Vondr{\'a}k, Jan and Krause, Andreas},
  booktitle={Proceedings of the AAAI Conference on Artificial Intelligence},
  volume={29},
  number={1},
  year={2015}
}

@incollection{cornuejols1977uncapacitated,
  title={On the uncapacitated location problem},
  author={Cornuejols, Gerard and Fisher, Marshall and Nemhauser, George L},
  booktitle={Annals of Discrete Mathematics},
  volume={1},
  pages={163--177},
  year={1977},
  publisher={Elsevier}
}

@article{schaul2015prioritized,
  title={Prioritized experience replay},
  author={Schaul, Tom and Quan, John and Antonoglou, Ioannis and Silver, David},
  journal={arXiv preprint arXiv:1511.05952},
  year={2015}
}

@article{loshchilov2015online,
  title={Online batch selection for faster training of neural networks},
  author={Loshchilov, Ilya and Hutter, Frank},
  journal={arXiv preprint arXiv:1511.06343},
  year={2015}
}

@inproceedings{kim2021continual,
  title={Continual learning on noisy data streams via self-purified replay},
  author={Kim, Chris Dongjoo and Jeong, Jinseo and Moon, Sangwoo and Kim, Gunhee},
  booktitle={Proceedings of the IEEE/CVF international conference on computer vision},
  pages={537--547},
  year={2021}
}

@article{luna2020information,
  title={Information-theoretic task selection for meta-reinforcement learning},
  author={Luna Gutierrez, Ricardo and Leonetti, Matteo},
  journal={Advances in Neural Information Processing Systems},
  volume={33},
  pages={20532--20542},
  year={2020}
}

@article{xia2021sample,
  title={Sample selection with uncertainty of losses for learning with noisy labels},
  author={Xia, Xiaobo and Liu, Tongliang and Han, Bo and Gong, Mingming and Yu, Jun and Niu, Gang and Sugiyama, Masashi},
  journal={arXiv preprint arXiv:2106.00445},
  year={2021}
}


@inproceedings{karim2022cnll,
  title={CNLL: A Semi-supervised Approach For Continual Noisy Label Learning},
  author={Karim, Nazmul and Khalid, Umar and Esmaeili, Ashkan and Rahnavard, Nazanin},
  booktitle={Proceedings of the IEEE/CVF Conference on Computer Vision and Pattern Recognition},
  pages={3878--3888},
  year={2022}
}

@inproceedings{bang2022online,
  title={Online Continual Learning on a Contaminated Data Stream with Blurry Task Boundaries},
  author={Bang, Jihwan and Koh, Hyunseo and Park, Seulki and Song, Hwanjun and Ha, Jung-Woo and Choi, Jonghyun},
  booktitle={Proceedings of the IEEE/CVF Conference on Computer Vision and Pattern Recognition},
  pages={9275--9284},
  year={2022}
}


@inproceedings{yang2022not,
  title={Not all poisons are created equal: Robust training against data poisoning},
  author={Yang, Yu and Liu, Tian Yu and Mirzasoleiman, Baharan},
  booktitle={International Conference on Machine Learning},
  pages={25154--25165},
  year={2022},
  organization={PMLR}
}

@article{geiping2020witches,
  title={Witches' brew: Industrial scale data poisoning via gradient matching},
  author={Geiping, Jonas and Fowl, Liam and Huang, W Ronny and Czaja, Wojciech and Taylor, Gavin and Moeller, Michael and Goldstein, Tom},
  journal={arXiv preprint arXiv:2009.02276},
  year={2020}
}

@inproceedings{karimi2016linear,
  title={Linear convergence of gradient and proximal-gradient methods under the polyak-{\l}ojasiewicz condition},
  author={Karimi, Hamed and Nutini, Julie and Schmidt, Mark},
  booktitle={Machine Learning and Knowledge Discovery in Databases: European Conference, ECML PKDD 2016, Riva del Garda, Italy, September 19-23, 2016, Proceedings, Part I 16},
  pages={795--811},
  year={2016},
  organization={Springer}
}



@article{liu2022loss,
  title={Loss landscapes and optimization in over-parameterized non-linear systems and neural networks},
  author={Liu, Chaoyue and Zhu, Libin and Belkin, Mikhail},
  journal={Applied and Computational Harmonic Analysis},
  volume={59},
  pages={85--116},
  year={2022},
  publisher={Elsevier}
}

@inproceedings{liu2019taming,
  title={Taming maml: Efficient unbiased meta-reinforcement learning},
  author={Liu, Hao and Socher, Richard and Xiong, Caiming},
  booktitle={International conference on machine learning},
  pages={4061--4071},
  year={2019},
  organization={PMLR}
}

@article{song2019maml,
  title={{ES-MAML}: Simple {H}essian-free meta learning},
  author={Song, Xingyou and Gao, Wenbo and Yang, Yuxiang and Choromanski, Krzysztof and Pacchiano, Aldo and Tang, Yunhao},
  journal={arXiv preprint arXiv:1910.01215},
  year={2019}
}

@inproceedings{oymak2019overparameterized,
  title={Overparameterized nonlinear learning: Gradient descent takes the shortest path?},
  author={Oymak, Samet and Soltanolkotabi, Mahdi},
  booktitle={International Conference on Machine Learning},
  pages={4951--4960},
  year={2019},
  organization={PMLR}
}


@inproceedings{finn2019online,
  title={Online meta-learning},
  author={Finn, Chelsea and Rajeswaran, Aravind and Kakade, Sham and Levine, Sergey},
  booktitle={International Conference on Machine Learning},
  pages={1920--1930},
  year={2019},
  organization={PMLR}
}

@article{ji2022theoretical,
  title={Theoretical convergence of multi-step model-agnostic meta-learning},
  author={Ji, Kaiyi and Yang, Junjie and Liang, Yingbin},
  journal={The Journal of Machine Learning Research},
  volume={23},
  number={1},
  pages={1317--1357},
  year={2022},
  publisher={JMLRORG}
}

@article{liu2022theoretical,
  title={A theoretical understanding of gradient bias in meta-reinforcement learning},
  author={Liu, Bo and Feng, Xidong and Ren, Jie and Mai, Luo and Zhu, Rui and Zhang, Haifeng and Wang, Jun and Yang, Yaodong},
  journal={Advances in Neural Information Processing Systems},
  volume={35},
  pages={31059--31072},
  year={2022}
}

@article{collins2022fedavg,
  title={{Fedavg with fine tuning: Local updates lead to representation learning}},
  author={Collins, Liam and Hassani, Hamed and Mokhtari, Aryan and Shakkottai, Sanjay},
  journal={Advances in Neural Information Processing Systems},
  volume={35},
  pages={10572--10586},
  year={2022}
}

@article{wang2023model,
  title={{Model-free Learning with Heterogeneous Dynamical Systems: A Federated LQR Approach}},
  author={Wang, Han and Toso, Leonardo F. and Mitra, Aritra and Anderson, James},
  journal={arXiv preprint arXiv:2308.11743},
  year={2023}
}

@article{musavi2023convergence,
  title={{Convergence of Gradient-based MAML in LQR}},
  author={Musavi, Negin and Dullerud, Geir E},
  journal={arXiv preprint arXiv:2309.06588},
  year={2023}
}


@inproceedings{molybog2021does,
  title={{When does maml objective have benign landscape?}},
  author={Molybog, Igor and Lavaei, Javad},
  booktitle={2021 IEEE Conference on Control Technology and Applications (CCTA)},
  pages={220--227},
  year={2021},
  organization={IEEE}
}

@inproceedings{fazel2018global,
  title={{Global convergence of policy gradient methods for the linear quadratic regulator}},
  author={Fazel, Maryam and Ge, Rong and Kakade, Sham and Mesbahi, Mehran},
  booktitle={International conference on machine learning},
  pages={1467--1476},
  year={2018},
  organization={PMLR}
}


@article{mohammadi2020linear,
  title={{On the linear convergence of random search for discrete-time LQR}},
  author={Mohammadi, Hesameddin and Soltanolkotabi, Mahdi and Jovanovi{\'c}, Mihailo R},
  journal={IEEE Control Systems Letters},
  volume={5},
  number={3},
  pages={989--994},
  year={2020},
  publisher={IEEE}
}

@inproceedings{zhang2023multi,
  title={{Multi-task imitation learning for linear dynamical systems}},
  author={Zhang, Thomas T and Kang, Katie and Lee, Bruce D and Tomlin, Claire and Levine, Sergey and Tu, Stephen and Matni, Nikolai},
  booktitle={Learning for Dynamics and Control Conference},
  pages={586--599},
  year={2023},
  organization={PMLR}
}


@inproceedings{honglecnotes,
  title={{Introduction to Matrix Methods}},
  author={Hong, J and Moehle, N and Boyd, S},
  booktitle={Lecture notes},
  pages={},
  year={2021},
  organization={}
}


@article{gravell2020learning,
  title={{Learning optimal controllers for linear systems with multiplicative noise via policy gradient}},
  author={Gravell, Benjamin and Esfahani, Peyman Mohajerin and Summers, Tyler},
  journal={IEEE Transactions on Automatic Control},
  volume={66},
  number={11},
  pages={5283--5298},
  year={2020},
  publisher={IEEE}
}


@article{toso2023oracle,
  title={{Oracle Complexity Reduction for Model-free LQR: A Stochastic Variance-Reduced Policy Gradient Approach}},
  author={Toso, Leonardo F. and Wang, Han and Anderson, James},
  journal={arXiv preprint arXiv:2309.10679},
  year={2023}
}

@article{bu2019lqr,
  title={{LQR through the lens of first order methods: Discrete-time case}},
  author={Bu, Jingjing and Mesbahi, Afshin and Fazel, Maryam and Mesbahi, Mehran},
  journal={arXiv preprint arXiv:1907.08921},
  year={2019}
}


@article{tropp2012user,
  title={{User-friendly tail bounds for sums of random matrices}},
  author={Tropp, Joel A},
  journal={Foundations of computational mathematics},
  volume={12},
  pages={389--434},
  year={2012},
  publisher={Springer}
}


@article{balasubramanian2022zeroth,
  title={{Zeroth-order nonconvex stochastic optimization: Handling constraints, high dimensionality, and saddle points}},
  author={Balasubramanian, Krishnakumar and Ghadimi, Saeed},
  journal={Foundations of Computational Mathematics},
  pages={1--42},
  year={2022},
  publisher={Springer}
}





@article{zhang2021policy,
  title={{Policy Optimization for $H_2$ Linear Control with $H_\infty$ Robustness Guarantee: Implicit Regularization and Global Convergence}},
  author={Zhang, Kaiqing and Hu, Bin and Basar, Tamer},
  journal={SIAM Journal on Control and Optimization},
  volume={59},
  number={6},
  pages={4081--4109},
  year={2021},
  publisher={SIAM}
}



@inproceedings{zheng2022escaping,
  title={{Escaping high-order saddles in policy optimization for Linear Quadratic Gaussian (LQG) control}},
  author={Zheng, Yang and Sun, Yue and Fazel, Maryam and Li, Na},
  booktitle={2022 IEEE 61st Conference on Decision and Control (CDC)},
  pages={5329--5334},
  year={2022},
  organization={IEEE}
}




@inproceedings{malik2019derivative,
  title={{Derivative-free methods for policy optimization: Guarantees for linear quadratic systems}},
  author={Malik, Dhruv and Pananjady, Ashwin and Bhatia, Kush and Khamaru, Koulik and Bartlett, Peter and Wainwright, Martin},
  booktitle={The 22nd international conference on artificial intelligence and statistics},
  pages={2916--2925},
  year={2019},
  organization={PMLR}
}



@article{johnson2013accelerating,
  title={{Accelerating stochastic gradient descent using predictive variance reduction}},
  author={Johnson, Rie and Zhang, Tong},
  journal={Advances in neural information processing systems},
  volume={26},
  year={2013}
}


@inproceedings{papini2018stochastic,
  title={{Stochastic variance-reduced policy gradient}},
  author={Papini, Matteo and Binaghi, Damiano and Canonaco, Giuseppe and Pirotta, Matteo and Restelli, Marcello},
  booktitle={International conference on machine learning},
  pages={4026--4035},
  year={2018},
  organization={PMLR}
}


@inproceedings{xu2020improved,
  title={{An improved convergence analysis of stochastic variance-reduced policy gradient}},
  author={Xu, Pan and Gao, Felicia and Gu, Quanquan},
  booktitle={Uncertainty in Artificial Intelligence},
  pages={541--551},
  year={2020},
  organization={PMLR}
}


@article{liu2020improved,
  title={{An improved analysis of (variance-reduced) policy gradient and natural policy gradient methods}},
  author={Liu, Yanli and Zhang, Kaiqing and Basar, Tamer and Yin, Wotao},
  journal={Advances in Neural Information Processing Systems},
  volume={33},
  pages={7624--7636},
  year={2020}
}


@book{anderson2007optimal,
  title={{Optimal control: linear quadratic methods}},
  author={Anderson, Brian DO and Moore, John B},
  year={2007},
  publisher={Courier Corporation}
}

@article{williams1992simple,
  title={{Simple statistical gradient-following algorithms for connectionist reinforcement learning}},
  author={Williams, Ronald J},
  journal={Reinforcement learning},
  pages={5--32},
  year={1992},
  publisher={Springer}
}

@book{conn2009introduction,
  title={{Introduction to derivative-free optimization}},
  author={Conn, Andrew R and Scheinberg, Katya and Vicente, Luis N},
  year={2009},
  publisher={SIAM}
}


@inproceedings{karimi2016linear,
  title={{Linear convergence of gradient and proximal-gradient methods under the polyak-{\l}ojasiewicz condition}},
  author={Karimi, Hamed and Nutini, Julie and Schmidt, Mark},
  booktitle={Machine Learning and Knowledge Discovery in Databases: European Conference, ECML PKDD 2016, Riva del Garda, Italy, September 19-23, 2016, Proceedings, Part I 16},
  pages={795--811},
  year={2016},
  organization={Springer}
}


@article{liu2018zeroth,
  title={{Zeroth-order stochastic variance reduction for nonconvex optimization}},
  author={Liu, Sijia and Kailkhura, Bhavya and Chen, Pin-Yu and Ting, Paishun and Chang, Shiyu and Amini, Lisa},
  journal={Advances in Neural Information Processing Systems},
  volume={31},
  year={2018}
}

@inproceedings{ji2019improved,
  title={{Improved zeroth-order variance reduced algorithms and analysis for nonconvex optimization}},
  author={Ji, Kaiyi and Wang, Zhe and Zhou, Yi and Liang, Yingbin},
  booktitle={International conference on machine learning},
  pages={3100--3109},
  year={2019},
  organization={PMLR}
}




@article{hewer1971iterative,
  title={{An iterative technique for the computation of the steady state gains for the discrete optimal regulator}},
  author={Hewer, Gary},
  journal={IEEE Transactions on Automatic Control},
  volume={16},
  number={4},
  pages={382--384},
  year={1971},
  publisher={IEEE}
}

@article{schweppe1968recursive,
  title={{Recursive state estimation: Unknown but bounded errors and system inputs}},
  author={Schweppe, Fred},
  journal={IEEE Transactions on Automatic Control},
  volume={13},
  number={1},
  pages={22--28},
  year={1968},
  publisher={IEEE}
}

@article{balakrishnan2003semidefinite,
  title={{Semidefinite programming duality and linear time-invariant systems}},
  author={Balakrishnan, Venkataramanan and Vandenberghe, Lieven},
  journal={IEEE Transactions on Automatic Control},
  volume={48},
  number={1},
  pages={30--41},
  year={2003},
  publisher={IEEE}
}

@book{bittanti,
  title={{The Riccati Equation}},
  author={Bittanti, S and Laub, A J and Willems, J C},
  year={2012},
  publisher={Springer-Verlag}
}


@article{hu2023toward,
  title={{Toward a Theoretical Foundation of Policy Optimization for Learning Control Policies}},
  author={Hu, Bin and Zhang, Kaiqing and Li, Na and Mesbahi, Mehran and Fazel, Maryam and Ba{\c{s}}ar, Tamer},
  journal={Annual Review of Control, Robotics, and Autonomous Systems},
  volume={6},
  pages={123--158},
  year={2023},
  publisher={Annual Reviews}
}

@article{wang202model,
  title={{Model-free Learning with Heterogeneous Dynamical Systems: A Federated LQR Approach}},
  author={Wang, Han and Toso, Leonardo F and Mitra, Aritra and Anderson, James},
  journal={arXiv preprint arXiv:2308.11743},
  year={2023}
}

@article{roux2012stochastic,
  title={{A stochastic gradient method with an exponential convergence \_rate for finite training sets}},
  author={Roux, Nicolas and Schmidt, Mark and Bach, Francis},
  journal={Advances in neural information processing systems},
  volume={25},
  year={2012}
}


@article{defazio2014saga,
  title={{SAGA}: A fast incremental gradient method with support for non-strongly convex composite objectives},
  author={Defazio, Aaron and Bach, Francis and Lacoste-Julien, Simon},
  journal={Advances in neural information processing systems},
  volume={27},
  year={2014}
}

@inproceedings{gargiani2022page,
  title={{PAGE-PG}: A simple and loopless variance-reduced policy gradient method with probabilistic gradient estimation},
  author={Gargiani, Matilde and Zanelli, Andrea and Martinelli, Andrea and Summers, Tyler and Lygeros, John},
  booktitle={International Conference on Machine Learning},
  pages={7223--7240},
  year={2022},
  organization={PMLR}
}

@inproceedings{mohammadi2020learning,
  title={{Learning the model-free linear quadratic regulator via random search}},
  author={Mohammadi, Hesameddin and Jovanovic, Mihailo R and Soltanolkotabi, Mahdi},
  booktitle={Learning for Dynamics and Control},
  pages={531--539},
  year={2020},
  organization={PMLR}
}


@article{mohammadi2021convergence,
  title={{Convergence and sample complexity of gradient methods for the model-free linear--quadratic regulator problem}},
  author={Mohammadi, Hesameddin and Zare, Armin and Soltanolkotabi, Mahdi and Jovanovi{\'c}, Mihailo R},
  journal={IEEE Transactions on Automatic Control},
  volume={67},
  number={5},
  pages={2435--2450},
  year={2021},
  publisher={IEEE}
}


@article{khanduri2021stem,
  title={{Stem: A stochastic two-sided momentum algorithm achieving near-optimal sample and communication complexities for federated learning}},
  author={Khanduri, Prashant and Sharma, Pranay and Yang, Haibo and Hong, Mingyi and Liu, Jia and Rajawat, Ketan and Varshney, Pramod},
  journal={Advances in Neural Information Processing Systems},
  volume={34},
  pages={6050--6061},
  year={2021}
}

@article{fang2018spider,
  title={{Spider: Near-optimal non-convex optimization via stochastic path-integrated differential estimator}},
  author={Fang, Cong and Li, Chris Junchi and Lin, Zhouchen and Zhang, Tong},
  journal={Advances in neural information processing systems},
  volume={31},
  year={2018}
}

@article{cheng2023momentum,
  title={{Momentum Benefits Non-IID Federated Learning Simply and Provably}},
  author={Cheng, Ziheng and Huang, Xinmeng and Yuan, Kun},
  journal={arXiv preprint arXiv:2306.16504},
  year={2023}
}



@article{yuan2020stochastic,
  title={{Stochastic recursive momentum for policy gradient methods}},
  author={Yuan, Huizhuo and Lian, Xiangru and Liu, Ji and Zhou, Yuren},
  journal={arXiv preprint arXiv:2003.04302},
  year={2020}
}

@inproceedings{kovalev2020don,
  title={{Don’t jump through hoops and remove those loops: SVRG and Katyusha are better without the outer loop}},
  author={Kovalev, Dmitry and Horv{\'a}th, Samuel and Richt{\'a}rik, Peter},
  booktitle={Algorithmic Learning Theory},
  pages={451--467},
  year={2020},
  organization={PMLR}
}

@inproceedings{li2021page,
  title={{PAGE: A simple and optimal probabilistic gradient estimator for nonconvex optimization}},
  author={Li, Zhize and Bao, Hongyan and Zhang, Xiangliang and Richt{\'a}rik, Peter},
  booktitle={International conference on machine learning},
  pages={6286--6295},
  year={2021},
  organization={PMLR}
}

@article{cutkosky2019momentum,
  title={{Momentum-based variance reduction in non-convex sgd}},
  author={Cutkosky, Ashok and Orabona, Francesco},
  journal={Advances in neural information processing systems},
  volume={32},
  year={2019}
}

@inproceedings{ziemann2022policy,
  title={{How are policy gradient methods affected by the limits of control?}},
  author={Ziemann, Ingvar and Tsiamis, Anastasios and Sandberg, Henrik and Matni, Nikolai},
  booktitle={2022 IEEE 61st Conference on Decision and Control (CDC)},
  pages={5992--5999},
  year={2022},
  organization={IEEE}
}


@inproceedings{mohammadi2020random,
  title={{Random search for learning the linear quadratic regulator}},
  author={Mohammadi, Hesameddin and Soltanolkotabi, Mahdi and Jovanovic, Mihailo R},
  booktitle={2020 American Control Conference (ACC)},
  pages={4798--4803},
  year={2020},
  organization={IEEE}
}

@inproceedings{mohammadi2019global,
  title={{Global exponential convergence of gradient methods over the nonconvex landscape of the linear quadratic regulator}},
  author={Mohammadi, Hesameddin and Zare, Armin and Soltanolkotabi, Mahdi and Jovanovi{\'c}, Mihailo R},
  booktitle={2019 IEEE 58th Conference on Decision and Control (CDC)},
  pages={7474--7479},
  year={2019},
  organization={IEEE}
}


@article{tang2023zeroth,
  title={{Zeroth-order feedback optimization for cooperative multi-agent systems}},
  author={Tang, Yujie and Ren, Zhaolin and Li, Na},
  journal={Automatica},
  volume={148},
  pages={110741},
  year={2023},
  publisher={Elsevier}
}

@inproceedings{schulman2015trust,
  title={{Trust region policy optimization}},
  author={Schulman, John and Levine, Sergey and Abbeel, Pieter and Jordan, Michael and Moritz, Philipp},
  booktitle={International conference on machine learning},
  pages={1889--1897},
  year={2015},
  organization={PMLR}
}

@article{schulman2017proximal,
  title={{Proximal policy optimization algorithms}},
  author={Schulman, John and Wolski, Filip and Dhariwal, Prafulla and Radford, Alec and Klimov, Oleg},
  journal={arXiv preprint arXiv:1707.06347},
  year={2017}
}

@article{perdomo2021stabilizing,
  title={{Stabilizing dynamical systems via policy gradient methods}},
  author={Perdomo, Juan and Umenberger, Jack and Simchowitz, Max},
  journal={Advances in neural information processing systems},
  volume={34},
  pages={29274--29286},
  year={2021}
}

@book{spall2005introduction,
  title={{Introduction to stochastic search and optimization: estimation, simulation, and control}},
  author={Spall, James C},
  year={2005},
  publisher={John Wiley \& Sons}
}

@inproceedings{chen2017zoo,
  title={{Zoo: Zeroth order optimization based black-box attacks to deep neural networks without training substitute models}},
  author={Chen, Pin-Yu and Zhang, Huan and Sharma, Yash and Yi, Jinfeng and Hsieh, Cho-Jui},
  booktitle={Proceedings of the 10th ACM workshop on artificial intelligence and security},
  pages={15--26},
  year={2017}
}

@article{liu2020primer,
  title={{A primer on zeroth-order optimization in signal processing and machine learning: Principals, recent advances, and applications}},
  author={Liu, Sijia and Chen, Pin-Yu and Kailkhura, Bhavya and Zhang, Gaoyuan and Hero III, Alfred O and Varshney, Pramod K},
  journal={IEEE Signal Processing Magazine},
  volume={37},
  number={5},
  pages={43--54},
  year={2020},
  publisher={IEEE}
}

@article{xu2019sample,
  title={{Sample efficient policy gradient methods with recursive variance reduction}},
  author={Xu, Pan and Gao, Felicia and Gu, Quanquan},
  journal={arXiv preprint arXiv:1909.08610},
  year={2019}
}


@article{gao2018information,
  title={{On the information-adaptive variants of the ADMM: an iteration complexity perspective}},
  author={Gao, Xiang and Jiang, Bo and Zhang, Shuzhong},
  journal={Journal of Scientific Computing},
  volume={76},
  pages={327--363},
  year={2018},
  publisher={Springer}
}

@article{peters2008reinforcement,
  title={{Reinforcement learning of motor skills with policy gradients}},
  author={Peters, Jan and Schaal, Stefan},
  journal={Neural networks},
  volume={21},
  number={4},
  pages={682--697},
  year={2008},
  publisher={Elsevier}
}


@article{ozaslan2022computing,
  title={{Computing stabilizing feedback gains via a model-free policy gradient method}},
  author={Ozaslan, Ibrahim K and Mohammadi, Hesameddin and Jovanovi{\'c}, Mihailo R},
  journal={IEEE Control Systems Letters},
  volume={7},
  pages={407--412},
  year={2022},
  publisher={IEEE}
}

@inproceedings{stein1972bound,
  title={{A bound for the error in the normal approximation to the distribution of a sum of dependent random variables}},
  author={Stein, Charles},
  booktitle={Proceedings of the Sixth Berkeley Symposium on Mathematical Statistics and Probability, Volume 2: Probability Theory},
  volume={6},
  pages={583--603},
  year={1972},
  organization={University of California Press}
}

@article{nesterov2017random,
  title={{Random gradient-free minimization of convex functions}},
  author={Nesterov, Yurii and Spokoiny, Vladimir},
  journal={Foundations of Computational Mathematics},
  volume={17},
  pages={527--566},
  year={2017},
  publisher={Springer}
}

@inproceedings{finn2017model,
  title={{Model-agnostic meta-learning for fast adaptation of deep networks}},
  author={Finn, Chelsea and Abbeel, Pieter and Levine, Sergey},
  booktitle={International conference on machine learning},
  pages={1126--1135},
  year={2017},
  organization={PMLR}
}

@article{wang2016learning,
  title={{Learning to reinforcement learn}},
  author={Wang, Jane X and Kurth-Nelson, Zeb and Tirumala, Dhruva and Soyer, Hubert and Leibo, Joel Z and Munos, Remi and Blundell, Charles and Kumaran, Dharshan and Botvinick, Matt},
  journal={arXiv preprint arXiv:1611.05763},
  year={2016}
}

@article{duan2016rl,
  title={{$RL^2$: Fast reinforcement learning via slow reinforcement learning}},
  author={Duan, Yan and Schulman, John and Chen, Xi and Bartlett, Peter L and Sutskever, Ilya and Abbeel, Pieter},
  journal={arXiv preprint arXiv:1611.02779},
  year={2016}
}


@article{rothfuss2018promp,
  title={{Promp: Proximal meta-policy search}},
  author={Rothfuss, Jonas and Lee, Dennis and Clavera, Ignasi and Asfour, Tamim and Abbeel, Pieter},
  journal={arXiv preprint arXiv:1810.06784},
  year={2018}
}


@article{al2017continuous,
  title={{Continuous adaptation via meta-learning in nonstationary and competitive environments}},
  author={Al-Shedivat, Maruan and Bansal, Trapit and Burda, Yuri and Sutskever, Ilya and Mordatch, Igor and Abbeel, Pieter},
  journal={arXiv preprint arXiv:1710.03641},
  year={2017}
}

@article{behl2019alpha,
  title={{Alpha maml: Adaptive model-agnostic meta-learning}},
  author={Behl, Harkirat Singh and Baydin, At{\i}l{\i}m G{\"u}ne{\c{s}} and Torr, Philip HS},
  journal={arXiv preprint arXiv:1905.07435},
  year={2019}
}

@article{nagabandi2018learning,
  title={{Learning to adapt in dynamic, real-world environments through meta-reinforcement learning}},
  author={Nagabandi, Anusha and Clavera, Ignasi and Liu, Simin and Fearing, Ronald S and Abbeel, Pieter and Levine, Sergey and Finn, Chelsea},
  journal={arXiv preprint arXiv:1803.11347},
  year={2018}
}

@inproceedings{fallah2020convergence,
  title={{On the convergence theory of gradient-based model-agnostic meta-learning algorithms}},
  author={Fallah, Alireza and Mokhtari, Aryan and Ozdaglar, Asuman},
  booktitle={International Conference on Artificial Intelligence and Statistics},
  pages={1082--1092},
  year={2020},
  organization={PMLR}
}

@article{johnson2011safe,
  title={{Safe flocking in spite of actuator faults using directional failure detectors}},
  author={Johnson, Taylor T and Mitra, Sayan},
  journal={Journal of Nonlinear Systems and Applications},
  volume={2},
  number={1-2},
  pages={73--95},
  year={2011}
}

@inproceedings{abbas2022sharp,
  title={{Sharp-maml: Sharpness-aware model-agnostic meta learning}},
  author={Abbas, Momin and Xiao, Quan and Chen, Lisha and Chen, Pin-Yu and Chen, Tianyi},
  booktitle={International conference on machine learning},
  pages={10--32},
  year={2022},
  organization={PMLR}
}

@article{fallah2021convergence,
  title={{On the convergence theory of debiased model-agnostic meta-reinforcement learning}},
  author={Fallah, Alireza and Georgiev, Kristian and Mokhtari, Aryan and Ozdaglar, Asuman},
  journal={Advances in Neural Information Processing Systems},
  volume={34},
  pages={3096--3107},
  year={2021}
}

@inproceedings{wang2023fedsysid,
  title={{Fedsysid: A federated approach to sample-efficient system identification}},
  author={Wang, Han and Toso, Leonardo F. and Anderson, James},
  booktitle={Learning for Dynamics and Control Conference},
  pages={1308--1320},
  year={2023},
  organization={PMLR}
}



@inproceedings{toso2023learning,
  title={Learning personalized models with clustered system identification},
  author={Toso, Leonardo F and Wang, Han and Anderson, James},
  booktitle={2023 62nd IEEE Conference on Decision and Control (CDC)},
  pages={7162--7169},
  year={2023},
  organization={IEEE}
}




@article{chen2023multi,
  title={{Multi-Task System Identification of Similar Linear Time-Invariant Dynamical Systems}},
  author={Chen, Yiting and Ospina, Ana M and Pasqualetti, Fabio and Dall'Anese, Emiliano},
  journal={arXiv preprint arXiv:2301.01430},
  year={2023}
}

@article{zhang2023meta,
  title={{Meta-Learning Operators to Optimality from Multi-Task Non-IID Data}},
  author={Zhang, Thomas TCK and Toso, Leonardo F and Anderson, James and Matni, Nikolai},
  journal={arXiv preprint arXiv:2308.04428},
  year={2023}
}


@article{wang2023fleet,
  title={{Fleet Policy Learning via Weight Merging and An Application to Robotic Tool-Use}},
  author={Wang, Lirui and Zhang, Kaiqing and Zhou, Allan and Simchowitz, Max and Tedrake, Russ},
  journal={arXiv preprint arXiv:2310.01362},
  year={2023}
}


@article{beck2023survey,
  title={A survey of meta-reinforcement learning},
  author={Beck, Jacob and Vuorio, Risto and Liu, Evan Zheran and Xiong, Zheng and Zintgraf, Luisa and Finn, Chelsea and Whiteson, Shimon},
  journal={arXiv preprint arXiv:2301.08028},
  year={2023}
}

@article{toso2023maml,
    title={{Meta-Learning Linear Quadratic Regulators:
A Policy Gradient MAML Approach for the Model-free LQR}},
    author={Toso, Leonardo F. and Zang, Donglin and Anderson, James and Wang, Han},
  url={https://github.com/jd-anderson/MAML-LQR/blob/main/MAML_LQR_technical_report.pdf},
  year={2023}
}


@article{flaxman2004online,
  title={Online convex optimization in the bandit setting: gradient descent without a gradient},
  author={Flaxman, Abraham D and Kalai, Adam Tauman and McMahan, H Brendan},
  journal={arXiv preprint cs/0408007},
  year={2004}
}




@article{zhao24stabilizing,
  author={Zhao, Feiran and Fu, Xingyun and You, Keyou},
  journal={IEEE Transactions on Automatic Control}, 
  title={Convergence and Sample Complexity of Policy Gradient Methods for Stabilizing Linear Systems}, 
  year={2024},
  pages={1-12},}

@inproceedings{lamperski2020computing,
  title={Computing stabilizing linear controllers via policy iteration},
  author={Lamperski, Andrew},
  booktitle={2020 59th IEEE Conference on Decision and Control (CDC)},
  pages={1902--1907},
  year={2020},
  organization={IEEE}
}


@article{toso2024asynchronous,
  title={{Asynchronous Heterogeneous Linear Quadratic Regulator Design}},
  author={Toso, Leonardo F and Wang, Han and Anderson, James},
  journal={arXiv preprint arXiv:2404.09061},
  year={2024}
}

@article{stich2018local,
  title={Local {SGD} converges fast and communicates little},
  author={Stich, Sebastian U},
  journal={arXiv preprint arXiv:1805.09767},
  year={2018}
}

@article{li2019convergence,
  title={On the convergence of fedavg on non-iid data},
  author={Li, Xiang and Huang, Kaixuan and Yang, Wenhao and Wang, Shusen and Zhang, Zhihua},
  journal={arXiv preprint arXiv:1907.02189},
  year={2019}
}

@article{salimans2017evolution,
  title={Evolution strategies as a scalable alternative to reinforcement learning},
  author={Salimans, Tim and Ho, Jonathan and Chen, Xi and Sidor, Szymon and Sutskever, Ilya},
  journal={arXiv preprint arXiv:1703.03864},
  year={2017}
}


@inproceedings{song2020rapidly,
  title={Rapidly adaptable legged robots via evolutionary meta-learning},
  author={Song, Xingyou and Yang, Yuxiang and Choromanski, Krzysztof and Caluwaerts, Ken and Gao, Wenbo and Finn, Chelsea and Tan, Jie},
  booktitle={2020 IEEE/RSJ International Conference on Intelligent Robots and Systems (IROS)},
  pages={3769--3776},
  year={2020},
  organization={IEEE}
}


@InProceedings{zhan2024data,
    author    = {Zhan, Donglin and Anderson, James},
    title     = {Data-Efficient and Robust Task Selection for Meta-Learning},
    booktitle = {Proceedings of the IEEE/CVF Conference on Computer Vision and Pattern Recognition (CVPR) Workshops},
    month     = {June},
    year      = {2024},
    pages     = {8056-8065}
}


@article{yu2017preparing,
  title={Preparing for the unknown: Learning a universal policy with online system identification},
  author={Yu, Wenhao and Tan, Jie and Liu, C Karen and Turk, Greg},
  journal={arXiv preprint arXiv:1702.02453},
  year={2017}
}

@inproceedings{arndt2020meta,
  title={Meta reinforcement learning for sim-to-real domain adaptation},
  author={Arndt, Karol and Hazara, Murtaza and Ghadirzadeh, Ali and Kyrki, Ville},
  booktitle={2020 IEEE international conference on robotics and automation (ICRA)},
  pages={2725--2731},
  year={2020},
  organization={IEEE}
}


@inproceedings{ghadirzadeh2021bayesian,
  title={Bayesian meta-learning for few-shot policy adaptation across robotic platforms},
  author={Ghadirzadeh, Ali and Chen, Xi and Poklukar, Petra and Finn, Chelsea and Bj{\"o}rkman, M{\aa}rten and Kragic, Danica},
  booktitle={2021 IEEE/RSJ International Conference on Intelligent Robots and Systems (IROS)},
  pages={1274--1280},
  year={2021},
  organization={IEEE}
}

@article{yu2020learning,
  title={Learning fast adaptation with meta strategy optimization},
  author={Yu, Wenhao and Tan, Jie and Bai, Yunfei and Coumans, Erwin and Ha, Sehoon},
  journal={IEEE Robotics and Automation Letters},
  volume={5},
  number={2},
  pages={2950--2957},
  year={2020},
  publisher={IEEE}
}

@article{shin2023task,
  title={On Task-Relevant Loss Functions in Meta-Reinforcement Learning and Online {LQR}},
  author={Shin, Jaeuk and Kim, Giho and Lee, Howon and Han, Joonho and Yang, Insoon},
  journal={arXiv preprint arXiv:2312.05465},
  year={2023}
}


@inproceedings{lee2024nonasymptotic,
  title={Nonasymptotic regret analysis of adaptive linear quadratic control with model misspecification},
  author={Lee, Bruce and Rantzer, Anders and Matni, Nikolai},
  booktitle={6th Annual Learning for Dynamics \& Control Conference},
  pages={980--992},
  year={2024},
  organization={PMLR}
}


@article{lee2024regret,
  title={Regret Analysis of Multi-task Representation Learning for Linear-Quadratic Adaptive Control},
  author={Lee, Bruce D and Toso, Leonardo F and Zhang, Thomas T and Anderson, James and Matni, Nikolai},
  journal={arXiv preprint arXiv:2407.05781},
  year={2024}
}

@article{aravind2024moreau,
  title={A {M}oreau Envelope Approach for {LQR} Meta-Policy Estimation},
  author={Aravind, Ashwin and Toghani, Mohammad Taha and Uribe, C{\'e}sar A},
  journal={arXiv preprint arXiv:2403.17364},
  year={2024}
}

@article{pan2024model,
  title={Model-Agnostic Zeroth-Order Policy Optimization for Meta-Learning of Ergodic Linear Quadratic Regulators},
  author={Pan, Yunian and Zhu, Quanyan},
  journal={arXiv preprint arXiv:2405.17370},
  year={2024}
}


@article{towers2024gymnasium,
  title={Gymnasium: A standard interface for reinforcement learning environments},
  author={Towers, Mark and Kwiatkowski, Ariel and Terry, Jordan and Balis, John U and De Cola, Gianluca and Deleu, Tristan and Goulao, Manuel and Kallinteris, Andreas and Krimmel, Markus and KG, Arjun and others},
  journal={arXiv preprint arXiv:2407.17032},
  year={2024}
}


@article{zhan2024coreset,
    title={{Coreset-Based Task Selection for Sample-Efficient Meta-Reinforcement Learning}},
    author={Zang, Donglin and Toso, Leonardo F. and Anderson, James},
  url={https://github.com/jd-anderson/Coreset-meta-RL/blob/main/Coreset-based%20Meta-RL%20-%20technical%20report.pdf},
  year={2024}
}



@article{toso24maml,
  title = 	 {Meta-learning linear quadratic regulators: {A} policy gradient {MAML} approach for model-free {LQR}},
  author =       {Toso, Leonardo Felipe and Zhan, Donglin and Anderson, James and Wang, Han},
  journal = 	 {Proceedings of the 6th Annual Learning for Dynamics \& Control Conference},
  pages = 	 {902--915},
  year = 	 {2024},
  editor = 	 {Abate, Alessandro and Cannon, Mark and Margellos, Kostas and Papachristodoulou, Antonis},
  volume = 	 {242},
  series = 	 {Proceedings of Machine Learning Research},
  month = 	 {15--17 Jul},
  publisher =    {PMLR},
}

@inproceedings{toso2024meta,
  title={{Meta-learning linear quadratic regulators: a policy gradient MAML approach for model-free LQR}},
  author={Toso, Leonardo Felipe and Zhan, Donglin and Anderson, James and Wang, Han},
  booktitle={6th Annual Learning for Dynamics \& Control Conference},
  pages={902--915},
  year={2024},
  organization={PMLR}
}