@article{aravind2024moreau,
  title={A {M}oreau Envelope Approach for {LQR} Meta-Policy Estimation},
  author={Aravind, Ashwin and Toghani, Mohammad Taha and Uribe, C{\'e}sar A},
  journal={arXiv preprint arXiv:2403.17364},
  year={2024}
}

@inproceedings{arndt2020meta,
  title={Meta reinforcement learning for sim-to-real domain adaptation},
  author={Arndt, Karol and Hazara, Murtaza and Ghadirzadeh, Ali and Kyrki, Ville},
  booktitle={2020 IEEE international conference on robotics and automation (ICRA)},
  pages={2725--2731},
  year={2020},
  organization={IEEE}
}

@inproceedings{fazel2018global,
  title={{Global convergence of policy gradient methods for the linear quadratic regulator}},
  author={Fazel, Maryam and Ge, Rong and Kakade, Sham and Mesbahi, Mehran},
  booktitle={International conference on machine learning},
  pages={1467--1476},
  year={2018},
  organization={PMLR}
}

@inproceedings{ghadirzadeh2021bayesian,
  title={Bayesian meta-learning for few-shot policy adaptation across robotic platforms},
  author={Ghadirzadeh, Ali and Chen, Xi and Poklukar, Petra and Finn, Chelsea and Bj{\"o}rkman, M{\aa}rten and Kragic, Danica},
  booktitle={2021 IEEE/RSJ International Conference on Intelligent Robots and Systems (IROS)},
  pages={1274--1280},
  year={2021},
  organization={IEEE}
}

@inproceedings{killamsetty2021grad,
  title={Grad-match: Gradient matching based data subset selection for efficient deep model training},
  author={Killamsetty, Krishnateja and Ramakrishnan, Ganesh and De, Abir and Iyer, Rishabh},
  booktitle={International Conference on Machine Learning},
  pages={5464--5474},
  year={2021},
  organization={PMLR}
}

@inproceedings{lee2024nonasymptotic,
  title={Nonasymptotic regret analysis of adaptive linear quadratic control with model misspecification},
  author={Lee, Bruce and Rantzer, Anders and Matni, Nikolai},
  booktitle={6th Annual Learning for Dynamics \& Control Conference},
  pages={980--992},
  year={2024},
  organization={PMLR}
}

@article{lee2024regret,
  title={Regret Analysis of Multi-task Representation Learning for Linear-Quadratic Adaptive Control},
  author={Lee, Bruce D and Toso, Leonardo F and Zhang, Thomas T and Anderson, James and Matni, Nikolai},
  journal={arXiv preprint arXiv:2407.05781},
  year={2024}
}

@article{luna2020information,
  title={Information-theoretic task selection for meta-reinforcement learning},
  author={Luna Gutierrez, Ricardo and Leonetti, Matteo},
  journal={Advances in Neural Information Processing Systems},
  volume={33},
  pages={20532--20542},
  year={2020}
}

@inproceedings{mirzasoleiman2020coresets1,
  title={Coresets for data-efficient training of machine learning models},
  author={Mirzasoleiman, Baharan and Bilmes, Jeff and Leskovec, Jure},
  booktitle={International Conference on Machine Learning},
  pages={6950--6960},
  year={2020},
  organization={PMLR}
}

@inproceedings{molybog2021does,
  title={{When does maml objective have benign landscape?}},
  author={Molybog, Igor and Lavaei, Javad},
  booktitle={2021 IEEE Conference on Control Technology and Applications (CCTA)},
  pages={220--227},
  year={2021},
  organization={IEEE}
}

@article{musavi2023convergence,
  title={{Convergence of Gradient-based MAML in LQR}},
  author={Musavi, Negin and Dullerud, Geir E},
  journal={arXiv preprint arXiv:2309.06588},
  year={2023}
}

@article{pan2024model,
  title={Model-Agnostic Zeroth-Order Policy Optimization for Meta-Learning of Ergodic Linear Quadratic Regulators},
  author={Pan, Yunian and Zhu, Quanyan},
  journal={arXiv preprint arXiv:2405.17370},
  year={2024}
}

@inproceedings{pooladzandi2022adaptive,
  title={Adaptive second order coresets for data-efficient machine learning},
  author={Pooladzandi, Omead and Davini, David and Mirzasoleiman, Baharan},
  booktitle={International Conference on Machine Learning},
  pages={17848--17869},
  year={2022},
  organization={PMLR}
}

@article{shin2023task,
  title={On Task-Relevant Loss Functions in Meta-Reinforcement Learning and Online {LQR}},
  author={Shin, Jaeuk and Kim, Giho and Lee, Howon and Han, Joonho and Yang, Insoon},
  journal={arXiv preprint arXiv:2312.05465},
  year={2023}
}

@article{song2019maml,
  title={{ES-MAML}: Simple {H}essian-free meta learning},
  author={Song, Xingyou and Gao, Wenbo and Yang, Yuxiang and Choromanski, Krzysztof and Pacchiano, Aldo and Tang, Yunhao},
  journal={arXiv preprint arXiv:1910.01215},
  year={2019}
}

@inproceedings{song2020rapidly,
  title={Rapidly adaptable legged robots via evolutionary meta-learning},
  author={Song, Xingyou and Yang, Yuxiang and Choromanski, Krzysztof and Caluwaerts, Ken and Gao, Wenbo and Finn, Chelsea and Tan, Jie},
  booktitle={2020 IEEE/RSJ International Conference on Intelligent Robots and Systems (IROS)},
  pages={3769--3776},
  year={2020},
  organization={IEEE}
}

@article{tang2023zeroth,
  title={{Zeroth-order feedback optimization for cooperative multi-agent systems}},
  author={Tang, Yujie and Ren, Zhaolin and Li, Na},
  journal={Automatica},
  volume={148},
  pages={110741},
  year={2023},
  publisher={Elsevier}
}

@article{toso2024asynchronous,
  title={{Asynchronous Heterogeneous Linear Quadratic Regulator Design}},
  author={Toso, Leonardo F and Wang, Han and Anderson, James},
  journal={arXiv preprint arXiv:2404.09061},
  year={2024}
}

@inproceedings{toso2024meta,
  title={{Meta-learning linear quadratic regulators: a policy gradient MAML approach for model-free LQR}},
  author={Toso, Leonardo Felipe and Zhan, Donglin and Anderson, James and Wang, Han},
  booktitle={6th Annual Learning for Dynamics \& Control Conference},
  pages={902--915},
  year={2024},
  organization={PMLR}
}

@article{wang2023model,
  title={{Model-free Learning with Heterogeneous Dynamical Systems: A Federated LQR Approach}},
  author={Wang, Han and Toso, Leonardo F. and Mitra, Aritra and Anderson, James},
  journal={arXiv preprint arXiv:2308.11743},
  year={2023}
}

@article{yang2023towards,
  title={Towards Sustainable Learning: Coresets for Data-efficient Deep Learning},
  author={Yang, Yu and Kang, Hao and Mirzasoleiman, Baharan},
  journal={arXiv preprint arXiv:2306.01244},
  year={2023}
}

@article{yu2017preparing,
  title={Preparing for the unknown: Learning a universal policy with online system identification},
  author={Yu, Wenhao and Tan, Jie and Liu, C Karen and Turk, Greg},
  journal={arXiv preprint arXiv:1702.02453},
  year={2017}
}

@article{yu2020learning,
  title={Learning fast adaptation with meta strategy optimization},
  author={Yu, Wenhao and Tan, Jie and Bai, Yunfei and Coumans, Erwin and Ha, Sehoon},
  journal={IEEE Robotics and Automation Letters},
  volume={5},
  number={2},
  pages={2950--2957},
  year={2020},
  publisher={IEEE}
}

@InProceedings{zhan2024data,
    author    = {Zhan, Donglin and Anderson, James},
    title     = {Data-Efficient and Robust Task Selection for Meta-Learning},
    booktitle = {Proceedings of the IEEE/CVF Conference on Computer Vision and Pattern Recognition (CVPR) Workshops},
    month     = {June},
    year      = {2024},
    pages     = {8056-8065}
}

@inproceedings{zhang2023multi,
  title={{Multi-task imitation learning for linear dynamical systems}},
  author={Zhang, Thomas T and Kang, Katie and Lee, Bruce D and Tomlin, Claire and Levine, Sergey and Tu, Stephen and Matni, Nikolai},
  booktitle={Learning for Dynamics and Control Conference},
  pages={586--599},
  year={2023},
  organization={PMLR}
}

