% Use this file for citations not found in the ACL Anthology (contained in "anthology.bib").



@inproceedings{lecuyer2019certified,
  title={Certified robustness to adversarial examples with differential privacy},
  author={Lecuyer, Mathias and Atlidakis, Vaggelis and Geambasu, Roxana and Hsu, Daniel and Jana, Suman},
  booktitle={2019 IEEE symposium on security and privacy (SP)},
  pages={656--672},
  year={2019},
  organization={IEEE}
}

@inproceedings{Pang2019ImprovingAR,
  title={Improving Adversarial Robustness via Promoting Ensemble Diversity},
  author={Tianyu Pang and Kun Xu and Chao Du and Ning Chen and Jun Zhu},
  booktitle={International Conference on Machine Learning},
  year={2019},
  url={https://api.semanticscholar.org/CorpusID:59291958}
}

@article{sprague2024cot,
  title={To CoT or not to CoT? Chain-of-thought helps mainly on math and symbolic reasoning},
  author={Sprague, Zayne and Yin, Fangcong and Rodriguez, Juan Diego and Jiang, Dongwei and Wadhwa, Manya and Singhal, Prasann and Zhao, Xinyu and Ye, Xi and Mahowald, Kyle and Durrett, Greg},
  journal={arXiv preprint arXiv:2409.12183},
  year={2024}
}

@article{zhou2024lima,
  title={Lima: Less is more for alignment},
  author={Zhou, Chunting and Liu, Pengfei and Xu, Puxin and Iyer, Srinivasan and Sun, Jiao and Mao, Yuning and Ma, Xuezhe and Efrat, Avia and Yu, Ping and Yu, Lili and others},
  journal={Advances in Neural Information Processing Systems},
  volume={36},
  year={2024}
}

@article{shen2024rethinking,
  title={Rethinking Data Selection for Supervised Fine-Tuning},
  author={Shen, Ming},
  journal={arXiv preprint arXiv:2402.06094},
  year={2024}
}

@inproceedings{
liu2024what,
title={What Makes Good Data for Alignment? A Comprehensive Study of Automatic Data Selection in Instruction Tuning},
author={Wei Liu and Weihao Zeng and Keqing He and Yong Jiang and Junxian He},
booktitle={The Twelfth International Conference on Learning Representations},
year={2024},
url={https://openreview.net/forum?id=BTKAeLqLMw}
}

@article{openai2022openai,
  title={OpenAI: Introducing ChatGPT},
  author={OpenAI, Openai},
  journal={URL https://openai. com/blog/chatgpt},
  year={2022}
}

@article{achiam2023gpt,
  title={Gpt-4 technical report},
  author={Achiam, Josh and Adler, Steven and Agarwal, Sandhini and Ahmad, Lama and Akkaya, Ilge and Aleman, Florencia Leoni and Almeida, Diogo and Altenschmidt, Janko and Altman, Sam and Anadkat, Shyamal and others},
  journal={arXiv preprint arXiv:2303.08774},
  year={2023}
}

@article{sun2024principle,
  title={Principle-driven self-alignment of language models from scratch with minimal human supervision},
  author={Sun, Zhiqing and Shen, Yikang and Zhou, Qinhong and Zhang, Hongxin and Chen, Zhenfang and Cox, David and Yang, Yiming and Gan, Chuang},
  journal={Advances in Neural Information Processing Systems},
  volume={36},
  year={2024}
}

@article{pruthi2020estimating,
  title={Estimating training data influence by tracing gradient descent},
  author={Pruthi, Garima and Liu, Frederick and Kale, Satyen and Sundararajan, Mukund},
  journal={Advances in Neural Information Processing Systems},
  volume={33},
  pages={19920--19930},
  year={2020}
}

@inproceedings{xialess,
  title={LESS: Selecting Influential Data for Targeted Instruction Tuning},
  author={Xia, Mengzhou and Malladi, Sadhika and Gururangan, Suchin and Arora, Sanjeev and Chen, Danqi},
  booktitle={Forty-first International Conference on Machine Learning},
year={2024}
}

@inproceedings{wang2023self,
  title={Self-Instruct: Aligning Language Models with Self-Generated Instructions},
  author={Wang, Yizhong and Kordi, Yeganeh and Mishra, Swaroop and Liu, Alisa and Smith, Noah A and Khashabi, Daniel and Hajishirzi, Hannaneh},
  booktitle={The 61st Annual Meeting Of The Association For Computational Linguistics},
  year={2023}
}

@article{ouyang2022training,
  title={Training language models to follow instructions with human feedback},
  author={Ouyang, Long and Wu, Jeffrey and Jiang, Xu and Almeida, Diogo and Wainwright, Carroll and Mishkin, Pamela and Zhang, Chong and Agarwal, Sandhini and Slama, Katarina and Ray, Alex and others},
  journal={Advances in neural information processing systems},
  volume={35},
  pages={27730--27744},
  year={2022}
}

@article{zhang2023instruction,
  title={Instruction tuning for large language models: A survey},
  author={Zhang, Shengyu and Dong, Linfeng and Li, Xiaoya and Zhang, Sen and Sun, Xiaofei and Wang, Shuhe and Li, Jiwei and Hu, Runyi and Zhang, Tianwei and Wu, Fei and others},
  journal={arXiv preprint arXiv:2308.10792},
  year={2023}
}

@inproceedings{weber2024donkii,
  title={DONKII: Characterizing and Detecting Errors in Instruction-Tuning Datasets},
  author={Weber, Leon and Litschko, Robert and Artemova, Ekaterina and Plank, Barbara},
  booktitle={Proceedings of The 18th Linguistic Annotation Workshop (LAW-XVIII)},
  pages={197--215},
  year={2024}
}

@inproceedings{wang2023noise,
  title={Noise-Robust Fine-Tuning of Pretrained Language Models via External Guidance},
  author={Wang, Song and Tan, Zhen and Guo, Ruocheng and Li, Jundong},
  booktitle={Findings of the Association for Computational Linguistics: EMNLP 2023},
  pages={12528--12540},
  year={2023}
}

@inproceedings{liumakes,
  title={What Makes Good Data for Alignment? A Comprehensive Study of Automatic Data Selection in Instruction Tuning},
  author={Liu, Wei and Zeng, Weihao and He, Keqing and Jiang, Yong and He, Junxian},
  booktitle={The Twelfth International Conference on Learning Representations}
}

@article{wu2024thinking,
  title={Thinking LLMs: General Instruction Following with Thought Generation},
  author={Wu, Tianhao and Lan, Janice and Yuan, Weizhe and Jiao, Jiantao and Weston, Jason and Sukhbaatar, Sainbayar},
  journal={arXiv preprint arXiv:2410.10630},
  year={2024}
}

@inproceedings{han2023understanding,
  title={Understanding In-Context Learning via Supportive Pretraining Data},
  author={Han, Xiaochuang and Simig, Daniel and Mihaylov, Todor and Tsvetkov, Yulia and Celikyilmaz, Asli and Wang, Tianlu},
  booktitle={The 61st Annual Meeting Of The Association For Computational Linguistics},
  year={2023}
}

@inproceedings{engstromdsdm,
  title={DsDm: Model-Aware Dataset Selection with Datamodels},
  author={Engstrom, Logan},
  booktitle={Forty-first International Conference on Machine Learning}
}

@article{feldman2020neural,
  title={What neural networks memorize and why: Discovering the long tail via influence estimation},
  author={Feldman, Vitaly and Zhang, Chiyuan},
  journal={Advances in Neural Information Processing Systems},
  volume={33},
  pages={2881--2891},
  year={2020}
}

@article{madsen2022post,
  title={Post-hoc interpretability for neural nlp: A survey},
  author={Madsen, Andreas and Reddy, Siva and Chandar, Sarath},
  journal={ACM Computing Surveys},
  volume={55},
  number={8},
  pages={1--42},
  year={2022},
  publisher={ACM New York, NY}
}

@article{yang2024qwen2,
  title={Qwen2 technical report},
  author={Yang, An and Yang, Baosong and Hui, Binyuan and Zheng, Bo and Yu, Bowen and Zhou, Chang and Li, Chengpeng and Li, Chengyuan and Liu, Dayiheng and Huang, Fei and others},
  journal={arXiv preprint arXiv:2407.10671},
  year={2024}
}

@article{touvron2023llama,
  title={Llama 2: Open foundation and fine-tuned chat models},
  author={Touvron, Hugo and Martin, Louis and Stone, Kevin and Albert, Peter and Almahairi, Amjad and Babaei, Yasmine and Bashlykov, Nikolay and Batra, Soumya and Bhargava, Prajjwal and Bhosale, Shruti and others},
  journal={arXiv preprint arXiv:2307.09288},
  year={2023}
}

@article{hu2021lora,
  title={Lora: Low-rank adaptation of large language models},
  author={Hu, Edward J and Shen, Yelong and Wallis, Phillip and Allen-Zhu, Zeyuan and Li, Yuanzhi and Wang, Shean and Wang, Lu and Chen, Weizhu},
  journal={arXiv preprint arXiv:2106.09685},
  year={2021}
}

@article{wei2022chain,
  title={Chain-of-thought prompting elicits reasoning in large language models},
  author={Wei, Jason and Wang, Xuezhi and Schuurmans, Dale and Bosma, Maarten and Xia, Fei and Chi, Ed and Le, Quoc V and Zhou, Denny and others},
  journal={Advances in neural information processing systems},
  volume={35},
  pages={24824--24837},
  year={2022}
}

@article{ekin2023prompt,
  title={Prompt engineering for ChatGPT: a quick guide to techniques, tips, and best practices},
  author={Ekin, Sabit},
  journal={Authorea Preprints},
  year={2023},
  publisher={Authorea}
}

@article{white2023prompt,
  title={A prompt pattern catalog to enhance prompt engineering with chatgpt},
  author={White, Jules and Fu, Quchen and Hays, Sam and Sandborn, Michael and Olea, Carlos and Gilbert, Henry and Elnashar, Ashraf and Spencer-Smith, Jesse and Schmidt, Douglas C},
  journal={arXiv preprint arXiv:2302.11382},
  year={2023}
}

@misc{wenxinyiyan,
    author = "Baidu",
    title = "文心一言",
    howpublished = "https://yiyan.baidu.com/",
    year = "2023" 
}

@article{cui2023efficient,
  title={Efficient and effective text encoding for chinese llama and alpaca},
  author={Cui, Yiming and Yang, Ziqing and Yao, Xin},
  journal={arXiv preprint arXiv:2304.08177},
  year={2023}
}

@article{ding2024mitigating,
  title={Mitigating Tail Narrowing in LLM Self-Improvement via Socratic-Guided Sampling},
  author={Ding, Yiwen and Xi, Zhiheng and He, Wei and Li, Zhuoyuan and Zhai, Yitao and Shi, Xiaowei and Cai, Xunliang and Gui, Tao and Zhang, Qi and Huang, Xuanjing},
  journal={arXiv e-prints},
  pages={arXiv--2411},
  year={2024}
}