@article{ding2024mitigating,
  title={Mitigating Tail Narrowing in LLM Self-Improvement via Socratic-Guided Sampling},
  author={Ding, Yiwen and Xi, Zhiheng and He, Wei and Li, Zhuoyuan and Zhai, Yitao and Shi, Xiaowei and Cai, Xunliang and Gui, Tao and Zhang, Qi and Huang, Xuanjing},
  journal={arXiv e-prints},
  pages={arXiv--2411},
  year={2024}
}

@inproceedings{engstromdsdm,
  title={DsDm: Model-Aware Dataset Selection with Datamodels},
  author={Engstrom, Logan},
  booktitle={Forty-first International Conference on Machine Learning}
}

@article{feldman2020neural,
  title={What neural networks memorize and why: Discovering the long tail via influence estimation},
  author={Feldman, Vitaly and Zhang, Chiyuan},
  journal={Advances in Neural Information Processing Systems},
  volume={33},
  pages={2881--2891},
  year={2020}
}

@inproceedings{han2023understanding,
  title={Understanding In-Context Learning via Supportive Pretraining Data},
  author={Han, Xiaochuang and Simig, Daniel and Mihaylov, Todor and Tsvetkov, Yulia and Celikyilmaz, Asli and Wang, Tianlu},
  booktitle={The 61st Annual Meeting Of The Association For Computational Linguistics},
  year={2023}
}

@inproceedings{liumakes,
  title={What Makes Good Data for Alignment? A Comprehensive Study of Automatic Data Selection in Instruction Tuning},
  author={Liu, Wei and Zeng, Weihao and He, Keqing and Jiang, Yong and He, Junxian},
  booktitle={The Twelfth International Conference on Learning Representations}
}

@article{madsen2022post,
  title={Post-hoc interpretability for neural nlp: A survey},
  author={Madsen, Andreas and Reddy, Siva and Chandar, Sarath},
  journal={ACM Computing Surveys},
  volume={55},
  number={8},
  pages={1--42},
  year={2022},
  publisher={ACM New York, NY}
}

@article{ouyang2022training,
  title={Training language models to follow instructions with human feedback},
  author={Ouyang, Long and Wu, Jeffrey and Jiang, Xu and Almeida, Diogo and Wainwright, Carroll and Mishkin, Pamela and Zhang, Chong and Agarwal, Sandhini and Slama, Katarina and Ray, Alex and others},
  journal={Advances in neural information processing systems},
  volume={35},
  pages={27730--27744},
  year={2022}
}

@article{pruthi2020estimating,
  title={Estimating training data influence by tracing gradient descent},
  author={Pruthi, Garima and Liu, Frederick and Kale, Satyen and Sundararajan, Mukund},
  journal={Advances in Neural Information Processing Systems},
  volume={33},
  pages={19920--19930},
  year={2020}
}

@article{shen2024rethinking,
  title={Rethinking Data Selection for Supervised Fine-Tuning},
  author={Shen, Ming},
  journal={arXiv preprint arXiv:2402.06094},
  year={2024}
}

@article{sprague2024cot,
  title={To CoT or not to CoT? Chain-of-thought helps mainly on math and symbolic reasoning},
  author={Sprague, Zayne and Yin, Fangcong and Rodriguez, Juan Diego and Jiang, Dongwei and Wadhwa, Manya and Singhal, Prasann and Zhao, Xinyu and Ye, Xi and Mahowald, Kyle and Durrett, Greg},
  journal={arXiv preprint arXiv:2409.12183},
  year={2024}
}

@inproceedings{wang2023noise,
  title={Noise-Robust Fine-Tuning of Pretrained Language Models via External Guidance},
  author={Wang, Song and Tan, Zhen and Guo, Ruocheng and Li, Jundong},
  booktitle={Findings of the Association for Computational Linguistics: EMNLP 2023},
  pages={12528--12540},
  year={2023}
}

@inproceedings{wang2023self,
  title={Self-Instruct: Aligning Language Models with Self-Generated Instructions},
  author={Wang, Yizhong and Kordi, Yeganeh and Mishra, Swaroop and Liu, Alisa and Smith, Noah A and Khashabi, Daniel and Hajishirzi, Hannaneh},
  booktitle={The 61st Annual Meeting Of The Association For Computational Linguistics},
  year={2023}
}

@inproceedings{weber2024donkii,
  title={DONKII: Characterizing and Detecting Errors in Instruction-Tuning Datasets},
  author={Weber, Leon and Litschko, Robert and Artemova, Ekaterina and Plank, Barbara},
  booktitle={Proceedings of The 18th Linguistic Annotation Workshop (LAW-XVIII)},
  pages={197--215},
  year={2024}
}

@inproceedings{xialess,
  title={LESS: Selecting Influential Data for Targeted Instruction Tuning},
  author={Xia, Mengzhou and Malladi, Sadhika and Gururangan, Suchin and Arora, Sanjeev and Chen, Danqi},
  booktitle={Forty-first International Conference on Machine Learning},
year={2024}
}

@article{zhang2023instruction,
  title={Instruction tuning for large language models: A survey},
  author={Zhang, Shengyu and Dong, Linfeng and Li, Xiaoya and Zhang, Sen and Sun, Xiaofei and Wang, Shuhe and Li, Jiwei and Hu, Runyi and Zhang, Tianwei and Wu, Fei and others},
  journal={arXiv preprint arXiv:2308.10792},
  year={2023}
}

@article{zhou2024lima,
  title={Lima: Less is more for alignment},
  author={Zhou, Chunting and Liu, Pengfei and Xu, Puxin and Iyer, Srinivasan and Sun, Jiao and Mao, Yuning and Ma, Xuezhe and Efrat, Avia and Yu, Ping and Yu, Lili and others},
  journal={Advances in Neural Information Processing Systems},
  volume={36},
  year={2024}
}

