
@ARTICLE{Fortunato2010,
  author  = {Fortunato, S.},
  title   = {Community detection in graphs},
  journal = {Phys. Rep.-Rev. Sec. Phys. Lett.}, 
  volume  = {486},
  year    = {2010},
  pages   = {75-174}
}

@ARTICLE{NewmanGirvan2004,
  author  = {Newman, M. E. J. and Girvan, M.},
  title   = {Finding and evaluating community structure in networks},
  journal = {Phys. Rev. E.}, 
  volume  = {69},
  year    = {2004},
  pages   = {026113}
}

@ARTICLE{Vehlowetal2013,
  author  = {Vehlow, C. and Reinhardt, T. and Weiskopf, D.},
  title   = {Visualizing Fuzzy Overlapping Communities in Networks},
  journal = {IEEE Trans. Vis. Comput. Graph.}, 
  volume  = {19},
  year    = {2013},
  pages   = {2486-2495}
}

@ARTICLE{Raghavanetal2007,
  author  = {Raghavan, U. and Albert, R. and Kumara, S.},
  title   = {Near linear time algorithm to detect community structures in large-scale networks},
  journal = {Phys. Rev E.}, 
  volume  = {76},
  year    = {2007},
  pages   = {036106}
}

@ARTICLE{SubeljBajec2011a,
  author  = {\v{S}ubelj, L. and Bajec, M.},
  title   = {Robust network community detection using balanced propagation},
  journal = {Eur. Phys. J. B.}, 
  volume  = {81},
  year    = {2011},
  pages   = {353-362}
}

@ARTICLE{Louetal2013,
  author  = {Lou, H. and Li, S. and Zhao, Y.},
  title   = {Detecting community structure using label propagation with weighted coherent neighborhood propinquity},
  journal = {Physica A.}, 
  volume  = {392},
  year    = {2013},
  pages   = {3095-3105}
}

@ARTICLE{Clausetetal2004,
  author  = {Clauset, A. and Newman, M. E. J. and Moore, C.},
  title   = {Finding community structure in very large networks},
  journal = {Phys. Rev. E.}, 
  volume  = {70},
  year    = {2004},
  pages   = {066111}
}

@ARTICLE{Blondeletal2008,
  author  = {Blondel, V. D. and Guillaume, J. L. and Lambiotte, R. and Lefebvre, E.},
  title   = {Fast unfolding of communities in large networks},
  journal = {J. Stat. Mech.-Theory Exp.}, 
  volume  = {2008},
  year    = {2008},
  pages   = {P10008}
}

@ARTICLE{SobolevskyCampari2014,
  author  = {Sobolevsky, S. and Campari, R.},
  title   = {General optimization technique for high-quality community detection in complex networks},
  journal = {Phys. Rev. E.}, 
  volume  = {90},
  year    = {2014},
  pages   = {012811}
}

@ARTICLE{FortunatoBarthelemy2007,
  author  = {Fortunato, S. and Barthelemy, M.},
  title   = {Resolution limit in community detection},
  journal = {Proc. Natl. Acad. Sci. U. S. A.}, 
  volume  = {104},
  year    = {2007},
  pages   = {36-41}
}

@ARTICLE{SubeljBajec2011b,
  author  = {\v{S}ubelj, L. and Bajec, M.},
  title   = {Unfolding communities in large complex networks: Combining defensive and offensive label propagation for core extraction},
  journal = {Phys. Rev. E.}, 
  volume  = {83},
  year    = {2011},
  pages   = {036103}
}

@ARTICLE{WangLi2013,
  author  = {Wang, X. and Li, J.},
  title   = {Detecting communities by the core-vertex and intimate degree in complex networks},
  journal = {Physica A.}, 
  volume  = {392},
  year    = {2013},
  pages   = {2555-2563}
}

@ARTICLE{Lietal2013,
  author  = {Li, J. and Wang, X. and Eustace, J.},
  title   = {Detecting overlapping communities by seed community in weighted complex networks},
  journal = {Physica A.}, 
  volume  = {392},
  year    = {2013},
  pages   = {6125-6134}
}

@ARTICLE{Fabioetal2013,
  author  = {Fabio, D. R. and Fabio, D. and Carlo, P.},
  title   = {Profiling core-periphery network structure by random walkers},
  journal = {Sci. Rep.}, 
  volume  = {3},
  year    = {2013},
  pages   = {1467}
}

@ARTICLE{Chenetal2013,
  author  = {Chen, Q. and Wu, T. T. and Fang, M.},
  title   = {Detecting local community structure in complex networks based on local degree central nodes},
  journal = {Physica A.}, 
  volume  = {392},
  year    = {2013},
  pages   = {529-537}
}

@ARTICLE{Zhangetal2007,
  author  = {Zhang, S. and Wang, R. and Zhang, X.},
  title   = {Identification of overlapping community structure in complex networks using fuzzy c-means clustering},
  journal = {Physica A.}, 
  volume  = {374},
  year    = {2007},
  pages   = {483-490}
}

@ARTICLE{Nepuszetal2008,
  author  = {Nepusz, T. and Petr\'oczi, A. and N\'egyessy, L. and Bazs\'o, F.},
  title   = {Fuzzy communities and the concept of bridgeness in complex networks},
  journal = {Phys. Rev. E.}, 
  volume  = {77},
  year    = {2008},
  pages   = {016107}
}

@ARTICLE{FabricioLiang2013,
  author  = {Fabricio, B. and Liang, Z.},
  title   = {Fuzzy community structure detection by particle competition and cooperation},
  journal = {Soft Comput.}, 
  volume  = {17},
  year    = {2013},
  pages   = {659-673}
}

@ARTICLE{Sunetal2011,
  author  = {Sun, P. and Gao, L. and Han, S.},
  title   = {Identification of overlapping and non-overlapping community structure by fuzzy clustering in complex networks},
  journal = {Inf. Sci.}, 
  volume  = {181},
  year    = {2011},
  pages   = {1060-1071}
}

@ARTICLE{Wangetal2013,
  author  = {Wang, W. and Liu, D. and Liu, X. and Pan, L.},
  title   = {Fuzzy overlapping community detection based on local random walk and multidimensional scaling},
  journal = {Physica A.}, 
  volume  = {392},
  year    = {2013},
  pages   = {6578-6586}
}

@ARTICLE{Psorakisetal2011,
  author  = {Psorakis, I. and Roberts, S. and Ebden, M. and Sheldon, B.},
  title   = {Overlapping community detection using Bayesian non-negative matrix factorization},
  journal = {Phys. Rev. E.}, 
  volume  = {83},
  year    = {2011},
  pages   = {066114}
}

@CONFERENCE{ZhangYeung2012,
  author  = {Zhang, Y. and Yeung, D.},
  title   = {Overlapping Community Detection via Bounded Nonnegative Matrix Tri-Factorization},
  booktitle = {In Proc. ACM SIGKDD Conf.}, 
  year    = {2012},
  pages   = {606-614}
}

@ARTICLE{Liu2010,
  author  = {Liu, J.},
  title   = {Fuzzy modularity and fuzzy community structure in networks},
  journal = {Eur. Phys. J. B.}, 
  volume  = {77},
  year    = {2010},
  pages   = {547-557}
}

@ARTICLE{Havensetal2013,
  author  = {Havens, T. C. and Bezdek, J. C. and Leckie, C. and Ramamohanarao, K. and Palaniswami, M.},
  title   = {A Soft Modularity Function For Detecting Fuzzy Communities in Social Networks},
  journal = {IEEE Trans. Fuzzy Syst.}, 
  volume  = {21},
  year    = {2013},
  pages   = {1170-1175}
}

@misc{Newman2013,
  author = {Newman, M. E. J.},
  title  = {Network data},
  howpublished = "\url{http://www-personal.umich.edu/~mejn/netdata/}",
  year = {2013}
}

@ARTICLE{SubeljBajec2012,
  author  = {\v{S}ubelj, L. and Bajec, M.},
  title   = {Ubiquitousness of link-density and link-pattern communities in real-world networks},
  journal = {Eur. Phys. J. B.}, 
  volume  = {85},
  year    = {2012},
  pages   = {1-11}
}

@ARTICLE{Lancichinettietal2008,
  author  = {Lancichinetti, A. and Fortunato, S. and Radicchi, F.},
  title   = {Benchmark graphs for testing community detection algorithms},
  journal = {Phys. Rev. E.}, 
  volume  = {78},
  year    = {2008},
  pages   = {046110}
}

@ARTICLE{Liuetal2014,
  author  = {Liu, W. and Pellegrini, M. and Wang, X.},
  title   = {Detecting Communities Based on Network Topology},
  journal = {Sci. Rep.}, 
  volume  = {4},
  year    = {2014},
  pages   = {5739}
}

@ARTICLE{Danonetal2005,
  author  = {Danon, L. and Diaz-Guilera, A. and Duch, J. and Arenas, A.},
  title   = {Comparing community structure identification},
  journal = {J. Stat. Mech.-Theory Exp.}, 
  volume  = {},
  year    = {2005},
  pages   = {P09008}
}

@ARTICLE{Gregory2011,
  author  = {Gregory, S.},
  title   = {Fuzzy overlapping communities in networks},
  journal = {J. Stat. Mech.-Theory Exp.}, 
  volume  = {},
  year    = {2011},
  pages   = {P02017}
}

@ARTICLE{LancichinettiFortunato2009,
  author  = {Lancichinetti, A. and Fortunato, S.},
  title   = {Benchmarks for testing community detection algorithms on directed and weighted graphs with overlapping communities},
  journal = {Phys. Rev. E.}, 
  volume  = {80},
  year    = {2009},
  pages   = {016118}
}

@CONFERENCE{HullermeierRifqi2009,
  author  = {Hullermeier, E. and Rifqi, M.},
  title   = {A Fuzzy Variant of the Rand Index for Comparing Clustering Structures},
  booktitle = {in Proc. IFSA/EUSFLAT Conf.}, 
  year    = {2009},
  pages   = {1294-1298}
}


% Journals

% First the Full Name is given, then the abbreviation used in the AMS Math
% Reviews, with an indication if it could not be found there.
% Note the 2nd overwrites the 1st, so swap them if you want the full name.

%{AMS}
@String{AMSTrans = "American Mathematical Society Translations" }
@String{AMSTrans = "Amer. Math. Soc. Transl." }
@String{BullAMS = "Bulletin of the American Mathematical Society" }
@String{BullAMS = "Bull. Amer. Math. Soc." }
@String{ProcAMS = "Proceedings of the American Mathematical Society" }
@String{ProcAMS = "Proc. Amer. Math. Soc." }
@String{TransAMS = "Transactions of the American Mathematical Society" }
@String{TransAMS = "Trans. Amer. Math. Soc." }

%ACM
@String{CACM = "Communications of the {ACM}" }
@String{CACM = "Commun. {ACM}" }
@String{CompServ = "Comput. Surveys" }
@String{JACM = "J. ACM" }
@String{ACMMathSoft = "{ACM} Transactions on Mathematical Software" }
@String{ACMMathSoft = "{ACM} Trans. Math. Software" }
@String{SIGNUM = "{ACM} {SIGNUM} Newsletter" }
@String{SIGNUM = "{ACM} {SIGNUM} Newslett." }

@String{AmerSocio = "American Journal of Sociology" }
@String{AmerStatAssoc = "Journal of the American Statistical Association" }
@String{AmerStatAssoc = "J. Amer. Statist. Assoc." }
@String{ApplMathComp = "Applied Mathematics and Computation" }
@String{ApplMathComp = "Appl. Math. Comput." }
@String{AmerMathMonthly = "American Mathematical Monthly" }
@String{AmerMathMonthly = "Amer. Math. Monthly" }
@String{BIT = "{BIT}" }
@String{BritStatPsych = "British Journal of Mathematical and Statistical
	Psychology" }
@String{BritStatPsych = "Brit. J. Math. Statist. Psych." }
@String{CanMathBull = "Canadian Mathematical Bulletin" }
@String{CanMathBull = "Canad. Math. Bull." }
@String{CompApplMath = "Journal of Computational and Applied Mathematics" }
@String{CompApplMath = "J. Comput. Appl. Math." }
@String{CompPhys = "Journal of Computational Physics" }
@String{CompPhys = "J. Comput. Phys." }
@String{CompStruct = "Computers and Structures" }
@String{CompStruct = "Comput. \& Structures" }
@String{CompJour = "The Computer Journal" }
@String{CompJour = "Comput. J." }
@String{CompSysSci = "Journal of Computer and System Sciences" }
@String{CompSysSci = "J. Comput. System Sci." }
@String{Computing = "Computing" }
@String{ContempMath = "Contemporary Mathematics" }
@String{ContempMath = "Contemp. Math." }
@String{Crelle = "Crelle's Journal" }
@String{GiornaleMath = "Giornale di Mathematiche" }
@String{GiornaleMath = "Giorn. Mat." } % didn't find in AMS MR., ibid.

%IEEE
@String{Computer = "{IEEE} Computer" }
@String{IEEETransComp = "{IEEE} Transactions on Computers" }
@String{IEEETransComp = "{IEEE} Trans. Comput." }
@String{IEEETransAC = "{IEEE} Transactions on Automatic Control" }
@String{IEEETransAC = "{IEEE} Trans. Automat. Control" }
@String{IEEESpec = "{IEEE} Spectrum" } % didn't find in AMS MR
@String{ProcIEEE = "Proceedings of the {IEEE}" }
@String{ProcIEEE = "Proc. {IEEE}" } % didn't find in AMS MR
@String{IEEETransAeroElec = "{IEEE} Transactions on Aerospace and Electronic
	Systems" }
@String{IEEETransAeroElec = "{IEEE} Trans. Aerospace Electron. Systems" }

@String{IMANumerAna = "{IMA} Journal of Numerical Analysis" }
@String{IMANumerAna = "{IMA} J. Numer. Anal." }
@String{InfProcLet = "Information Processing Letters" }
@String{InfProcLet = "Inform. Process. Lett." }
@String{InstMathApp = "Journal of the Institute of Mathematics and
	its Applications" }
@String{InstMathApp = "J. Inst. Math. Appl." }
@String{IntControl = "International Journal of Control" }
@String{IntControl = "Internat. J. Control" }
@String{IntNumerEng = "International Journal for Numerical Methods in
	Engineering" }
@String{IntNumerEng = "Internat. J. Numer. Methods Engrg." }
@String{IntSuper = "International Journal of Supercomputing Applications" }
@String{IntSuper = "Internat. J. Supercomputing Applic." } % didn't find
%% in AMS MR
@String{Kibernetika = "Kibernetika" }
@String{JResNatBurStand = "Journal of Research of the National Bureau
	of Standards" }
@String{JResNatBurStand = "J. Res. Nat. Bur. Standards" }
@String{LinAlgApp = "Linear Algebra and its Applications" }
@String{LinAlgApp = "Linear Algebra Appl." }
@String{MathAnaAppl = "Journal of Mathematical Analysis and Applications" }
@String{MathAnaAppl = "J. Math. Anal. Appl." }
@String{MathAnnalen = "Mathematische Annalen" }
@String{MathAnnalen = "Math. Ann." }
@String{MathPhys = "Journal of Mathematical Physics" }
@String{MathPhys = "J. Math. Phys." }
@String{MathComp = "Mathematics of Computation" }
@String{MathComp = "Math. Comp." }
@String{MathScand = "Mathematica Scandinavica" }
@String{MathScand = "Math. Scand." }
@String{TablesAidsComp = "Mathematical Tables and Other Aids to Computation" }
@String{TablesAidsComp = "Math. Tables Aids Comput." }
@String{NumerMath = "Numerische Mathematik" }
@String{NumerMath = "Numer. Math." }
@String{PacificMath = "Pacific Journal of Mathematics" }
@String{PacificMath = "Pacific J. Math." }
@String{ParDistComp = "Journal of Parallel and Distributed Computing" }
@String{ParDistComp = "J. Parallel and Distrib. Comput." } % didn't find
%% in AMS MR
@String{ParComputing = "Parallel Computing" }
@String{ParComputing = "Parallel Comput." }
@String{PhilMag = "Philosophical Magazine" }
@String{PhilMag = "Philos. Mag." }
@String{ProcNAS = "Proceedings of the National Academy of Sciences
	of the USA" }
@String{ProcNAS = "Proc. Nat. Acad. Sci. U. S. A." }
@String{Psychometrika = "Psychometrika" }
@String{QuartMath = "Quarterly Journal of Mathematics, Oxford, Series (2)" }
@String{QuartMath = "Quart. J. Math. Oxford Ser. (2)" }
@String{QuartApplMath = "Quarterly of Applied Mathematics" }
@String{QuartApplMath = "Quart. Appl. Math." }
@String{RevueInstStat = "Review of the International Statisical Institute" }
@String{RevueInstStat = "Rev. Inst. Internat. Statist." }

%SIAM
@String{JSIAM = "Journal of the Society for Industrial and Applied
	Mathematics" }
@String{JSIAM = "J. Soc. Indust. Appl. Math." }
@String{JSIAMB = "Journal of the Society for Industrial and Applied
	Mathematics, Series B, Numerical Analysis" }
@String{JSIAMB = "J. Soc. Indust. Appl. Math. Ser. B Numer. Anal." }
@String{SIAMAlgMeth = "{SIAM} Journal on Algebraic and Discrete Methods" }
@String{SIAMAlgMeth = "{SIAM} J. Algebraic Discrete Methods" }
@String{SIAMAppMath = "{SIAM} Journal on Applied Mathematics" }
@String{SIAMAppMath = "{SIAM} J. Appl. Math." }
@String{SIAMComp = "{SIAM} Journal on Computing" }
@String{SIAMComp = "{SIAM} J. Comput." }
@String{SIAMMatrix = "{SIAM} Journal on Matrix Analysis and Applications" }
@String{SIAMMatrix = "{SIAM} J. Matrix Anal. Appl." }
@String{SIAMNumAnal = "{SIAM} Journal on Numerical Analysis" }
@String{SIAMNumAnal = "{SIAM} J. Numer. Anal." }
@String{SIAMReview = "{SIAM} Review" }
@String{SIAMReview = "{SIAM} Rev." }
@String{SIAMSciStat = "{SIAM} Journal on Scientific and Statistical
	Computing" }
@String{SIAMSciStat = "{SIAM} J. Sci. Statist. Comput." }

@String{SoftPracExp = "Software Practice and Experience" }
@String{SoftPracExp = "Software Prac. Experience" } % didn't find in AMS MR
@String{StatScience = "Statistical Science" }
@String{StatScience = "Statist. Sci." }
@String{Techno = "Technometrics" }
@String{USSRCompMathPhys = "{USSR} Computational Mathematics and Mathematical
	Physics" }
@String{USSRCompMathPhys = "{U. S. S. R.} Comput. Math. and Math. Phys." }
@String{VLSICompSys = "Journal of {VLSI} and Computer Systems" }
@String{VLSICompSys = "J. {VLSI} Comput. Syst." }
@String{ZAngewMathMech = "Zeitschrift fur Angewandte Mathematik und
	Mechanik" }
@String{ZAngewMathMech = "Z. Angew. Math. Mech." }
@String{ZAngewMathPhys = "Zeitschrift fur Angewandte Mathematik und Physik" }
@String{ZAngewMathPhys = "Z. Angew. Math. Phys." }

% Publishers % ================================================= |

@String{Academic = "Academic Press" }
@String{ACMPress = "{ACM} Press" }
@String{AdamHilger = "Adam Hilger" }
@String{AddisonWesley = "Addison-Wesley" }
@String{AllynBacon = "Allyn and Bacon" }
@String{AMS = "American Mathematical Society" }
@String{Birkhauser = "Birkha{\"u}ser" }
@String{CambridgePress = "Cambridge University Press" }
@String{Chelsea = "Chelsea" }
@String{ClaredonPress = "Claredon Press" }
@String{DoverPub = "Dover Publications" }
@String{Eyolles = "Eyolles" }
@String{HoltRinehartWinston = "Holt, Rinehart and Winston" }
@String{Interscience = "Interscience" }
@String{JohnsHopkinsPress = "The Johns Hopkins University Press" }
@String{JohnWileySons = "John Wiley and Sons" }
@String{Macmillan = "Macmillan" }
@String{MathWorks = "The Math Works Inc." }
@String{McGrawHill = "McGraw-Hill" }
@String{NatBurStd = "National Bureau of Standards" }
@String{NorthHolland = "North-Holland" }
@String{OxfordPress = "Oxford University Press" }  %address Oxford or London?
@String{PergamonPress = "Pergamon Press" }
@String{PlenumPress = "Plenum Press" }
@String{PrenticeHall = "Prentice-Hall" }
@String{SIAMPub = "{SIAM} Publications" }
@String{Springer = "Springer-Verlag" }
@String{TexasPress = "University of Texas Press" }
@String{VanNostrand = "Van Nostrand" }
@String{WHFreeman = "W. H. Freeman and Co." }

%Entries
%new refernerce


@String(PAMI  = {IEEE TPAMI})
@String(IJCV  = {IJCV})
@String(CVPR  = {CVPR})
@String(ICCV  = {ICCV})
@String(ECCV  = {ECCV})
@String(NIPS  = {NeurIPS})
@String(ICPR  = {ICPR})
@String(BMVC  =	{BMVC})
@String(TOG   = {ACM TOG})
@String(TIP   = {IEEE TIP})
@String(TVCG  = {IEEE TVCG})
@String(TCSVT = {IEEE TCSVT})
@String(TMM   =	{IEEE TMM})
@String(ACMMM = {ACM MM})
@String(ICME  =	{ICME})
@String(ICASSP=	{ICASSP})
@String(ICIP  = {ICIP})
@String(ACCV  = {ACCV})
@String(ICLR  = {ICLR})
@String(IJCAI = {IJCAI})
@String(PR = {PR})
@String(AAAI = {AAAI})
@String(CVPRW= {CVPRW})
@String(CSVT = {IEEE TCSVT})



@String(PAMI = {IEEE Trans. Pattern Anal. Mach. Intell.})
@String(IJCV = {Int. J. Comput. Vis.})
@String(CVPR= {IEEE Conf. Comput. Vis. Pattern Recog.})
@String(ICCV= {Int. Conf. Comput. Vis.})
@String(ECCV= {Eur. Conf. Comput. Vis.})
@String(NIPS= {Adv. Neural Inform. Process. Syst.})
@String(ICPR = {Int. Conf. Pattern Recog.})
@String(BMVC= {Brit. Mach. Vis. Conf.})
@String(TOG= {ACM Trans. Graph.})
@String(TIP  = {IEEE Trans. Image Process.})
@String(TVCG  = {IEEE Trans. Vis. Comput. Graph.})
@String(TMM  = {IEEE Trans. Multimedia})
@String(ACMMM= {ACM Int. Conf. Multimedia})
@String(ICME = {Int. Conf. Multimedia and Expo})
@String(ICASSP=	{ICASSP})
@String(ICIP = {IEEE Int. Conf. Image Process.})
@String(ACCV  = {ACCV})
@String(ICLR = {Int. Conf. Learn. Represent.})
@String(IJCAI = {IJCAI})
@String(PR   = {Pattern Recognition})
@String(AAAI = {AAAI})
@String(CVPRW= {IEEE Conf. Comput. Vis. Pattern Recog. Worksh.})
@String(CSVT = {IEEE Trans. Circuit Syst. Video Technol.})

@String(SPL	= {IEEE Sign. Process. Letters})
@String(VR   = {Vis. Res.})
@String(JOV	 = {J. Vis.})
@String(TVC  = {The Vis. Comput.})
@String(JCST  = {J. Comput. Sci. Tech.})
@String(CGF  = {Comput. Graph. Forum})
@String(CVM = {Computational Visual Media})




%%%%%%%%%%%%%%%%%%%

%start :auto drivering ref


@inproceedings{hao2024mbfusion,
  title={Mbfusion: A new multi-modal bev feature fusion method for hd map construction},
  author={Hao, Xiaoshuai and Zhang, Hui and Yang, Yifan and Zhou, Yi and Jung, Sangil and Park, Seung-In and Yoo, ByungIn},
  booktitle={2024 IEEE International Conference on Robotics and Automation (ICRA)},
  pages={15922--15928},
  year={2024},
  organization={IEEE}
}




@article{hao2025msc,
  title={MSC-Bench: Benchmarking and Analyzing Multi-Sensor Corruption for Driving Perception},
  author={Hao, Xiaoshuai and Liu, Guanqun and Zhao, Yuting and Ji, Yuheng and Wei, Mengchuan and Zhao, Haimei and Kong, Lingdong and Yin, Rong and Liu, Yu},
  journal={arXiv preprint arXiv:2501.01037},
  year={2025}
}


@inproceedings{hao2024mapdistill,
  title={Mapdistill: Boosting efficient camera-based hd map construction via camera-lidar fusion model distillation},
  author={Hao, Xiaoshuai and Li, Ruikai and Zhang, Hui and Li, Dingzhe and Yin, Rong and Jung, Sangil and Park, Seung-In and Yoo, ByungIn and Zhao, Haimei and Zhang, Jing},
  booktitle={European Conference on Computer Vision},
  pages={166--183},
  year={2024},
  organization={Springer}
}


@inproceedings{hao2024your,
  author = {Xiaoshuai Hao and Mengchuan Wei and Yifan Yang and Haimei Zhao and Hui Zhang and Yi Zhou and Qiang Wang and Weiming Li and Lingdong Kong and Jing Zhang},
  title={Is Your HD Map Constructor Reliable under Sensor Corruptions?},
  journal={NeurIPS},
  year={2024}
}


@inproceedings{hao2023mixgen,
  title={Mixgen: A new multi-modal data augmentation},
  author={Hao, Xiaoshuai and Zhu, Yi and Appalaraju, Srikar and Zhang, Aston and Zhang, Wanqian and Li, Bo and Li, Mu},
  booktitle={Proceedings of the IEEE/CVF winter conference on applications of computer vision},
  pages={379--389},
  year={2023}
}


@article{chen2025stvit+,
  title={STViT+: improving self-supervised multi-camera depth estimation with spatial-temporal context and adversarial geometry regularization},
  author={Chen, Zhuo and Zhao, Haimei and Hao, Xiaoshuai and Yuan, Bo and Li, Xiu},
  journal={Applied Intelligence},
  volume={55},
  number={5},
  pages={328},
  year={2025},
  publisher={Springer}
}





@inproceedings{liu2023vectormapnet,
  title={Vectormapnet: End-to-end vectorized hd map learning},
  author={Liu, Yicheng and Yuan, Tianyuan and Wang, Yue and Wang, Yilun and Zhao, Hang},
  booktitle={International Conference on Machine Learning},
  pages={22352--22369},
  year={2023}
}

@inproceedings{li2022hdmapnet,
  title={Hdmapnet: An online hd map construction and evaluation framework},
  author={Li, Qi and Wang, Yue and Wang, Yilun and Zhao, Hang},
  booktitle={ IEEE International Conference on Robotics and Automation},
  pages={4628--4634},
  year={2022}
}

@inproceedings{MapTR,
  author       = {Bencheng Liao and
                  Shaoyu Chen and
                  Xinggang Wang and
                  Tianheng Cheng and
                  Qian Zhang and
                  Wenyu Liu and
                  Chang Huang},
  title        = {MapTR: Structured Modeling and Learning for Online Vectorized {HD}
                  Map Construction},
  booktitle    = {International Conference on Learning Representations},
  year         = {2023}
}


@inproceedings{bevfusion22mips,
  author       = {Tingting Liang and
                  Hongwei Xie and
                  Kaicheng Yu and
                  Zhongyu Xia and
                  Zhiwei Lin and
                  Yongtao Wang and
                  Tao Tang and
                  Bing Wang and
                  Zhi Tang},
  title        = {BEVFusion: {A} Simple and Robust LiDAR-Camera Fusion Framework},
 journal={Advances in Neural Information Processing Systems},
  pages={10421--10434},
  year={2022}
}

@inproceedings{liu2023bevfusion,
  author       = {Zhijian Liu and
                  Haotian Tang and
                  Alexander Amini and
                  Xinyu Yang and
                  Huizi Mao and
                  Daniela L. Rus and
                  Song Han},
  title        = {BEVFusion: Multi-Task Multi-Sensor Fusion with Unified Bird's-Eye
                  View Representation},
  booktitle    = {{ICRA}},
  pages        = {2774--2781},
  publisher    = {{IEEE}},
  year         = {2023}
}


@article{2018seoncd,
  author       = {Yan Yan and
                  Yuxing Mao and
                  Bo Li},
  title        = {{SECOND:} Sparsely Embedded Convolutional Detection},
  journal      = {Sensors},
  volume       = {18},
  number       = {10},
  pages        = {3337},
  year         = {2018}
}



@inproceedings{eccv203dcvf,
  author       = {Jin Hyeok Yoo and
                  Yecheol Kim and
                  Ji Song Kim and
                  Jun Won Choi},
  title        = {3D-CVF: Generating Joint Camera and LiDAR Features Using Cross-view
                  Spatial Feature Fusion for 3D Object Detection},
  booktitle    = {European Conference on Computer Vision},
  pages        = {720--736},
  year         = {2020}
}

@inproceedings{22cvprtransfusion,
  author       = {Xuyang Bai and
                  Zeyu Hu and
                  Xinge Zhu and
                  Qingqiu Huang and
                  Yilun Chen and
                  Hongbo Fu and
                  Chiew{-}Lan Tai},
  title        = {TransFusion: Robust LiDAR-Camera Fusion for 3D Object Detection with
                  Transformers},
  booktitle    = {{IEEE/CVF} Conference on Computer Vision and Pattern Recognition},
  pages        = {1080--1089},
  year         = {2022}
}

@inproceedings{22cvprfocal,
  author       = {Yukang Chen and
                  Yanwei Li and
                  Xiangyu Zhang and
                  Jian Sun and
                  Jiaya Jia},
  title        = {Focal Sparse Convolutional Networks for 3D Object Detection},
  booktitle    = {{IEEE/CVF} Conference on Computer Vision and Pattern Recognition},
  pages        = {5418--5427},
  year         = {2022}
}


@inproceedings{18eccvdeepcontinuous,
  author       = {Ming Liang and
                  Bin Yang and
                  Shenlong Wang and
                  Raquel Urtasun},
  title        = {Deep Continuous Fusion for Multi-sensor 3D Object Detection},
  booktitle    = {European Conference on Computer Vision},
  pages        = {663--678},
  year         = {2018}
}



@article{2023futr3d,
  author       = {Xuanyao Chen and
                  Tianyuan Zhang and
                  Yue Wang and
                  Yilun Wang and
                  Hang Zhao},
  title        = {{FUTR3D:} {A} Unified Sensor Fusion Framework for 3D Detection},
  journal={arXiv preprint arXiv:2203.10642},
	year={2023}
}


@inproceedings{21cvprpointaug,
  author       = {Chunwei Wang and
                  Chao Ma and
                  Ming Zhu and
                  Xiaokang Yang},
  title        = {PointAugmenting: Cross-Modal Augmentation for 3D Object Detection},
  booktitle    = {{IEEE} Conference on Computer Vision and Pattern Recognition},
  pages        = {11794--11803},
  year         = {2021}
}

@inproceedings{2020cvprpointpainting,
  author       = {Sourabh Vora and
                  Alex H. Lang and
                  Bassam Helou and
                  Oscar Beijbom},
  title        = {PointPainting: Sequential Fusion for 3D Object Detection},
  booktitle    = {{IEEE/CVF} Conference on Computer Vision and Pattern Recognition},
  pages        = {4603--4611},
  year         = {2020}
}

@inproceedings{yin2021center,
  title={Center-based 3d object detection and tracking},
  author={Yin, Tianwei and Zhou, Xingyi and Krahenbuhl, Philipp},
  booktitle={Proceedings of the IEEE/CVF conference on computer vision and pattern recognition},
  pages={11784--11793},
  year={2021}
}

@article{xie2022m,
  author       = {Enze Xie and
                  Zhiding Yu and
                  Daquan Zhou and
                  Jonah Philion and
                  Anima Anandkumar and
                  Sanja Fidler and
                  Ping Luo and
                  Jos{\'{e}} M. {\'{A}}lvarez},
  title        = {M\({}^{\mbox{2}}\)BEV: Multi-Camera Joint 3D Detection and Segmentation
                  with Unified Birds-Eye View Representation},
  journal      = {arXiv preprint arXiv:2204.05088},
  year         = {2022}
}

@inproceedings{lang2019pointpillars,
  title={Pointpillars: Fast encoders for object detection from point clouds},
  author={Lang, Alex H and Vora, Sourabh and Caesar, Holger and Zhou, Lubing and Yang, Jiong and Beijbom, Oscar},
  booktitle={Proceedings of the IEEE/CVF conference on computer vision and pattern recognition},
  pages={12697--12705},
  year={2019}
}


@inproceedings{21itscfusionpainting,
  author       = {Shaoqing Xu and
                  Dingfu Zhou and
                  Jin Fang and
                  Junbo Yin and
                  Bin Zhou and
                  Liangjun Zhang},
  title        = {FusionPainting: Multimodal Fusion with Adaptive Attention for 3D Object
                  Detection},
  booktitle    = {{IEEE} International Intelligent Transportation Systems Conference},
  pages        = {3047--3054},
  year         = {2021}
}

@inproceedings{21nipsmultimodal,
  author       = {Tianwei Yin and
                  Xingyi Zhou and
                  Philipp Kr{\"{a}}henb{\"{u}}hl},
  title        = {Multimodal Virtual Point 3D Detection},
  booktitle    = {Conference on Neural Information Processing Systems},
  pages        = {16494--16507},
  year         = {2021},
}

@inproceedings{22ijcaiautoalign,
  author       = {Zehui Chen and
                  Zhenyu Li and
                  Shiquan Zhang and
                  Liangji Fang and
                  Qinhong Jiang and
                  Feng Zhao and
                  Bolei Zhou and
                  Hang Zhao},
  title        = {AutoAlign: Pixel-Instance Feature Aggregation for Multi-Modal 3D Object
                  Detection},
  booktitle    = { International Joint Conference on Artificial Intelligence},
  pages        = {827--833},
  year         = {2022},
}


@inproceedings{23wacv,
  author       = {Lang Peng and
                  Zhirong Chen and
                  Zhangjie Fu and
                  Pengpeng Liang and
                  Erkang Cheng},
  title        = {BEVSegFormer: Bird's Eye View Semantic Segmentation From Arbitrary Camera Rigs},
  booktitle    = {{IEEE/CVF} Winter Conference on Applications of Computer Vision},
  pages        = {5924--5932},
  year         = {2023},
}


@article{22arixvuniformer,
  author       = {Zequn Qin and
                  Jingyu Chen and
                  Chao Chen and
                  Xiaozhi Chen and
                  Xi Li},
  title        = {UniFormer: Unified Multi-view Fusion Transformer for Spatial-Temporal
                  Representation in Bird's-Eye-View},
journal={arXiv preprint arXiv:2207.08536},
	year={2022}
}



@article{2022GKT,
  author       = {Shaoyu Chen and
                  Tianheng Cheng and
                  Xinggang Wang and
                  Wenming Meng and
                  Qian Zhang and
                  Wenyu Liu},
  title        = {Efficient and Robust 2D-to-BEV Representation Learning via Geometry-guided
                  Kernel Transformer},
journal={arXiv preprint arXiv:2206.04584},
	year={2022}
}


@inproceedings{QiaoDQZ23,
  author       = {Limeng Qiao and
                  Wenjie Ding and
                  Xi Qiu and
                  Chi Zhang},
  title        = {End-to-End Vectorized HD-map Construction with Piecewise B{\'{e}}zier
                  Curve},
  booktitle    = {{IEEE/CVF} Conference on Computer Vision and Pattern Recognition},
  pages        = {13218--13228},
  year         = {2023},
}

@inproceedings{hu2018squeeze,
  title={Squeeze-and-excitation networks},
  author={Hu, Jie and Shen, Li and Sun, Gang},
  booktitle={Proceedings of the IEEE conference on computer vision and pattern recognition},
  pages={7132--7141},
  year={2018}
}


@article{featureref2,
  author       = {Agnieszka Kuras and
                  Maximilian Brell and
                  Kristian Hovde Liland and
                  Ingunn Burud},
  title        = {Multitemporal Feature-Level Fusion on Hyperspectral and LiDAR Data
                  in the Urban Environment},
  journal      = {Remote. Sens.},
  volume       = {15},
  number       = {3},
  pages        = {632},
  year         = {2023},
}

@article{zhang2023online,
  title={Online Map Vectorization for Autonomous Driving: A Rasterization Perspective},
  author={Zhang, Gongjie and Lin, Jiahao and Wu, Shuang and Song, Yilin and Luo, Zhipeng and Xue, Yang and Lu, Shijian and Wang, Zuoguan},
  journal={arXiv preprint arXiv:2306.10502},
  year={2023}
}


@inproceedings{garnett20193d,
  title={3d-lanenet: end-to-end 3d multiple lane detection},
  author={Garnett, Noa and Cohen, Rafi and Pe'er, Tomer and Lahav, Roee and Levi, Dan},
  booktitle={Proceedings of the IEEE/CVF International Conference on Computer Vision},
  pages={2921--2930},
  year={2019}
}

@inproceedings{loukkal2021driving,
  title={Driving among flatmobiles: Bird-eye-view occupancy grids from a monocular camera for holistic trajectory planning},
  author={Loukkal, Abdelhak and Grandvalet, Yves and Drummond, Tom and Li, You},
  booktitle={Proceedings of the IEEE/CVF Winter Conference on Applications of Computer Vision},
  pages={51--60},
  year={2021}
}


@inproceedings{zhu2021monocular,
  title={Monocular 3D vehicle detection using uncalibrated traffic cameras through homography},
  author={Zhu, Minghan and Zhang, Songan and Zhong, Yuanxin and Lu, Pingping and Peng, Huei and Lenneman, John},
  booktitle={2021 IEEE/RSJ International Conference on Intelligent Robots and Systems (IROS)},
  pages={3814--3821},
  year={2021}
}

@inproceedings{ammar2019geometric,
  title={A geometric approach to obtain a bird's eye view from an image},
  author={Ammar Abbas, Syed and Zisserman, Andrew},
  booktitle={Proceedings of the IEEE/CVF international conference on computer vision workshops},
  year={2019}
}

@inproceedings{zhang2022auxadapt,
  title={Auxadapt: Stable and efficient test-time adaptation for temporally consistent video semantic segmentation},
  author={Zhang, Yizhe and Borse, Shubhankar and Cai, Hong and Porikli, Fatih},
  booktitle={Proceedings of the IEEE/CVF Winter Conference on Applications of Computer Vision},
  pages={2339--2348},
  year={2022}
}

@inproceedings{zhang2022perceptual,
  title={Perceptual consistency in video segmentation},
  author={Zhang, Yizhe and Borse, Shubhankar and Cai, Hong and Wang, Ying and Bi, Ning and Jiang, Xiaoyun and Porikli, Fatih},
  booktitle={Proceedings of the IEEE/CVF Winter Conference on Applications of Computer Vision},
  pages={2564--2573},
  year={2022}
}

@article{zhang2022beverse,
  title={Beverse: Unified perception and prediction in birds-eye-view for vision-centric autonomous driving},
  author={Zhang, Yunpeng and Zhu, Zheng and Zheng, Wenzhao and Huang, Junjie and Huang, Guan and Zhou, Jie and Lu, Jiwen},
  journal={arXiv preprint arXiv:2205.09743},
  year={2022}
}


@inproceedings{philion2020lift,
  title={Lift, splat, shoot: Encoding images from arbitrary camera rigs by implicitly unprojecting to 3d},
  author={Philion, Jonah and Fidler, Sanja},
  booktitle={European Conference on Computer Vision},
  pages={194--210},
  year={2020}
}

@inproceedings{wang2023lidar2map,
  title={LiDAR2Map: In Defense of LiDAR-Based Semantic Map Construction Using Online Camera Distillation},
  author={Wang, Song and Li, Wentong and Liu, Wenyu and Liu, Xiaolu and Zhu, Jianke},
  booktitle={Proceedings of the IEEE/CVF Conference on Computer Vision and Pattern Recognition},
  pages={5186--5195},
  year={2023}
}

@inproceedings{xiong2023neural,
  title={Neural map prior for autonomous driving},
  author={Xiong, Xuan and Liu, Yicheng and Yuan, Tianyuan and Wang, Yue and Wang, Yilun and Zhao, Hang},
  booktitle={Proceedings of the IEEE/CVF Conference on Computer Vision and Pattern Recognition},
  pages={17535--17544},
  year={2023}
}



@inproceedings{yuan2024streammapnet,
  title={Streammapnet: Streaming mapping network for vectorized online hd map construction},
  author={Yuan, Tianyuan and Liu, Yicheng and Wang, Yue and Wang, Yilun and Zhao, Hang},
  booktitle={IEEE/CVF Winter Conference on Applications of Computer Vision},
  pages={7356--7365},
  year={2024}
}

@inproceedings{ding2023pivotnet,
  title={PivotNet: Vectorized Pivot Learning for End-to-end HD Map Construction},
  author={Ding, Wenjie and Qiao, Limeng and Qiu, Xi and Zhang, Chi},
  booktitle={Proceedings of the IEEE/CVF International Conference on Computer Vision},
  pages={3672--3682},
  year={2023}
}

@article{maptrv2,
  author       = {Bencheng Liao and
                  Shaoyu Chen and
                  Yunchi Zhang and
                  Bo Jiang and
                  Qian Zhang and
                  Wenyu Liu and
                  Chang Huang and
                  Xinggang Wang},
  title        = {MapTRv2: An End-to-End Framework for Online Vectorized {HD} Map Construction},
  journal={arXiv preprint arXiv:2308.05736},
  year         = {2023},
}



@inproceedings{qiao2023end,
  title={End-to-End Vectorized HD-Map Construction With Piecewise Bezier Curve},
  author={Qiao, Limeng and Ding, Wenjie and Qiu, Xi and Zhang, Chi},
  booktitle={Proceedings of the IEEE/CVF Conference on Computer Vision and Pattern Recognition},
  pages={13218--13228},
  year={2023}
}

@inproceedings{vaswani2017attention,
  author       = {Ashish Vaswani and
                  Noam Shazeer and
                  Niki Parmar and
                  Jakob Uszkoreit and
                  Llion Jones and
                  Aidan N. Gomez and
                  Lukasz Kaiser and
                  Illia Polosukhin},
  title        = {Attention is All you Need},
  booktitle    = {Advances in Neural Information Processing Systems},
  pages        = {5998--6008},
  year         = {2017}
}









@article{22arixvbevse,
  author       = {Yunpeng Zhang and
                  Zheng Zhu and
                  Wenzhao Zheng and
                  Junjie Huang and
                  Guan Huang and
                  Jie Zhou and
                  Jiwen Lu},
  title        = {BEVerse: Unified Perception and Prediction in Birds-Eye-View for Vision-Centric
                  Autonomous Driving},

journal={arXiv preprint arXiv:2205.09743},
	year={2022}
}


@inproceedings{22eccvbevformer,
  author       = {Zhiqi Li and
                  Wenhai Wang and
                  Hongyang Li and
                  Enze Xie and
                  Chonghao Sima and
                  Tong Lu and
                  Yu Qiao and
                  Jifeng Dai},
  title        = {BEVFormer: Learning Bird's-Eye-View Representation from Multi-camera  Images via Spatiotemporal Transformers},
  booktitle    = {European Conference on Computer Vision},
  pages        = {1--18},
  year         = {2022}
}


@article{22arxivbeverse,
  author       = {Yunpeng Zhang and
                  Zheng Zhu and
                  Wenzhao Zheng and
                  Junjie Huang and
                  Guan Huang and
                  Jie Zhou and
                  Jiwen Lu},
  title        = {BEVerse: Unified Perception and Prediction in Birds-Eye-View for Vision-Centric Autonomous Driving},
journal={arXiv preprint arXiv:2205.09743},
	year={2022}
}




@article{2020fisharixv,
  author       = {Noureldin Hendy and
                  Cooper Sloan and
                  Feng Tian and
                  Pengfei Duan and
                  Nick Charchut and
                  Yuesong Xie and
                  Chuang Wang and
                  James Philbin},
  title        = {{FISHING} Net: Future Inference of Semantic Heatmaps In Grids},
  journal={arXiv preprint arXiv:2006.09917},
  year         = {2020}
}




@inproceedings{22icarv,
  author       = {Gustavo Salazar{-}Gomez and
                  David Sierra Gonz{\'{a}}lez and
                  Manuel Diaz{-}Zapata and
                  Anshul Paigwar and
                  Wenqian Liu and
                  {\"{O}}zg{\"{u}}r Erkent and
                  Christian Laugier},
  title        = {TransFuseGrid: Transformer-based Lidar-RGB fusion for semantic grid
                  prediction},
  booktitle    = {International Conference on Control, Automation, Robotics and
                  Vision},
  pages        = {268--273},
  year         = {2022}
}

@inproceedings{2018cvprvoxelnet,
  author       = {Yin Zhou and
                  Oncel Tuzel},
  title        = {VoxelNet: End-to-End Learning for Point Cloud Based 3D Object Detection},
  booktitle    = {{IEEE} Conference on Computer Vision and Pattern Recognition},
  pages        = {4490--4499},
  year         = {2018}
}


@inproceedings{2018cvprsqueze,
  author       = {Jie Hu and
                  Li Shen and
                  Gang Sun},
  title        = {Squeeze-and-Excitation Networks},
  booktitle    = {{IEEE} Conference on Computer Vision and Pattern Recognition},
  pages        = {7132--7141},
  year         = {2018}
}

@inproceedings{20cvprnuscense,
  author       = {Holger Caesar and
                  Varun Bankiti and
                  Alex H. Lang and
                  Sourabh Vora and
                  Venice Erin Liong and
                  Qiang Xu and
                  Anush Krishnan and
                  Yu Pan and
                  Giancarlo Baldan and
                  Oscar Beijbom},
  title        = {nuScenes: {A} Multimodal Dataset for Autonomous Driving},
  booktitle    = {{IEEE/CVF} Conference on Computer Vision and Pattern Recognition},
  pages        = {11618--11628},
  year         = {2020}
}


@inproceedings{21nipsarfoverse,
  author       = {Benjamin Wilson and
                  William Qi and
                  Tanmay Agarwal and
                  John Lambert and
                  Jagjeet Singh and
                  Siddhesh Khandelwal and
                  Bowen Pan and
                  Ratnesh Kumar and
                  Andrew Hartnett and
                  Jhony Kaesemodel Pontes and
                  Deva Ramanan and
                  Peter Carr and
                  James Hays},
  title        = {Argoverse 2: Next Generation Datasets for Self-Driving Perception
                  and Forecasting},
  booktitle    = {Proceedings of the Neural Information Processing Systems Track on
                  Datasets and Benchmarks},
  year         = {2021}
}


@inproceedings{202eecvlls,
  author       = {Jonah Philion and
                  Sanja Fidler},
  title        = {Lift, Splat, Shoot: Encoding Images from Arbitrary Camera Rigs by
                  Implicitly Unprojecting to 3D},
  booktitle    = {European Conference on Computer Vision},
  pages        = {194--210},
  year         = {2020}
}


@misc{contributors2020mmdetection3d,
  title={MMDetection3D: OpenMMLab next-generation platform for general 3D object detection},
  author={Contributors, MMDetection3D},
  year={2020}
}

@article{roddick2018orthographic,
  title={Orthographic feature transform for monocular 3d object detection},
  author={Roddick, Thomas and Kendall, Alex and Cipolla, Roberto},
  journal={arXiv preprint arXiv:1811.08188},
  year={2018}
}


@inproceedings{20cvprpredicting,
  author       = {Thomas Roddick and
                  Roberto Cipolla},
  title        = {Predicting Semantic Map Representations From Images Using Pyramid
                  Occupancy Networks},
  booktitle    = {Proceedings of the IEEE/CVF conference on computer vision and pattern recognition},
  pages        = {11135--11144},
  year         = {2020}
}

@inproceedings{zhou2022cross,
  title={Cross-view transformers for real-time map-view semantic segmentation},
  author={Zhou, Brady and Kr{\"a}henb{\"u}hl, Philipp},
  booktitle={Proceedings of the IEEE/CVF conference on computer vision and pattern recognition},
  pages={13760--13769},
  year={2022}
}


@inproceedings{lin2017feature,
  title={Feature pyramid networks for object detection},
  author={Lin, Tsung-Yi and Doll{\'a}r, Piotr and Girshick, Ross and He, Kaiming and Hariharan, Bharath and Belongie, Serge},
  booktitle={Proceedings of the IEEE conference on computer vision and pattern recognition},
  pages={2117--2125},
  year={2017}
}


@inproceedings{malkauthekar2013analysis,
  title={Analysis of Euclidean distance and Manhattan distance measure in Face recognition},
  author={Malkauthekar, MD},
  booktitle={Third International Conference on Computational Intelligence and Information Technology (CIIT 2013)},
  pages={503--507},
  year={2013}
}


@article{mukhoti2020calibrating,
  title={Calibrating deep neural networks using focal loss},
  author={Mukhoti, Jishnu and Kulharia, Viveka and Sanyal, Amartya and Golodetz, Stuart and Torr, Philip and Dokania, Puneet},
  journal={Advances in Neural Information Processing Systems},
  pages={15288--15299},
  year={2020}
}




@inproceedings{tang2023thma,
  title={THMA: Tencent HD Map AI System for Creating HD Map Annotations},
  author={Tang, Kun and Cao, Xu and Cao, Zhipeng and Zhou, Tong and Li, Erlong and Liu, Ao and Zou, Shengtao and Liu, Chang and Mei, Shuqi and Sizikova, Elena and others},
  booktitle={Proceedings of the AAAI Conference on Artificial Intelligence},
  pages={15585--15593},
  year={2023}
}


@inproceedings{liu2021Swin,
  title={Swin Transformer: Hierarchical Vision Transformer using Shifted Windows},
  author={Liu, Ze and Lin, Yutong and Cao, Yue and Hu, Han and Wei, Yixuan and Zhang, Zheng and Lin, Stephen and Guo, Baining},
  booktitle={Proceedings of the IEEE/CVF International Conference on Computer Vision},
 pages        = {9992--10002},
  year={2021}
}

@inproceedings{liu2021swinv2,
  title={Swin Transformer V2: Scaling Up Capacity and Resolution}, 
  author={Ze Liu and Han Hu and Yutong Lin and Zhuliang Yao and Zhenda Xie and Yixuan Wei and Jia Ning and Yue Cao and Zheng Zhang and Li Dong and Furu Wei and Baining Guo},
  booktitle={International Conference on Computer Vision and Pattern Recognition},
 pages   = {11999--12009},
  year={2022}
}

@article{wang2022internimage,
  title={InternImage: Exploring Large-Scale Vision Foundation Models with Deformable Convolutions},
  author={Wang, Wenhai and Dai, Jifeng and Chen, Zhe and Huang, Zhenhang and Li, Zhiqi and Zhu, Xizhou and Hu, Xiaowei and Lu, Tong and Lu, Lewei and Li, Hongsheng and others},
  journal={arXiv preprint arXiv:2211.05778},
  year={2022}
}

@article{yang2022bevformer,
  title={BEVFormer v2: Adapting Modern Image Backbones to Bird's-Eye-View Recognition via Perspective Supervision},
  author={Yang, Chenyu and Chen, Yuntao and Tian, Hao and Tao, Chenxin and Zhu, Xizhou and Zhang, Zhaoxiang and Huang, Gao and Li, Hongyang and Qiao, Yu and Lu, Lewei and others},
  journal={arXiv preprint arXiv:2211.10439},
  year={2022}
}




@inproceedings{2019iclradamw,
  author       = {Ilya Loshchilov and
                  Frank Hutter},
  title        = {Decoupled Weight Decay Regularization},
  booktitle    = {International Conference on Learning Representations},
  year         = {2019}
}



@inproceedings{2016cvprresnet,
  author       = {Kaiming He and
                  Xiangyu Zhang and
                  Shaoqing Ren and
                  Jian Sun},
  title        = {Deep Residual Learning for Image Recognition},
  booktitle    = {{IEEE} Conference on Computer Vision and Pattern Recognition},
  pages        = {770--778},
  year         = {2016}
}

@inproceedings{2018cvprvolexnet,
  author       = {Yin Zhou and
                  Oncel Tuzel},
  title        = {VoxelNet: End-to-End Learning for Point Cloud Based 3D Object Detection},
  booktitle    = {{IEEE} Conference on Computer Vision and Pattern Recognition},
  pages        = {4490--4499},
  year         = {2018}
}






@inproceedings{sun2016deep,
  title={Deep coral: Correlation alignment for deep domain adaptation},
  author={Sun, Baochen and Saenko, Kate},
  booktitle={Computer Vision--ECCV 2016 Workshops: Amsterdam, The Netherlands, October 8-10 and 15-16, 2016, Proceedings, Part III 14},
  pages={443--450},
  year={2016}
}

@inproceedings{sun2016return,
  title={Return of frustratingly easy domain adaptation},
  author={Sun, Baochen and Feng, Jiashi and Saenko, Kate},
  booktitle={Proceedings of the AAAI conference on artificial intelligence},
  year={2016}
}




@article{chen2022easy,
  title={Easy domain adaptation for cross-subject multi-view emotion recognition},
  author={Chen, Chuangquan and Vong, Chi-Man and Wang, Shitong and Wang, Hongtao and Pang, Miaoqi},
  journal={Knowledge-Based Systems},
  pages={107982},
  year={2022}
}



@inproceedings{li2022align,
  title={Align and prompt: Video-and-language pre-training with entity prompts},
  author={Li, Dongxu and Li, Junnan and Li, Hongdong and Niebles, Juan Carlos and Hoi, Steven CH},
  booktitle={Proceedings of the IEEE/CVF Conference on Computer Vision and Pattern Recognition},
  pages={4953--4963},
  year={2022}
}



@article{lin2022egocentric,
  title={Egocentric video-language pretraining},
  author={Lin, Kevin Qinghong and Wang, Jinpeng and Soldan, Mattia and Wray, Michael and Yan, Rui and XU, Eric Z and Gao, Difei and Tu, Rong-Cheng and Zhao, Wenzhe and Kong, Weijie and others},
  journal={Advances in Neural Information Processing Systems},
  pages={7575--7586},
  year={2022}
}



@article{chen2023unsupervised,
  title={Unsupervised person re-identification via multi-domain joint learning},
  author={Chen, Feng and Wang, Nian and Tang, Jun and Yan, Pu and Yu, Jun},
  journal={Pattern Recognition},
  volume={138},
  pages={109369},
  year={2023}
}




@article{xu2023multi,
  title={Multi-Source Video Domain Adaptation with Temporal Attentive Moment Alignment Network},
  author={Xu, Yuecong and Yang, Jianfei and Cao, Haozhi and Wu, Keyu and Wu, Min and Li, Zhengguo and Chen, Zhenghua},
  journal={IEEE Transactions on Circuits and Systems for Video Technology},
  year={2023}
}



@inproceedings{lu2023exploiting,
  title={Exploiting Instance-based Mixed Sampling via Auxiliary Source Domain Supervision for Domain-adaptive Action Detection},
  author={Lu, Yifan and Singh, Gurkirt and Saha, Suman and Van Gool, Luc},
  booktitle={Proceedings of the IEEE/CVF Winter Conference on Applications of Computer Vision},
  pages={4145--4156},
  year={2023}
}




@inproceedings{cho2023domain,
  title={Domain Adaptive Video Semantic Segmentation via Cross-Domain Moving Object Mixing},
  author={Cho, Kyusik and Lee, Suhyeon and Seong, Hongje and Kim, Euntai},
  booktitle={Proceedings of the IEEE/CVF Winter Conference on Applications of Computer Vision},
  pages={489--498},
  year={2023}
}





@article{barz2018detecting,
  title={Detecting Regions of Maximal Divergence for Spatio-Temporal Anomaly Detection.},
  author={Barz, B and Rodner, E and Garcia, YG and Denzler, J},
  journal={IEEE Transactions on Pattern Analysis and Machine Intelligence},
  pages={1088--1101},
  year={2018}
}

@article{li2021maximum,
  title={Maximum Density Divergence for Domain Adaptation},
  author={Li, Jingjing and Chen, Erpeng and Ding, Zhengming and Zhu, Lei and Lu, Ke and Shen, Heng Tao},
  journal={IEEE Transactions on Pattern Analysis and Machine Intelligence},
  pages={3918--3930},
  year={2021},
}



@article{li2021central,
  title={Central moment discrepancy based domain adaptation for intelligent bearing fault diagnosis},
  author={Li, Xudong and Hu, Yang and Zheng, Jianhua and Li, Mingtao and Ma, Wenzhen},
  journal={Neurocomputing},
  pages={12--24},
  year={2021}
}


@article{zellinger2017central,
  title={Central moment discrepancy (cmd) for domain-invariant representation learning},
  author={Zellinger, Werner and Grubinger, Thomas and Lughofer, Edwin and Natschl{\"a}ger, Thomas and Saminger-Platz, Susanne},
  journal={arXiv preprint arXiv:1702.08811},
  year={2017}
}



@inproceedings{lee2019sliced,
  title={Sliced wasserstein discrepancy for unsupervised domain adaptation},
  author={Lee, Chen-Yu and Batra, Tanmay and Baig, Mohammad Haris and Ulbricht, Daniel},
  booktitle={Proceedings of the IEEE/CVF conference on computer vision and pattern recognition},
  pages={10285--10295},
  year={2019}
}




@article{ganin2016domain,
  title={Domain-adversarial training of neural networks},
  author={Ganin, Yaroslav and Ustinova, Evgeniya and Ajakan, Hana and Germain, Pascal and Larochelle, Hugo and Laviolette, Fran{\c{c}}ois and Marchand, Mario and Lempitsky, Victor},
  journal={The journal of machine learning research},
  pages={2096--2030},
  year={2016}
}


@inproceedings{pan2019transferrable,
  title={Transferrable prototypical networks for unsupervised domain adaptation},
  author={Pan, Yingwei and Yao, Ting and Li, Yehao and Wang, Yu and Ngo, Chong-Wah and Mei, Tao},
  booktitle={Proceedings of the IEEE/CVF conference on computer vision and pattern recognition},
  pages={2239--2247},
  year={2019}
}




@inproceedings{kang2019contrastive,
  title={Contrastive adaptation network for unsupervised domain adaptation},
  author={Kang, Guoliang and Jiang, Lu and Yang, Yi and Hauptmann, Alexander G},
  booktitle={Proceedings of the IEEE/CVF conference on computer vision and pattern recognition},
  pages={4893--4902},
  year={2019}
}




@inproceedings{xie2018learning,
  title={Learning semantic representations for unsupervised domain adaptation},
  author={Xie, Shaoan and Zheng, Zibin and Chen, Liang and Chen, Chuan},
  booktitle={International conference on machine learning},
  pages={5423--5432},
  year={2018}
}





@article{flamary2016optimal,
  title={Optimal transport for domain adaptation},
  author={Flamary, R and Courty, N and Tuia, D and Rakotomamonjy, A},
  journal={IEEE Trans. Pattern Anal. Mach. Intell},
  year={2016}
}


@article{courty2017joint,
  title={Joint distribution optimal transportation for domain adaptation},
  author={Courty, Nicolas and Flamary, R{\'e}mi and Habrard, Amaury and Rakotomamonjy, Alain},
  journal={Advances in neural information processing systems},
  year={2017}
}


@inproceedings{long2017deep,
  title={Deep transfer learning with joint adaptation networks},
  author={Long, Mingsheng and Zhu, Han and Wang, Jianmin and Jordan, Michael I},
  booktitle={International conference on machine learning},
  pages={2208--2217},
  year={2017}
}

@inproceedings{yan2017mind,
  title={Mind the class weight bias: Weighted maximum mean discrepancy for unsupervised domain adaptation},
  author={Yan, Hongliang and Ding, Yukang and Li, Peihua and Wang, Qilong and Xu, Yong and Zuo, Wangmeng},
  booktitle={Proceedings of the IEEE conference on computer vision and pattern recognition},
  pages={2272--2281},
  year={2017}
}


@article{long2016unsupervised,
  title={Unsupervised domain adaptation with residual transfer networks},
  author={Long, Mingsheng and Zhu, Han and Wang, Jianmin and Jordan, Michael I},
  journal={Advances in neural information processing systems},
  year={2016}
}



@inproceedings{long2015learning,
  title={Learning transferable features with deep adaptation networks},
  author={Long, Mingsheng and Cao, Yue and Wang, Jianmin and Jordan, Michael},
  booktitle={International conference on machine learning},
  pages={97--105},
  year={2015}
}


@article{goodfellow2020generative,
  title={Generative adversarial networks},
  author={Goodfellow, Ian and Pouget-Abadie, Jean and Mirza, Mehdi and Xu, Bing and Warde-Farley, David and Ozair, Sherjil and Courville, Aaron and Bengio, Yoshua},
  journal={Communications of the ACM},
  pages={139--144},
  year={2020}
}


@article{dong2021dual,
  title={Dual encoding for video retrieval by text},
  author={Dong, Jianfeng and Li, Xirong and Xu, Chaoxi and Yang, Xun and Yang, Gang and Wang, Xun and Wang, Meng},
  journal={IEEE Transactions on Pattern Analysis and Machine Intelligence},
  pages={4065--4080},
  year={2021}
}

@inproceedings{dzabraev2021mdmmt,
  title={Mdmmt: Multidomain multimodal transformer for video retrieval},
  author={Dzabraev, Maksim and Kalashnikov, Maksim and Komkov, Stepan and Petiushko, Aleksandr},
  booktitle={Proceedings of the IEEE/CVF Conference on Computer Vision and Pattern Recognition},
  pages={3354--3363},
  year={2021}
}


@inproceedings{haoxiaoshuai2023cvpr,
  title={Dual Alignment Unsupervised Domain Adaptation for Video-Text Retrieval},
  author={Xiaoshuai Hao and Wanqian Zhang and Dayan Wu and Fei Zhu and Bo Li},
  booktitle={Proceedings of the IEEE/CVF conference on computer vision and pattern recognition},
  year={2023}
}



@inproceedings{haoxiaoshuai1,
  author    = {Xiaoshuai Hao and
               Yucan Zhou and
               Dayan Wu and
               Wanqian Zhang and
               Bo Li and
               Weiping Wang and
               Dan Meng},
  title     = {What Matters: Attentive and Relational Feature Aggregation Network
               for Video-Text Retrieval},
  booktitle = {International Conference on Multimedia and Expo},
  pages     = {1--6},
  year      = {2021}
}

@inproceedings{haoxiaoshuai2,
  author    = {Xiaoshuai Hao and
               Yucan Zhou and
               Dayan Wu and
               Wanqian Zhang and
               Bo Li and
               Weiping Wang},
               title     = {Multi-feature graph attention network for cross-modal video-text retrieval},        
  booktitle = {International Conference on Multimedia Retrieval},
  pages     = {135--143},
  year      = {2021}
}


@article{haoxiaoshuai3,
  author    = {Samuel Albanie and
               Yang Liu and
               Arsha Nagrani and
               Antoine Miech and
               Ernesto Coto and
               Ivan Laptev and
               Rahul Sukthankar and
               Bernard Ghanem and
               Andrew Zisserman and
               Valentin Gabeur and
               Chen Sun and
               Karteek Alahari and
               Cordelia Schmid and
               Shizhe Chen and
               Yida Zhao and
               Qin Jin and
               Kaixu Cui and
               Hui Liu and
               Chen Wang and
               Yudong Jiang and
               Xiaoshuai Hao},
  title     = {The End-of-End-to-End: {A} Video Understanding Pentathlon Challenge
               {(2020)}},
  journal={arXiv preprint arXiv:2008.00744},
	year={2020}
}


@inproceedings{haoxiaoshuai4,
  author    = {Xiaoshuai Hao and
               Yi Zhu and
               Srikar Appalaraju and
               Aston Zhang and
               Wanqian Zhang and
               Bo Li and
               Mu Li},
  title     = {MixGen: {A} New Multi-Modal Data Augmentation},
  booktitle = {Winter Conference on Applications of Computer Vision Workshops},
  pages     = {379--389},
  year      = {2023}
}

@inproceedings{haoxiaoshuai5,
  author    = {Xiaoshuai Hao and
               Wanqian Zhang and
               Dayan Wu and
               Fei Zhu and
               Bo Li},
  title     = {Listen and Look: Multi-Modal Aggregation and Co-Attention Network
               for Video-Audio Retrieval},
  booktitle = {International Conference on Multimedia and Expo},
  pages     = {1--6},
  year      = {2022}
}




%iie-mr
@inproceedings{wu2017deep,
	title={Deep Supervised Hashing for Multi-Label and Large-Scale Image Retrieval},
	author={Wu, Dayan and Lin, Zheng and Li, Bo and Ye, Mingzhen and Wang, Weiping},
	booktitle={Proceedings of the ACM on International Conference on Multimedia Retrieval},
	year={2017}
}

@inproceedings{wu2018deep,
	title={Deep Index-Compatible Hashing for Fast Image Retrieval},
	author={Wu, Dayan and Liu, Jing and Li, Bo and Wang, Weiping},
	booktitle={IEEE International Conference on Multimedia and Expo},
	year={2018}	
}

@inproceedings{wu2018deep2,
	title={Deep uniqueness-aware hashing for fine-grained multi-label image retrieval},
	author={Wu, Dayan and Lin, Zheng and Li, Bo and Liu, Jing and Wang, Weiping},
	booktitle={IEEE International Conference on Acoustics, Speech and Signal Processing},
	year={2018}
}

@inproceedings{liu2018robust,
	title={Robust and Index-Compatible Deep Hashing for Accurate and Fast Image Retrieval},
	author={Liu, Jing and Wu, Dayan and Zhang, Wanqian and Li, Bo and Wang, Weiping},
	booktitle={Pacific Rim Conference on Multimedia},
	year={2018}
}

@inproceedings{wu2019deep,
	title={Deep Incremental Hashing Network for Efficient Image Retrieval},
	author={Wu, Dayan and Dai, Qi and Liu, Jing and Li, Bo and Wang, Weiping},
	booktitle={Proceedings of the IEEE/CVF Conference on Computer Vision and Pattern Recognition},
	year={2019}
}



@inproceedings{2022cvprdongxu,
  author    = {Dongxu Li and
               Junnan Li and
               Hongdong Li and
               Juan Carlos Niebles and
               Steven C. H. Hoi},
  title     = {Align and Prompt: Video-and-Language Pre-training with Entity Prompts},
  booktitle={Proceedings of the IEEE/CVF Conference on Computer Vision and Pattern Recognition},
  pages     = {4943--4953},
  year      = {2022}
}





@inproceedings{tsai2019domain,
	title={Domain adaptation for structured output via discriminative patch representations},
	author={Tsai, Yi-Hsuan and Sohn, Kihyuk and Schulter, Samuel and Chandraker, Manmohan},
	booktitle={Proceedings of the IEEE/CVF International Conference on Computer Vision},
	pages={1456--1465},
	year={2019}
}

@inproceedings{liu2021feddg,
	title={Feddg: Federated domain generalization on medical image segmentation via episodic learning in continuous frequency space},
	author={Liu, Quande and Chen, Cheng and Qin, Jing and Dou, Qi and Heng, Pheng-Ann},
	booktitle={Proceedings of the IEEE/CVF Conference on Computer Vision and Pattern Recognition},
	pages={1013--1023},
	year={2021}
}

@inproceedings{zhang2019fast,
	title={Fast and Multilevel Semantic-Preserving Discrete Hashing},
	author={Zhang, Wanqian and Wu, Dayan and Liu, Jing and Li, Bo and Gu, Xiaoyan and Wang, Weiping and Meng, Dan},
	booktitle={British Machine Vision Conference},
	year={2019}
}

@inproceedings{gu2019adversary,
	title={Adversary guided asymmetric hashing for cross-modal retrieval},
	author={Gu, Wen and Gu, Xiaoyan and Gu, Jingzi and Li, Bo and Xiong, Zhi and Wang, Weiping},
	booktitle={Proceedings of the ACM on International Conference on Multimedia Retrieval},
	year={2019}
}

@inproceedings{yang2020deep,
	title={Deep Semantic-Alignment Hashing for Unsupervised Cross-Modal Retrieval},
	author={Yang, Dejie and Wu, Dayan and Zhang, Wanqian and Zhang, Haisu and Li, Bo and Wang, Weiping},
	booktitle={Proceedings of the ACM on International Conference on Multimedia Retrieval},
	year={2020}
}

@inproceedings{xiong2020deep,
	title={Deep Discrete Attention Guided Hashing for Face Image Retrieval},
	author={Xiong, Zhi and Wu, Dayan and Gu, Wen and Zhang, Haisu and Li, Bo and Wang, Weiping},
	booktitle={Proceedings of the ACM on International Conference on Multimedia Retrieval},
	year={2020}
}

@inproceedings{huang2020marginalized,
	title={Marginalized Graph Attention Hashing for Zero-Shot Image Retrieval},
	author={Huang, Meixue and Wu, Dayan and Zhang, Wanqian and Xiong, Zhi and Li, Bo and Wang, Weiping},
	booktitle={British Machine Vision Conference},
	year={2020}
}

@inproceedings{zhao2020mm,
	title={Asymmetric Deep Hashing for Efficient Hash Code Compression},
	author={Zhao, Shu and Wu, Dayan and Zhang, Wanqian and Zhou, Yu and Li, Bo and Wang, Weiping},
	booktitle={Proceedings of the ACM International Conference on Multimedia}, 
	year = {2020}
}

@inproceedings{zhang2020mm,
	title = {Deep Unsupervised Hybrid-similarity Hadamard Hashing},
	author = {Zhang, Wanqian and Wu, Dayan and Zhou, Yu and Li, Bo and Wang, Weiping and Meng, Dan},
	booktitle={Proceedings of the ACM International Conference on Multimedia}, 
	year = {2020}
}

@inproceedings{hao2021what,
	title={What Matters: Attentive and Relational Feature Aggreggation Network for Video-Text Retrieval},
	author={Hao, Xiaoshuai and Zhou, Yucan and Wu, Dayan and Zhang, Wanqian and Li, Bo and Wang, Weiping and Meng, Dan},
	booktitle={IEEE International Conference on Multimedia and Expo},
	year={2021}	
}

@inproceedings{hao2021multi,
	title={Multi-Feature Graph Attention Network for Cross-Modal Video-Text Retrieval},
	author={Hao, Xiaoshuai and Zhou, Yucan and Wu, Dayan and Zhang, Wanqian and Li, Bo and Wang, Weiping},
	booktitle={Proceedings of the ACM on International Conference on Multimedia Retrieval},
	year={2021}
}

@inproceedings{cheng2021disturbance,
	title={Disturbance Consistent Self-Ensembling For Semi-Supervised Hashing},
	author={Cheng, Shuai and Zhou, Yucan and Wu, Dayan and Zhang, Haisu and Li, Bo and Wang, Weiping},
	booktitle={IEEE International Conference on Multimedia and Expo},
	year={2021}	
}

@inproceedings{zhao2021rescuing,
	title={Rescuing Deep Hashing from Dead Bits Problem},
	author={Zhao, Shu and Wu, Dayan and Zhou, Yucan and Li, Bo and Wang, Weiping},
	booktitle={Proceedings of the International Joint Conference on Artificial Intelligence},
	year={2021}
}

@inproceedings{zhang2021binary,
	title={Binary Neural Network Hashing for Image Retrieval},
	author={Zhang, Wanqian and Wu, Dayan and Zhou, Yu and Li, Bo and Wang, Weiping and Meng, Dan},
	booktitle={Proceedings of the International ACM SIGIR Conference on Research and Development in Information Retrieval},
	year={2020}
}

@inproceedings{2021icmlchao,
  author    = {Chao Jia and
               Yinfei Yang and
               Ye Xia and
               Yi{-}Ting Chen and
               Zarana Parekh and
               Hieu Pham and
               Quoc V. Le and
               Yun{-}Hsuan Sung and
               Zhen Li and
               Tom Duerig},
  title     = {Scaling Up Visual and Vision-Language Representation Learning With
               Noisy Text Supervision},
  booktitle = {Proceedings of the International Conference on Machine Learning},
  pages     = {4904--4916},
  year      = {2021}
}

@inproceedings{2021icmlalec,
  author    = {Alec Radford and
               Jong Wook Kim and
               Chris Hallacy and
               Aditya Ramesh and
               Gabriel Goh and
               Sandhini Agarwal and
               Girish Sastry and
               Amanda Askell and
               Pamela Mishkin and
               Jack Clark and
               Gretchen Krueger and
               Ilya Sutskever},
  title     = {Learning Transferable Visual Models From Natural Language Supervision},
  booktitle = {Proceedings of the International Conference on Machine Learning},
  pages     = {8748--8763},
  year      = {2021},
}


@inproceedings{2018kuangstack,
  author    = {Kuang{-}Huei Lee and
               Xi Chen and
               Gang Hua and
               Houdong Hu and
               Xiaodong He},
  title     = {Stacked Cross Attention for Image-Text Matching},
  booktitle = { Proceedings of the European Conference on Computer Vision},
   pages     = {201--216},
  year      = {2018}
}



@inproceedings{2019kunpengvisual,
  author    = {Kunpeng Li and
               Yulun Zhang and
               Kai Li and
               Yuanyuan Li and
               Yun Fu},
  title     = {Visual Semantic Reasoning for Image-Text Matching},
  booktitle = {Proceedings of the IEEE Conference on Computer Vision and Pattern Recognition},
  pages     = {4654--4662},
  year      = {2019}
}

















%conf
@inproceedings{2020eccvmultimodal,
	title={Multi-modal Transformer for Video Retrieval},
	author={Valentin Gabeur and Chen Sun and Karteek Alahari and Cordelia Schmid},	
	booktitle={European Conference on Computer Vision},
    pages={214--229},
	year={2020}
}

@inproceedings{2020eccvshuffle,
	title={Shuffle and Attend: Video Domain Adaptation},
	author={Jinwoo Choi and Gaurav Sharma and Samuel Schulter and Jia{-}Bin Huang},
	booktitle={European Conference on Computer Vision},
	year={2020}
}

@inproceedings{2021cvprdcc,
	title={Domain Consensus Clustering for Universal Domain Adaptation},
	author={Guangrui Li and Guoliang Kang and Yi Zhu and Yunchao Wei and Yi Yang},	
	booktitle={Proceedings of the IEEE/CVF Conference on Computer Vision and Pattern Recognition},
	year={2021}
}

@inproceedings{2020wacvaction,
	title={Action Segmentation with Mixed Temporal Domain Adaptation},
	author={Min{-}Hung Chen and Baopu Li and Yingze Bao and Ghassan AlRegib},	
	booktitle={Proceedings of the IEEE/CVF Winter Conference on Applications of Computer Vision},
	year={2020}
}

@inproceedings{2020cvpractionseg,
	title={Action Segmentation With Joint Self-Supervised Temporal Domain Adaptation},
	author={Min{-}Hung Chen and Baopu Li and Yingze Bao and Ghassan AlRegib and Zsolt Kira},
	booktitle={Proceedings of the IEEE/CVF Conference on Computer Vision and Pattern Recognition},
	year={2020}
}

@inproceedings{2020bmvcunsuperised,
	title={Unsupervised Domain Adaptation for Spatio-Temporal Action Localization},
	author={Nakul Agarwal and Yi{-}Ting Chen and Behzad Dariush and Ming{-}Hsuan Yang},	
	booktitle={British Machine Vision Conference},
	year={2020}
}



@inproceedings{li2016tgif,
	title={TGIF: A new dataset and benchmark on animated GIF description},
	author={Li, Yuncheng and Song, Yale and Cao, Liangliang and Tetreault, Joel and Goldberg, Larry and Jaimes, Alejandro and Luo, Jiebo},
	booktitle={Proceedings of the IEEE/CVF Conference on Computer Vision and Pattern Recognition},
	pages={4641--4650},
	year={2016}
}

@inproceedings{guadarrama2013youtube2text,
	title={Youtube2text: Recognizing and describing arbitrary activities using semantic hierarchies and zero-shot recognition},
	author={Guadarrama, Sergio and Krishnamoorthy, Niveda and Malkarnenkar, Girish and Venugopalan, Subhashini and Mooney, Raymond and Darrell, Trevor and Saenko, Kate},
	booktitle={Proceedings of the IEEE/CVF International Conference on Computer Vision},
	pages={2712--2719},
	year={2013}
}

@inproceedings{xu2016msr-vtt,
	title={MSR-VTT: A Large Video Description Dataset for Bridging Video and Language},
	author={Xu, Jun and Mei, Tao and Yao, Ting and Rui, Yong},
	booktitle={Proceedings of the IEEE/CVF Conference on Computer Vision and Pattern Recognition},
	pages={5288--5296},
	year={2016}
}

@inproceedings{kiros2014unifying,
	title={Unifying Visual-Semantic Embeddings with Multimodal Neural Language Models},
	author={Kiros, Ryan and Salakhutdinov, Ruslan and Zemel},
	booktitle={Proceedings of the International Conference on Neural Information Processing Systems},
	year={2014}
}

@inproceedings{frome2013devise,
	title={DeViSE: A Deep Visual-Semantic Embedding Model},
	author={Frome, Andrea and Corrado, Greg S and Shlens, Jon and Bengio, Samy and Dean, Jeffrey and Ranzato, Marcaurelio and Mikolov, Tomas},
	booktitle={Proceedings of the International Conference on Neural Information Processing Systems},
	pages={2121--2129},
	year={2013}
} 

@inproceedings{wang2018videos,
	title={Videos as Space-Time Region Graphs},
	author={Wang, Xiaolong and Gupta, Abhinav},
	booktitle={European Conference on Computer Vision},
	year={2018}
}

@inproceedings{wu2014zero-shot,
	title={Zero-Shot Event Detection Using Multi-modal Fusion of Weakly Supervised Concepts},
	author={Wu, Shuang and Bondugula, Sravanthi and Luisier, Florian and Zhuang, Xiaodan and Natarajan, Pradeep},
	booktitle={Proceedings of the IEEE/CVF Conference on Computer Vision and Pattern Recognition},
	pages={2665--2672},
	year={2014}
}

@inproceedings{wang2016learning,
	title={Learning Deep Structure-Preserving Image-Text Embeddings},
	author={Wang, Liwei and Li, Yin and Lazebnik, Svetlana},
	booktitle={Proceedings of the IEEE/CVF Conference on Computer Vision and Pattern Recognition},
	pages={5005--5013},
	year={2016}
}

@inproceedings{2018Attention,
	title={Attention Clusters: Purely Attention Based Local Feature Integration for Video Classification},
	author={ Long, Xiang  and  Gan, Chuang  and  Melo, Gerard De  and  Wu, Jiajun  and  Wen, Shilei },
	booktitle={Proceedings of the IEEE/CVF Conference on Computer Vision and Pattern Recognition},
	  pages={7834--7843},
	year={2018}
}

@inproceedings{markatopoulou2017query,
	title={Query and Keyframe Representations for Ad-hoc Video Search},
	author={Markatopoulou, Foteini and Galanopoulos, Damianos and Mezaris, Vasileios and Patras, Ioannis},
	booktitle={Proceedings of the ACM on International Conference on Multimedia Retrieval},
	pages={407--411},
	year={2017}
}

@inproceedings{habibian2014composite,
	title={Composite Concept Discovery for Zero-Shot Video Event Detection},
	author={Habibian, Amirhossein and Mensink, Thomas and Snoek, Cees G M},
	booktitle={Proceedings of the ACM on International Conference on Multimedia Retrieval},
	pages={17--24},
	year={2014}
}

@inproceedings{liu2021adaptive,
	title={Adaptive Cross-Modal Prototypes for Cross-Domain Visual-Language Retrieval},
	author={Liu, Yang and Chen, Qingchao and Albanie, Samuel},
	booktitle={Proceedings of the IEEE/CVF Conference on Computer Vision and Pattern Recognition},
	pages={14954--14964},
	year={2021}
}

@inproceedings{chen2021mind,
	title={Mind-the-Gap! Unsupervised Domain Adaptation for Text-Video Retrieval},
	author={Chen, Qingchao and Liu, Yang and Albanie, Samuel},
	booktitle={Proceedings of the AAAI Conference on Artificial Intelligence},
	pages={1072--1080},
	year={2021}
}

@inproceedings{song2019polysemous,
	title={Polysemous Visual-Semantic Embedding for Cross-Modal Retrieval},
	author={Song, Yale and Soleymani, Mohammad},
	booktitle={Proceedings of the IEEE/CVF Conference on Computer Vision and Pattern Recognition},
	pages={1979--1988},
	year={2019}
}

@inproceedings{mithun2018learning,
	title={Learning Joint Embedding with Multimodal Cues for Cross-Modal Video-Text Retrieval},
	author={Mithun, Niluthpol Chowdhury and Li, Juncheng and Metze, Florian and Roychowdhury, Amit K},
	booktitle={Proceedings of the ACM on International Conference on Multimedia Retrieval},
	pages={19--27},
	year={2018}
}

@inproceedings{liu2019transferable,
	title={Transferable adversarial training: A general approach to adapting deep classifiers},
	author={Liu, Hong and Long, Mingsheng and Wang, Jianmin and Jordan, Michael},
	booktitle={Proceedings of the International Conference on Machine Learning},
	pages={4013--4022},
	year={2019}
}


@article{Liu2019a,
  title={Use what you have: Video retrieval using representations from collaborative experts},
  author={Liu, Yang and Albanie, Samuel and Nagrani, Arsha and Zisserman, Andrew},
  journal={arXiv preprint arXiv:1907.13487},
  year={2019}
}

@inproceedings{li2019w2vv++:,
	title={W2VV++: Fully Deep Learning for Ad-hoc Video Search},
	author={Li, Xirong and Xu, Chaoxi and Yang, Gang and Chen, Zhineng and Dong, Jianfeng},
	booktitle={Proceedings of the ACM International Conference on Multimedia},
	pages={1786--1794},
	year={2019}
}

@inproceedings{FidlerVSE,
	title={VSE++: Improving Visual-Semantic Embeddings with Hard Negatives},
	author={ Faghri, Fartash  and  Fleet, David J  and  Kiros, Jamie Ryan  and  Fidler, Sanja },
	booktitle={British Machine Vision Conference},
	year={2018}
}

@inproceedings{dong2019dual,
	title={Dual Encoding for Zero-Example Video Retrieval},
	author={Dong, Jianfeng and Li, Xirong and Xu, Chaoxi and Ji, Shouling and He, Yuan and Yang, Gang and Wang, Xun},
	booktitle={Proceedings of the IEEE/CVF Conference on Computer Vision and Pattern Recognition},
	pages={9346--9355},
	year={2019}
}



@inproceedings{2018nipsmingsheng,
  author    = {Mingsheng Long and
               Zhangjie Cao and
               Jianmin Wang and
               Michael I. Jordan},
  title     = {Conditional Adversarial Domain Adaptation},
  booktitle = {Annual Conference on Neural Information Processing Systems},
  pages     = {1647--1657},
  year      = {2018}
}







@inproceedings{chen2020fine-grained,
	title={Fine-grained Video-Text Retrieval with Hierarchical Graph Reasoning},
	author={Chen, Shizhe and Zhao, Yida and Jin, Qin and Wu, Qi},
	booktitle={Proceedings of the IEEE/CVF Conference on Computer Vision and Pattern Recognition},
	pages     = {10635--10644},
	year={2020}
}

@inproceedings{2020CVPRmultimodal,
	title={Multi-Modal Domain Adaptation for Fine-Grained Action Recognition},
	author={Jonathan Munro and Dima Damen},
	booktitle={Proceedings of the IEEE/CVF Conference on Computer Vision and Pattern Recognition},
	pages={119--129},
	year={2020}
}

@inproceedings{2019iccvtemporal,
	title={Temporal Attentive Alignment for Large-Scale Video Domain Adaptation},
	author={Min{-}Hung Chen and Zsolt Kira and Ghassan Alregib and Jaekwon Yoo and Ruxin Chen and Jian Zheng},	
	booktitle={Proceedings of the IEEE/CVF International Conference on Computer Vision},
	pages={6320--6329},
	year={2019}
}

@inproceedings{2017iccvshow,
	title={Show, Adapt and Tell: Adversarial Training of Cross-Domain Image Captioner},
	author={Tseng{-}Hung Chen and Yuan{-}Hong Liao and Ching{-}Yao Chuang and Wan Ting Hsu and Jianlong Fu and Min Sun},
	booktitle={Proceedings of the IEEE/CVF International Conference on Computer Vision},
	pages={521--530},
	year={2017}
	
}

@inproceedings{2018cvprcrossdataset,
	title={Cross-Dataset Adaptation for Visual Question Answering},
	author={Wei{-}Lun Chao and Hexiang Hu and Fei Sha},	
	booktitle={Proceedings of the IEEE/CVF Conference on Computer Vision and Pattern Recognition},
	pages={5716--5725},
	year={2018}
}

@inproceedings{2021cvprt2vlad,
	title={{T2VLAD:} Global-Local Sequence Alignment for Text-Video Retrieval},
	author={Xiaohan Wang and Linchao Zhu and Yi Yang},	
	booktitle={Proceedings of the IEEE/CVF Conference on Computer Vision and Pattern Recognition},
	 pages={5079--5088},
	year={2021}
}

@inproceedings{2020wacvprogressive,
	title={Progressive Domain Adaptation for Object Detection},
	author={Han{-}Kai Hsu and Chun{-}Han Yao and Yi{-}Hsuan Tsai and Wei{-}Chih Hung and Hung{-}Yu Tseng and Maneesh Kumar Singh and Ming{-}Hsuan Yang},
	booktitle={IEEE Winter Conference on Applications of Computer Vision},
	pages={738--746},
	year={2020}
}

@inproceedings{2015icmlunsuperiver,
	title={Unsupervised Domain Adaptation by Backpropagation},
	author={Yaroslav Ganin and Victor S. Lempitsky},	
	booktitle={Proceedings of the International Conference on Machine Learning},
	pages={1180--1189},
	year={2015}
}

@inproceedings{2021iccvsemantic,
	title={Semantic Concentration for Domain Adaptation},
    author={Shuang Li and Mixue Xie and Fangrui Lv and Chi Harold Liu and Jian Liang and Chen Qin and Wei Li}, 
	booktitle={Proceedings of the IEEE/CVF International Conference on Computer Vision},
	pages={9102--9111},
	year={2021}
}

@inproceedings{2021iccvidm,
    title={IDM: An Intermediate Domain Module for Domain Adaptive Person Re-ID},
    author={Dai, Yongxing and Liu, Jun and Sun, Yifan and Tong, Zekun and Zhang, Chi and Duan, Ling-Yu},
    booktitle={Proceedings of the IEEE/CVF International Conference on Computer Vision},
    year={2021}
}

@inproceedings{chao2018cross,
	title={Cross-dataset adaptation for visual question answering},
	author={Chao, Wei-Lun and Hu, Hexiang and Sha, Fei},
	booktitle={Proceedings of the IEEE/CVF Conference on Computer Vision and Pattern Recognition},
	pages={5716--5725},
	year={2018}
}


@article{2021arixvclip2video,
  author    = {Han Fang and
               Pengfei Xiong and
               Luhui Xu and
               Yu Chen},
  title     = {CLIP2Video: Mastering Video-Text Retrieval via Image {CLIP}},
  journal   = {CoRR},
  volume    = {abs/2106.11097},
  year      = {2021},
  eprinttype = {arXiv},
  eprint    = {2106.11097}
}













@inproceedings{2020eccvmmt,
  author    = {Valentin Gabeur and
               Chen Sun and
               Karteek Alahari and
               Cordelia Schmid},
  title     = {Multi-modal Transformer for Video Retrieval},
  booktitle = {European Conference on Computer Vision},
  pages     = {214--229},
  year      = {2020}
}




@inproceedings{2021cvprbestpooling,
	title={Learning the Best Pooling Strategy for Visual Semantic Embedding},
    author={Jiacheng Chen and Hexiang Hu and Hao Wu and Yuning Jiang and Changhu Wang},
    booktitle={Proceedings of the IEEE/CVF Conference on Computer Vision and Pattern Recognition},
    pages={15789--15798},
    year={2021}
}

@inproceedings{2018eccvdeepjdot,
	title={DeepJDOT: Deep Joint Distribution Optimal Transport for Unsupervised
	Domain Adaptation},
	author={Bharath Bhushan Damodaran and Benjamin Kellenberger and R{\'{e}}mi Flamary and Devis Tuia and Nicolas Courty},
	booktitle={European Conference on Computer Vision},
	pages={467--483},
	year={2018}
}



@inproceedings{huang2018deep,
	title={Deep cross-media knowledge transfer},
	author={Huang, Xin and Peng, Yuxin},
	booktitle={Proceedings of the IEEE/CVF Conference on Computer Vision and Pattern Recognition},
	pages={8837--8846},
	year={2018}
}

@inproceedings{chang2015semantic,
	title={Semantic concept discovery for large-scale zero-shot event detection},
	author={Chang, Xiaojun and Yang, Yi and Hauptmann, Alexander G and Xing, Eric P and Yu, Yaoliang},
	booktitle={Proceedings of the International Joint Conference on Artificial Intelligence},
	pages={2234--2240},
	year={2015}
}

@inproceedings{2017icmldeep,
	title={Deep Transfer Learning with Joint Adaptation Networks},
	author={Mingsheng Long and Han Zhu and Jianmin Wang and Michael I. Jordan},	
	booktitle={Proceedings of the International Conference on Machine Learning},
	 pages={2208--2217},
	year={2017}
}

@inproceedings{2016eccvdeepcoral,
	title={Deep {CORAL:} Correlation Alignment for Deep Domain Adaptation},
	author={Sun, Baochen and Saenko, Kate},
	booktitle={European Conference on Computer Vision},
	volume={9915},
	pages={443--450},
	year={2016}
}
@inproceedings{sultani2018real,
	title={Real-world anomaly detection in surveillance videos},
	author={Sultani, Waqas and Chen, Chen and Shah, Mubarak},
	booktitle={Proceedings of the IEEE/CVF Conference on Computer Vision and Pattern Recognition},
	year={2018}
}

@inproceedings{gao2017red,
	title={Red: Reinforced encoder-decoder networks for action anticipation},
	author={Gao, Jiyang and Yang, Zhenheng and Nevatia, Ram},
	booktitle={British Machine Vision Conference},
	year={2017}
}

@inproceedings{shou2018online,
	title={Online detection of action start in untrimmed, streaming videos},
	author={Shou, Zheng and Pan, Junting and Chan, Jonathan and Miyazawa, Kazuyuki and Mansour, Hassan and Vetro, Anthony and Giro-i-Nieto, Xavier and Chang, Shih-Fu},
	booktitle={European Conference on Computer Vision},
	year={2018}
}

@inproceedings{ke2019time,
	title={Time-conditioned action anticipation in one shot},
	author={Ke, Qiuhong and Fritz, Mario and Schiele, Bernt},
	booktitle={Proceedings of the IEEE/CVF Conference on Computer Vision and Pattern Recognition},
	year={2019}
}

@inproceedings{furnari2019would,
	title={What would you expect? anticipating egocentric actions with rolling-unrolling lstms and modality attention},
	author={Furnari, Antonino and Farinella, Giovanni Maria},
	booktitle={Proceedings of the IEEE/CVF International Conference on Computer Vision},
	year={2019}
}

@inproceedings{damen2018scaling,
	title={Scaling egocentric vision: The epic-kitchens dataset},
	author={Damen, Dima and Doughty, Hazel and Farinella, Giovanni Maria and Fidler, Sanja and Furnari, Antonino and Kazakos, Evangelos and Moltisanti, Davide and Munro, Jonathan and Perrett, Toby and Price, Will and others},
	booktitle={European Conference on Computer Vision},
	year={2018}
}

@inproceedings{furnari2019would,
	title={What would you expect? anticipating egocentric actions with rolling-unrolling lstms and modality attention},
	author={Furnari, Antonino and Farinella, Giovanni Maria},
	booktitle={Proceedings of the IEEE/CVF International Conference on Computer Vision},
	year={2019}
}

@inproceedings{mahmud2017joint,
	title={Joint prediction of activity labels and starting times in untrimmed videos},
	author={Mahmud, Tahmida and Hasan, Mahmudul and Roy-Chowdhury, Amit K},
	booktitle={Proceedings of the IEEE/CVF International Conference on Computer Vision},
	year={2017}
}

@inproceedings{vondrick2016anticipating,
	title={Anticipating visual representations from unlabeled video},
	author={Vondrick, Carl and Pirsiavash, Hamed and Torralba, Antonio},
	booktitle={Proceedings of the IEEE/CVF Conference on Computer Vision and Pattern Recognition},
	year={2016}
}

@inproceedings{wang2020online,
	title={Online collective matrix factorization hashing for large-scale cross-media retrieval},
	author={Wang, Di and Wang, Quan and An, Yaqiang and Gao, Xinbo and Tian, Yumin},
	booktitle={Proceedings of the International ACM SIGIR Conference on Research and Development in Information Retrieval},
	year={2020}
}

@inproceedings{yang2020nonlinear,
	title={Nonlinear Robust Discrete Hashing for Cross-Modal Retrieval},
	author={Yang, Zhan and Long, Jun and Zhu, Lei and Huang, Wenti},
	booktitle={Proceedings of the International ACM SIGIR Conference on Research and Development in Information Retrieval},
	year={2020}
}

@inproceedings{hubara2016binarized,
	title={Binarized neural networks},
	author={Hubara, Itay and Courbariaux, Matthieu and Soudry, Daniel and El-Yaniv, Ran and Bengio, Yoshua},
	booktitle={Proceedings of the International Conference on Neural Information Processing Systems},
	year={2016}
}

@inproceedings{liu2020reactnet,
	title={Reactnet: Towards precise binary neural network with generalized activation functions},
	author={Liu, Zechun and Shen, Zhiqiang and Savvides, Marios and Cheng, Kwang-Ting},
	booktitle={European Conference on Computer Vision},
	year={2020}
}

@inproceedings{zheng2019binarized,
	title={Binarized Neural Networks for Resource-Efficient Hashing with Minimizing Quantization Loss},
	author={Zheng, Feng and Deng, Cheng and Huang, Heng},
	booktitle={Proceedings of the International Joint Conference on Artificial Intelligence},
	year={2019}
}

@inproceedings{xin2020binarized,
	title={Binarized neural network for single image super resolution},
	author={Xin, Jingwei and Wang, Nannan and Jiang, Xinrui and Li, Jie and Huang, Heng and Gao, Xinbo},
	booktitle={European Conference on Computer Vision},
	year={2020}
}

@inproceedings{zhuang2019structured,
	title={Structured binary neural networks for accurate image classification and semantic segmentation},
	author={Zhuang, Bohan and Shen, Chunhua and Tan, Mingkui and Liu, Lingqiao and Reid, Ian},
	booktitle={Proceedings of the IEEE/CVF Conference on Computer Vision and Pattern Recognition},
	year={2019}
}

@inproceedings{wang2020bidet,
	title={BiDet: An efficient binarized object detector},
	author={Wang, Ziwei and Wu, Ziyi and Lu, Jiwen and Zhou, Jie},
	booktitle={Proceedings of the IEEE/CVF Conference on Computer Vision and Pattern Recognition},
	year={2020}
}

@inproceedings{kulis2009learning,
	title={Learning to Hash with Binary Reconstructive Embeddings.},
	author={Kulis, Brian and Darrell, Trevor},
	booktitle={Proceedings of the International Conference on Neural Information Processing Systems},
	year={2009}
}

@inproceedings{lin2020rotated,
	title={Rotated Binary Neural Network},
	author={Lin, Mingbao and Ji, Rongrong and Xu, Zihan and Zhang, Baochang and Wang, Yan and Wu, Yongjian and Huang, Feiyue and Lin, Chia-Wen},
	booktitle={Proceedings of the International Conference on Neural Information Processing Systems},
	year={2020}
}

@inproceedings{qin2020forward,
	title={Forward and backward information retention for accurate binary neural networks},
	author={Qin, Haotong and Gong, Ruihao and Liu, Xianglong and Shen, Mingzhu and Wei, Ziran and Yu, Fengwei and Song, Jingkuan},
	booktitle={Proceedings of the IEEE/CVF Conference on Computer Vision and Pattern Recognition},
	year={2020}
}

@inproceedings{rastegari2016xnor,
	title={Xnor-net: Imagenet classification using binary convolutional neural networks},
	author={Rastegari, Mohammad and Ordonez, Vicente and Redmon, Joseph and Farhadi, Ali},
	booktitle={European Conference on Computer Vision},
	year={2016}
}

@inproceedings{courbariaux2015binaryconnect,
	title={BinaryConnect: Training Deep Neural Networks with binary weights during propagations},
	author={Courbariaux, Matthieu and Bengio, Yoshua and David, Jean-Pierre},
	booktitle={Proceedings of the International Conference on Neural Information Processing Systems},
	year={2015}
}

@inproceedings{lai2015simultaneous,
	title={Simultaneous feature learning and hash coding with deep neural networks},
	author={Lai, Hanjiang and Pan, Yan and Liu, Ye and Yan, Shuicheng},
	booktitle={Proceedings of the IEEE/CVF Conference on Computer Vision and Pattern Recognition},
	year={2015}
}

@inproceedings{liu2016deep,
	title={Deep supervised hashing for fast image retrieval},
	author={Liu, Haomiao and Wang, Ruiping and Shan, Shiguang and Chen, Xilin},
	booktitle={Proceedings of the IEEE/CVF Conference on Computer Vision and Pattern Recognition},
	year={2016}
}

@inproceedings{zhu2016deep,
	title={Deep Hashing Network for Efficient Similarity Retrieval},
	author={Zhu, Han and Long, Mingsheng and Wang, Jianmin and Cao, Yue},
	booktitle={Proceedings of the AAAI Conference on Artificial Intelligence},
	year={2016}
}

@inproceedings{chen2017show,
	title={Show, adapt and tell: Adversarial training of cross-domain image captioner},
	author={Chen, Tseng-Hung and Liao, Yuan-Hong and Chuang, Ching-Yao and Hsu, Wan-Ting and Fu, Jianlong and Sun, Min},
	booktitle={Proceedings of the IEEE/CVF international conference on computer vision},
	pages={521--530},
	year={2017}
}

@inproceedings{shen2015supervised,
	title={Supervised discrete hashing},
	author={Shen, Fumin and Shen, Chunhua and Liu, Wei and Tao Shen, Heng},
	booktitle={Proceedings of the IEEE/CVF Conference on Computer Vision and Pattern Recognition},
	year={2015}
}

@inproceedings{jiang2018asymmetric,
	title={Asymmetric Deep Supervised Hashing},
	author={Qing-Yuan Jiang and Wu-Jun Li},
	booktitle={Proceedings of the AAAI Conference on Artificial Intelligence},
	year={2018}
}

@inproceedings {zhao2015deep,
	title={Deep semantic ranking based hashing for multi-label image retrieval},
	author={Fang Zhao and Y. Huang and L. Wang and Tieniu Tan},
	booktitle={Proceedings of the IEEE/CVF Conference on Computer Vision and Pattern Recognition},
	year={2015}
}

@inproceedings{Song2018learning,
	title={Learning Multilevel Semantic Similarity for Large-Scale Multi-Label Image Retrieval},
	author={Song, Ge and Tan, Xiaoyang},
	booktitle={Proceedings of the ACM on International Conference on Multimedia Retrieval},
	year={2018}
}

@inproceedings{yair2009spectral,
	title={Spectral Hashing},
	author={Weiss, Yair and Torralba, Antonio and Fergus, Rob},
	booktitle={Proceedings of the International Conference on Neural Information Processing Systems},
	year={2009}
}

@inproceedings{gong2011iterative, 
	title={Iterative quantization: A procrustean approach to learning binary codes},
	author={Gong, Yunchao and Lazebnik, Svetlana and Gordo, Albert and Perronnin, Florent}, 
	booktitle={Proceedings of the IEEE Conference on Computer Vision and Pattern Recognition},
	year={2011}
}

@inproceedings{li2017deep,
	title={Deep Supervised Discrete Hashing},
	author={Li, Qi and Sun, Zhenan and He, Ran and Tan, Tieniu},
	booktitle={Proceedings of the International Conference on Neural Information Processing Systems},
	year={2017}
}

@inproceedings{he2016deep, 
	title={Deep Residual Learning for Image Recognition},
	author={He, Kaiming and Zhang, Xiangyu and Ren, Shaoqing and Sun, Jian}, 
	booktitle={Proceedings of the IEEE/CVF Conference on Computer Vision and Pattern Recognition}, 
	year={2016}
}

@inproceedings{mark2008mir,
	title={The MIR Flickr retrieval evaluation},
	author={J. Huiskes, Mark and S. Lew, Michael},
	booktitle={Proceedings of the Proceedings of the ACM International Conference on Multimedia Information Retrieval},
	year={2008}
}

@inproceedings{lin2014coco,
	title={Microsoft COCO: Common Objects in Context},
	author={Lin, Tsung-Yi and Maire, Michael and Belongie, Serge and Hays, James and Perona, Pietro and Ramanan, Deva},
	booktitle={European Conference on Computer Vision},
	year={2014}
}

@inproceedings{chen2019extensible,
	title={Extensible cross-modal hashing},
	author={Chen, Tian-yi and Zhang, Lan and Zhang, Shi-cong and Li, Zi-long and Huang, Bai-chuan},
	booktitle={Proceedings of the International Joint Conference on Artificial Intelligence},
	year={2019}
}

@inproceedings{cao2016deep,
	title={Deep Quantization Network for Efficient Image Retrieval},
	author={Cao, Yue and Long, Mingsheng and Wang, Jianmin and Zhu, Han and Wen, Qingfu},
	booktitle={Proceedings of the AAAI Conference on Artificial Intelligence},
	year={2016}
}

@inproceedings{cao2017hashnet,
	title={HashNet: Deep Learning to Hash by Continuation},
	author={Cao, Zhangjie and Long, Mingsheng and Wang, Jianmin and Yu, Philip},
	booktitle={Proceedings of the IEEE/CVF International Conference on Computer Vision},
	year={2017}
}



@inproceedings{2017nipsshuyai,
  author    = {Shuai Xiao and
               Mehrdad Farajtabar and
               Xiaojing Ye and
               Junchi Yan and
               Xiaokang Yang and
               Le Song and
               Hongyuan Zha},
  title     = {Wasserstein Learning of Deep Generative Point Process Models},
  booktitle = {Advances in Neural Information Processing Systems},
  pages     = {3247--3257},
  year      = {2017}
}






@inproceedings{shen2017deep,
	title={Deep Asymmetric Pairwise Hashing},
	author={Shen, Fumin and Gao, Xin and Liu, Li and Yang, Yang and Shen, Heng Tao},
	booktitle={Proceedings of the ACM International Conference on Multimedia},
	year={2017}
} 

@inproceedings{li2018deep,
	title={Deep Joint Semantic-Embedding Hashing},
	author={Li, Ning and Li, Chao and Deng, Cheng and Liu, Xianglong and Gao, Xinbo},
	booktitle={Proceedings of the International Joint Conference on Artificial Intelligence},
	year={2018}
}

@inproceedings{gionis1999similarity,
	title={Similarity Search in High Dimensions via Hashing},
	author={Gionis, Aristides and Indyk, Piotr and Motwani, Rajeev},
	booktitle={Proceedings of the International Conference on Very Large Data Bases},
	year={1999}
}

@inproceedings{cao2018deep,
	title={Deep Cauchy Hashing for Hamming Space Retrieval},
	author={Cao, Yue and Long, Mingsheng and Liu, Bin and Wang, Jianmin},
	booktitle={Proceedings of the IEEE/CVF Conference on Computer Vision and Pattern Recognition},
	year={2018}
}

@inproceedings{deng2009imagenet,
	title={Imagenet: A large-scale hierarchical image database},
	author={Deng, Jia and Dong, Wei and Socher, Richard and Li, Li-Jia and Li, Kai and Fei-Fei, Li},
	booktitle={Proceedings of the IEEE Conference on Computer Vision and Pattern Recognition},
	year={2009}
}

@inproceedings{lin2017discriminative,
	title={Discriminative Deep Hashing for Scalable Face Image Retrieval},
	author={Jie Lin and Zechao Li and Jinhui Tang},
	booktitle={Proceedings of the International Joint Conference on Artificial Intelligence},
	year={2017}
}

@inproceedings{guo2018trivial,
	title={On Trivial Solution and High Correlation Problems in Deep Supervised Hashing},
	author={Yuchen Guo and Xin Zhao and	Guiguang Ding and Jungong Han},
	booktitle={Proceedings of the AAAI Conference on Artificial Intelligence},
	year={2018}
}

@inproceedings{lin2019towards,
	title={Towards Optimal Discrete Online Hashing with Balanced Similarity},
	author={Mingbao Lin and Rongrong Ji and	Hong Liu and Xiaoshuai Sun and Yongjian Wu and Yunsheng Wu},
	booktitle={Proceedings of the AAAI Conference on Artificial Intelligence},
	year={2019}
}

@inproceedings{caozhang2018deep,
	title={Deep Priority Hashing},
	author={Zhangjie Cao and Ziping Sun and Mingsheng Long and Jianmin Wang and Philip S. Yu},
	booktitle={Proceedings of the ACM International Conference on Multimedia},
	year={2018}
}

@inproceedings{liu2011hashing,
	title={Hashing with Graphs},
	author={Liu, Wei and Wang, Jun and Kumar, Sanjiv and Chang, Shih-Fu},
	booktitle={Proceedings of the International Conference on Machine Learning},
	year={2011}
}

@inproceedings{liu2014discrete,
	title={Discrete Graph Hashing},
	author={Liu, Wei and Mu, Cun and Kumar, Sanjiv and Chang, Shih-Fu},
	booktitle={Proceedings of the International Conference on Neural Information Processing Systems},
	year={2014}
}

@inproceedings{jiang2015scalable,
	title={Scalable Graph Hashing with Feature Transformation},
	author={Jiang, Qing-Yuan and Li, Wu-Jun},
	booktitle={Proceedings of the International Joint Conference on Artificial Intelligence},
	year={2015}
}

@inproceedings{lin2016learning,
	title={Learning Compact Binary Descriptors with Unsupervised Deep Neural Networks},
	author={Kevin {Lin} and Jiwen {Lu} and Chu-Song {Chen} and Jie {Zhou}},
	booktitle={Proceedings of the IEEE/CVF Conference on Computer Vision and Pattern Recognition},
	year={2016}
}

@inproceedings{do2016learning,
	title={Learning to Hash with Binary Deep Neural Network},
	author={Do, Thanh-Toan and Doan, Anh-Dzung and Cheung, Ngai-Man},
	booktitle={European Conference on Computer Vision},
	year={2016}
}

@inproceedings{yang2019distill,
	title={DistillHash: Unsupervised Deep Hashing by Distilling Data Pairs},
	author={Erkun Yang and Tongliang Liu and Cheng Deng and Wei Liu and Dacheng Tao},
	booktitle={Proceedings of the IEEE/CVF Conference on Computer Vision and Pattern Recognition},
	year={2019}
}

@inproceedings{yang2018semantic,
	title={Semantic Structure-based Unsupervised Deep Hashing},
	author={Erkun Yang and Cheng Deng and Tongliang Liu and Wei Liu and Dacheng Tao},
	booktitle={Proceedings of the International Joint Conference on Artificial Intelligence},
	year={2018}
}

@inproceedings{hamilton2017inductive,
	title={Inductive Representation Learning on Large Graphs},
	author={Hamilton, William L. and Ying, Rex and Leskovec, Jure},
	booktitle={Proceedings of the International Conference on Neural Information Processing Systems},
	year={2017}
}

@inproceedings{velickovic2018graph,
	title={Graph Attention Networks},
	author={Veli{\v{c}}kovi{\'{c}}, Petar and Cucurull, Guillem and Casanova, Arantxa and Romero, Adriana and Li{\`{o}}, Pietro and Bengio, Yoshua},
	booktitle={International Conference on Learning Representations},
	year={2018}
}

@inproceedings{shen2018zero,
	title = {Zero-Shot Sketch-Image Hashing},
	author = {Yuming Shen and Li Liu and Fumin Shen and Ling Shao},
	booktitle = {Proceedings of the IEEE/CVF Conference on Computer Vision and Pattern Recognition},
	year = {2018}
}

@inproceedings{borse2023x,
  title={X-Align: Cross-Modal Cross-View Alignment for Bird's-Eye-View Segmentation},
  author={Borse, Shubhankar and Klingner, Marvin and Kumar, Varun Ravi and Cai, Hong and Almuzairee, Abdulaziz and Yogamani, Senthil and Porikli, Fatih},
  booktitle={Proceedings of the IEEE/CVF Winter Conference on Applications of Computer Vision},
  pages={3287--3297},
  year={2023}
}


@inproceedings{xu2019graph,
	title={Graph Convolutional Network Hashing for Cross-Modal Retrieval},
	author={Xu, Ruiqing and Li, Chao and Yan, Junchi and Deng, Cheng and Liu, Xianglong},
	booktitle={Proceedings of the International Joint Conference on Artificial Intelligence},
	year={2019}
}

@inproceedings{kipf2017semi,
	title={Semi-Supervised Classification with Graph Convolutional Networks},
	author={Kipf, Thomas N. and Welling, Max},
	booktitle={International Conference on Learning Representations},
	year={2017}
}

@inproceedings{lin2018hadamard,
	title={Supervised Online Hashing via Hadamard Codebook Learning},
	author={Lin, Mingbao and Ji, Rongrong and Liu, Hong and Wu, Yongjian},
	booktitle={Proceedings of the ACM International Conference on Multimedia},
	year={2018}
}

@inproceedings{liu2012supervised,
	title={Supervised hashing with kernels},
	author={Liu, Wei and Wang, Jun and Ji, Rongrong and Jiang, Yu-Gang and Chang, Shih-Fu},
	booktitle={Proceedings of the IEEE Conference on Computer Vision and Pattern Recognition},
	year={2012}
}

@inproceedings{chua2009nus,
	title={NUS-WIDE: A Real-world Web Image Database from National University of Singapore},
	author={Chua, Tat-Seng and Tang, Jinhui and Hong, Richang and Li, Haojie and Luo, Zhiping and Zheng, Yantao},
	booktitle = {ACM Conference on Image and Video Retrieval},
	year = {2009}
}

@inproceedings{defferrard2016convolutional,
	title={Convolutional Neural Networks on Graphs with Fast Localized Spectral Filtering},
	author={Defferrard, Micha\"{e}l and Bresson, Xavier and Vandergheynst, Pierre},
	booktitle={Proceedings of the International Conference on Neural Information Processing Systems},
	year={2016}
}

@inproceedings{heo2012spherical,
	title={Spherical hashing},
	author={Heo, Jae-Pil and Lee, Youngwoon and He, Junfeng and Chang, Shih-Fu and Yoon, Sung-Eui},
	booktitle={Proceedings of the IEEE Conference on Computer Vision and Pattern Recognition},
	year={2012}
}

@inproceedings{dai2017stochastic,
	title={Stochastic Generative Hashing},
	author={Dai, Bo and Guo, Ruiqi and Kumar, Sanjiv and He, Niao and Song, Le},
	booktitle={Proceedings of the International Conference on Machine Learning},
	year={2017}
} 

@inproceedings{cakir2017mihash,
	title={MIHash: Online hashing with mutual information},
	author={Cakir, Fatih and He, Kun and Adel Bargal, Sarah and Sclaroff, Stan},
	booktitle={Proceedings of the IEEE/CVF International Conference on Computer Vision},
	year={2017}
}

@inproceedings{chen2019iccv,
	title={Deep Supervised Hashing with Anchor Graph},
	author={Chen, Yudong and Lai, Zhihui and Lin, Kaiyi and Wong, Wai Keung},
	booktitle={Proceedings of the IEEE/CVF International Conference on Computer Vision},
	year={2019}
}

@inproceedings{klein2019end,
	title={End-to-End Supervised Product Quantization for Image Search and Retrieval},
	author={Klein, Benjamin and Wolf, Lior},
	booktitle={Proceedings of the IEEE/CVF Conference on Computer Vision and Pattern Recognition},
	year={2019}
}

@inproceedings{chen2019similarity,
	title={Similarity Preserving Deep Asymmetric Quantization for Image Retrieval},
	author={Chen, Junjie and Cheung, William K.},
	booktitle={Proceedings of the AAAI Conference on Artificial Intelligence},
	year={2019}
}

@inproceedings{li2016feature,
	title={Feature learning based deep supervised hashing with pairwise labels},
	author={Li, Wu-Jun and Wang, Sheng and Kang, Wang-Cheng},
	booktitle={Proceedings of the International Joint Conference on Artificial Intelligence},
	year={2016}
}

@inproceedings{krizhevsky2012imagenet,
	title={ImageNet Classification with Deep Convolutional Neural Networks},
	author={Alex Krizhevsky and Sutskever, Ilya and Hinton, Geoffrey E},
	booktitle={Proceedings of the International Conference on Neural Information Processing Systems},
	year={2012}
}

@inproceedings{simonyan2014very,
	title={Very Deep Convolutional Networks for Large-Scale Image Recognition},
	author={Karen Simonyan and Andrew Zisserman},
	booktitle={International Conference on Learning Representations},
	year={2015}
}

@inproceedings{shen2020auto,
	title={Auto-Encoding Twin-Bottleneck Hashing},
	author={Shen, Yuming and Qin, Jie and Chen, Jiaxin and Yu, Mengyang and Liu, Li and Zhu, Fan and Shen, Fumin and Shao, Ling},
	booktitle={Proceedings of the IEEE/CVF Conference on Computer Vision and Pattern Recognition},
	year={2020}
}

@inproceedings{wang2020set,
	title={Set and rebase: determining the semantic graph connectivity for unsupervised cross modal hashing},
	author={Wang, Weiwei and Shen, Yuming and Zhang, Haofeng and Yao, Yazhou and Liu, Li},
	booktitle={Proceedings of the International Joint Conference on Artificial Intelligence},
	year={2020}
}

@inproceedings{liu2020deep,
	title={Deep Self-Taught Graph Embedding Hashing With Pseudo Labels For Image Retrieval},
	author={Liu, Yu and Wang, Yangtao and Song, Jingkuan and Guo, Chan and Zhou, Ke and Xiao, Zhili},
	booktitle={IEEE International Conference on Multimedia and Expo},
	year={2020}
}

@inproceedings{fan20deep,
	title={Deep polarized network for supervised learning of accurate binary hashing codes},
	author={Fan, Lixin and Ng, Kam Woh and Ju, Ce and Zhang, Tianyu and Chan, Chee Seng},
	booktitle={Proceedings of the International Joint Conference on Artificial Intelligence},
	year={2020}
}

@inproceedings{wang2019supervised,
	title={Supervised Consistent and Specific Hashing},
	author={Wang, Haitao and Meng, Min and Chen, Hui and Wu, JiGang},
	booktitle={IEEE International Conference on Multimedia and Expo},
	year={2019}
}

@inproceedings{dong2018discrete,
	title={Discrete graph hashing via affine transformation},
	author={Dong, Guohua and Zhang, Xiang and Lan, Long and Huang, Xuhui and Luo, Zhigang},
	booktitle={IEEE International Conference on Multimedia and Expo},
	year={2018}
}

@inproceedings{gu2020towards,
	title={Towards Making Unsupervised Graph Hashing Robust},
	author={Gu, Xuesong and Dong, Guohua and Zhang, Xiang and Lan, Long and Luo, Zhigang},
	booktitle={IEEE International Conference on Multimedia and Expo},
	year={2020}
}

@inproceedings{gao2017asymmetric,
	title={Asymmetric sparse hashing},
	author={Gao, Xin and Shen, Fumin and Yang, Yang and Xu, Xing and Li, Hanxi and Shen, Heng Tao},
	booktitle={IEEE International Conference on Multimedia and Expo},
	year={2017}
}

@inproceedings{xia2014supervised,
	title={Supervised hashing for image retrieval via image representation learning},
	author={Xia, Rongkai and Pan, Yan and Lai, Hanjiang and Liu, Cong and Yan, Shuicheng},
	booktitle={Proceedings of the AAAI Conference on Artificial Intelligence},
	year={2014}
}

@inproceedings{wang2010semi,
	title={Semi-supervised hashing for scalable image retrieval},
	author={Wang, Jun and Kumar, Sanjiv and Chang, Shih-Fu},
	booktitle={Proceedings of the IEEE Conference on Computer Vision and Pattern Recognition},
	year={2010}
}

@inproceedings{croitoru2021teachtext,
	title={Teachtext: Crossmodal generalized distillation for text-video retrieval},
	author={Croitoru, Ioana and Bogolin, Simion-Vlad and Leordeanu, Marius and Jin, Hailin and Zisserman, Andrew and Albanie, Samuel and Liu, Yang},
	booktitle={Proceedings of the IEEE/CVF International Conference on Computer Vision},
	pages={11583--11593},
	year={2021}
}

@inproceedings{kong2012isotropic,
	title={Isotropic hashing},
	author={Kong, Weihao and Li, Wu-Jun},
	booktitle={Proceedings of the International Conference on Neural Information Processing Systems},
	year={2012}
}

@inproceedings{goodfellow2014generative,
	title={Generative adversarial networks},
	author={Goodfellow, Ian J and Pouget-Abadie, Jean and Mirza, Mehdi and Xu, Bing and Warde-Farley, David and Ozair, Sherjil and Courville, Aaron and Bengio, Yoshua},
	booktitle={Proceedings of the International Conference on Neural Information Processing Systems},
	year={2014}
}

@inproceedings{norouzi2011minimal,
	title={Minimal loss hashing for compact binary codes},
	author={Norouzi, Mohammad and Fleet, David J},
	booktitle={Proceedings of the International Conference on Machine Learning},
	year={2011}
}

@inproceedings{he2011compact,
	title={Compact hashing with joint optimization of search accuracy and time},
	author={He, Junfeng and Chang, Shih-Fu and Radhakrishnan, Regunathan and Bauer, Claus},
	booktitle={Proceedings of the IEEE Conference on Computer Vision and Pattern Recognition},
	year={2011}
}

@inproceedings{szegedy2016rethinking,
	title={Rethinking the inception architecture for computer vision},
	author={Szegedy, Christian and Vanhoucke, Vincent and Ioffe, Sergey and Shlens, Jon and Wojna, Zbigniew},
	booktitle={Proceedings of the IEEE/CVF Conference on Computer Vision and Pattern Recognition},
	year={2016}
}

@inproceedings{isola2017image,
	title={Image-to-image translation with conditional adversarial networks},
	author={Isola, Phillip and Zhu, Jun-Yan and Zhou, Tinghui and Efros, Alexei A},
	booktitle={Proceedings of the IEEE/CVF Conference on Computer Vision and Pattern Recognition},
	year={2017}
}

@inproceedings{li2011text,
	title={Text-based image retrieval using progressive multi-instance learning},
	author={Li, Wen and Duan, Lixin and Xu, Dong and Tsang, Ivor Wai-Hung},
	booktitle={Proceedings of the IEEE International Conference on Computer Vision},
	year={2011}
}

@inproceedings{rublee2011orb,
	title={ORB: An efficient alternative to SIFT or SURF},
	author={Rublee, Ethan and Rabaud, Vincent and Konolige, Kurt and Bradski, Gary},
	booktitle={Proceedings of the IEEE International Conference on Computer Vision},
	year={2011}
}

@inproceedings{indyk1998approximate,
	title={Approximate nearest neighbors: towards removing the curse of dimensionality},
	author={Indyk, Piotr and Motwani, Rajeev},
	booktitle={Proceedings of the thirtieth annual ACM symposium on Theory of computing},
	year={1998}
}

@inproceedings{rodriguez2018action,
	title={Action anticipation by predicting future dynamic images},
	author={Rodriguez, Cristian and Fernando, Basura and Li, Hongdong},
	booktitle={European Conference on Computer Vision Workshops},
	year={2018}
}

@inproceedings{tsai2018learning,
	title={Learning to adapt structured output space for semantic segmentation},
	author={Tsai, Yi-Hsuan and Hung, Wei-Chih and Schulter, Samuel and Sohn, Kihyuk and Yang, Ming-Hsuan and Chandraker, Manmohan},
	booktitle={Proceedings of the IEEE/CVF Conference on Computer Vision and Pattern Recognition},
	pages={7472--7481},
	year={2018}
}

@inproceedings{song2021spatio,
	title={Spatio-temporal Contrastive Domain Adaptation for Action Recognition},
	author={Song, Xiaolin and Zhao, Sicheng and Yang, Jingyu and Yue, Huanjing and Xu, Pengfei and Hu, Runbo and Chai, Hua},
	booktitle={Proceedings of the IEEE/CVF Conference on Computer Vision and Pattern Recognition},
	pages={9787--9795},
	year={2021}
}

@inproceedings{pan2020adversarial,
	title={Adversarial cross-domain action recognition with co-attention},
	author={Pan, Boxiao and Cao, Zhangjie and Adeli, Ehsan and Niebles, Juan Carlos},
	booktitle={Proceedings of the AAAI Conference on Artificial Intelligence},
	pages={11815--11822},
	year={2020}
}

@inproceedings{wang2021uncertainty,
	title={Uncertainty-Aware Pseudo Label Refinery for Domain Adaptive Semantic Segmentation},
	author={Wang, Yuxi and Peng, Junran and Zhang, ZhaoXiang},
	booktitle={Proceedings of the IEEE/CVF International Conference on Computer Vision},
	pages={9092--9101},
	year={2021}
}



@inproceedings{2022sigiryuliu,
  author    = {Yu Liu and
               Huai Chen and
               Lianghua Huang and
               Di Chen and
               Bin Wang and
               Pan Pan and
               Lisheng Wang},
  title     = {Animating Images to Transfer {CLIP} for Video-Text Retrieval},
  booktitle = {International ACM SIGIR Conference on Research and Development in Information Retrieval},
  pages     = {1906--1911},
  year      = {2022}
}


@inproceedings{2022ACMmmxclip,
  author    = {Yiwei Ma and
               Guohai Xu and
               Xiaoshuai Sun and
               Ming Yan and
               Ji Zhang and
               Rongrong Ji},
  title     = {{X-CLIP:} End-to-End Multi-grained Contrastive Learning for Video-Text
               Retrieval},
  booktitle = {ACM International Conference on Multimedia},
  pages     = {638--647},
  year      = {2022}
}



@inproceedings{2020coconarrjordi,
  author    = {Jordi Pont{-}Tuset and
               Jasper R. R. Uijlings and
               Soravit Changpinyo and
               Radu Soricut and
               Vittorio Ferrari},
  title     = {Connecting Vision and Language with Localized Narratives},
  booktitle = {European Conference on Computer Vision},
  pages     = {647--664},
  year      = {2020}
}


@inproceedings{2022cvpralign,
  author    = {Dongxu Li and
               Junnan Li and
               Hongdong Li and
               Juan Carlos Niebles and
               Steven C. H. Hoi},
  title     = {Align and Prompt: Video-and-Language Pre-training with Entity Prompts},
  booktitle = {IEEE/CVF Conference on Computer Vision and Pattern Recognition},
  pages     = {4943--4953},
  year      = {2022}
}


@inproceedings{han2022fashionvil,
  title={FashionViL: Fashion-Focused Vision-and-Language Representation Learning},
  author={Han, Xiao and Yu, Licheng and Zhu, Xiatian and Zhang, Li and Song, Yi-Zhe and Xiang, Tao},
  booktitle={European Conference on Computer Vision},
    pages={634--651},
  year={2022}
}









@article{2021clip4clip,
  author    = {Huaishao Luo and
               Lei Ji and
               Ming Zhong and
               Yang Chen and
               Wen Lei and
               Nan Duan and
               Tianrui Li},
  title     = {CLIP4Clip: An empirical study of {CLIP} for end to end video clip
               retrieval and captioning},
  journal   = {Neurocomputing},
  pages     = {293--304},
  year      = {2022}
}






@article{2015cocoxinlei,
  author    = {Xinlei Chen and
               Hao Fang and
               Tsung{-}Yi Lin and
               Ramakrishna Vedantam and
               Saurabh Gupta and
               Piotr Doll{\'{a}}r and
               C. Lawrence Zitnick},
  title     = {Microsoft {COCO} Captions: Data Collection and Evaluation Server},
  journal={arXiv preprint arXiv:1504.00325},
  year      = {2015}
}





@article{2021clipfederioc,
  author    = {Federico Bianchi and
               Giuseppe Attanasio and
               Raphael Pisoni and
               Silvia Terragni and
               Gabriele Sarti and
               Sri Lakshmi},
  title     = {Contrastive Language-Image Pre-training for the Italian Language},
  journal   = {arXiv preprint arXiv:2108.08688},
  year      = {2021}
}




@article{2021clip2video,
	title={CLIP2Video: Mastering Video-Text Retrieval via Image {CLIP}},
	author={Han Fang and Pengfei Xiong and Luhui Xu and Yu Chen},
	journal={arXiv preprint arXiv:2106.11097},
	year={2021}
}

@article{liu2020ms,
	title={MS-Net: multi-site network for improving prostate segmentation with heterogeneous MRI data},
	author={Liu, Quande and Dou, Qi and Yu, Lequan and Heng, Pheng Ann},
	journal={IEEE Transactions on Medical Imaging},
	pages={2713--2724},
	year={2020}
}

@article{tzeng2014deep,
	title={Deep domain confusion: Maximizing for domain invariance},
	author={Tzeng, Eric and Hoffman, Judy and Zhang, Ning and Saenko, Kate and Darrell, Trevor},
	journal={arXiv preprint arXiv:1412.3474},
	year={2014}
}

@article{dong2016word2visualvec,
	title={Word2VisualVec: Image and Video to Sentence Matching by Visual Feature Prediction},
	author={Dong, Jianfeng and Li, Xirong and Snoek, Cees G M},
	journal={arXiv preprint arXiv:1604.06838},
	year={2016}
}

@article{yuan2011utilizing,
	title={Utilizing Related Samples to Enhance Interactive Concept-Based Video Search},
	author={Yuan, Jin and Zha, Zhengjun and Zheng, Yantao and Wang, Meng and Zhou, Xiangdong and Chua, Tatseng},
	journal={IEEE Transactions on Multimedia},
	pages={1343--1355},
	year={2011}
}

@article{2019computevolution,
	title={Evolutionary Generative Adversarial Networks},
	author={Chaoyue Wang and Chang Xu and Xin Yao and Dacheng Tao},	
	journal={IEEE Transactions on Evolutionary Computation},
	pages={921--934},
	year={2019}
}

@article{bei2021learning,
	title={Learning Semantic-Aware Dynamics for Video Prediction},
	author={Bei, Xinzhu and Yang, Yanchao and Soatto, Stefano},
	journal={arXiv preprint arXiv:2104.09762},
	year={2021}
}

@article{zhao2020cross,
	title={Cross-Domain Image Captioning via Cross-Modal Retrieval and Model Adaptation},
	author={Zhao, Wentian and Wu, Xinxiao and Luo, Jiebo},
	journal={IEEE Transactions on Image Processing},
	pages={1180--1192},
	year={2020}
}

@article{damen2020rescaling,
	title={Rescaling egocentric vision},
	author={Damen, Dima and Doughty, Hazel and Farinella, Giovanni Maria and Furnari, Antonino and Kazakos, Evangelos and Ma, Jian and Moltisanti, Davide and Munro, Jonathan and Perrett, Toby and Price, Will and others},
	journal={arXiv preprint arXiv:2006.13256},
	year={2020}
}

@article{1,
	title={大数据时代的计算机网络安全研究},
	author={熊, 杨},
	journal={网络安全技术与应用},
	number={02},
	pages={163-164},
	year={2021}
}

@article{2,
	title={深度哈希图像检索方法综述},
	author={刘, 颖 and 程, 美 and 王,富平 and 李,大湘 and 刘,伟 and 范, 九伦},
	journal={中国图象图形学报},
	volume={25},
	number={07},
	pages={1296-1317},
	year={2020}
}

@article{3,
	title={大数据哈希学习:现状与趋势},
	author={李, 武军 and 周, 志华},
	journal={科学通报},
	volume={61},
	number={Z1},
	pages={485-490},
	year={2015}
}

@article{hochba1997approximation,
	title={Approximation algorithms for NP-hard problems},
	author={Hochba, Dorit S},
	journal={ACM Sigact News},
	year={1997}
}

@article{larochelle2012learning,
	title={Learning algorithms for the classification restricted boltzmann machine},
	author={Larochelle, Hugo and Mandel, Michael and Pascanu, Razvan and Bengio, Yoshua},
	journal={The Journal of Machine Learning Research},
	year={2012}
}

@article{zhou2008real,
	title={Real-time kd-tree construction on graphics hardware},
	author={Zhou, Kun and Hou, Qiming and Wang, Rui and Guo, Baining},
	journal={ACM Transactions on Graphics},
	year={2008}
}

@article{dong2021multi,
	title={Multi-level Alignment Network for Domain Adaptive Cross-modal Retrieval},
	author={Dong, Jianfeng and Long, Zhongzi and Mao, Xiaofeng and Lin, Changting and He, Yuan and Ji, Shouling},
	journal={Neurocomputing},
	pages={207--219},
	year={2021}
}

@article{ben2010theory,
	title={A theory of learning from different domains},
	author={Ben-David, Shai and Blitzer, John and Crammer, Koby and Kulesza, Alex and Pereira, Fernando and Vaughan, Jennifer Wortman},
	journal={Machine learning},
	pages={151--175},
	year={2010}
}

@article{roweis2000nonlinear,
	title={Nonlinear dimensionality reduction by locally linear embedding},
	author={Roweis, Sam T and Saul, Lawrence K},
	journal={science},
	year={2000}
}

@article{balakrishnama1998linear,
	title={Linear discriminant analysis-a brief tutorial},
	author={Balakrishnama, Suresh and Ganapathiraju, Aravind},
	journal={Institute for Signal and information Processing},
	year={1998}
}

@article{wold1987principal,
	title={Principal component analysis},
	author={Wold, Svante and Esbensen, Kim and Geladi, Paul},
	journal={Chemometrics and intelligent laboratory systems},
	year={1987}
}

@article{arya1998optimal,
	title={An optimal algorithm for approximate nearest neighbor searching fixed dimensions},
	author={Arya, Sunil and Mount, David M and Netanyahu, Nathan S and Silverman, Ruth and Wu, Angela Y},
	journal={Journal of the ACM (JACM)},
	year={1998}
}

@article{zhang2015bit,
	title={Bit-scalable deep hashing with regularized similarity learning for image retrieval and person re-identification},
	author={Zhang, Ruimao and Lin, Liang and Zhang, Rui and Zuo, Wangmeng and Zhang, Lei},
	journal={IEEE Transactions on Image Processing},
	year={2015}
}

@article{yang2018multitask,
	title={Multitask learning for cross-domain image captioning},
	author={Yang, Min and Zhao, Wei and Xu, Wei and Feng, Yabing and Zhao, Zhou and Chen, Xiaojun and Lei, Kai},
	journal={IEEE Transactions on Multimedia},
	volume={21},
	number={4},
	pages={1047--1061},
	year={2018}
}

@article{strecha2011ldahash,
	title={LDAHash: Improved matching with smaller descriptors},
	author={Strecha, Christoph and Bronstein, Alex and Bronstein, Michael and Fua, Pascal},
	journal={IEEE Transactions on Pattern Analysis and Machine Intelligence},
	year={2011}
}

@article{wu2012semi,
	title={Semi-supervised nonlinear hashing using bootstrap sequential projection learning},
	author={Wu, Chenxia and Zhu, Jianke and Cai, Deng and Chen, Chun and Bu, Jiajun},
	journal={IEEE Transactions on Knowledge and Data Engineering},
	year={2012}
}

@article{wang2010sequential,
	title={Sequential projection learning for hashing with compact codes},
	author={Wang, Jun and Kumar, Sanjiv and Chang, Shih-Fu},
	year={2010}
}

@article{salakhutdinov2009semantic,
	title={Semantic hashing},
	author={Salakhutdinov, Ruslan and Hinton, Geoffrey},
	journal={International Journal of Approximate Reasoning},
	year={2009}
}

@article{peng2019unsupervised,
	title={Unsupervised cross-media retrieval using domain adaptation with scene graph},
	author={Peng, Yuxin and Chi, Jingze},
	journal={IEEE Transactions on Circuits and Systems for Video Technology},
	pages={4368--4379},
	year={2019},
	publisher={IEEE}
}

@article{lecun1998gradient,
	title={Gradient-based learning applied to document recognition},
	author={LeCun, Yann and Bottou, L{\'e}on and Bengio, Yoshua and Haffner, Patrick},
	journal={Proceedings of the IEEE},
	year={1998}
}

@article{zhou2016dorefa,
	title={Dorefa-net: Training low bitwidth convolutional neural networks with low bitwidth gradients},
	author={Zhou, Shuchang and Wu, Yuxin and Ni, Zekun and Zhou, Xinyu and Wen, He and Zou, Yuheng},
	journal={arXiv preprint arXiv:1606.06160},
	year={2016}
}

@article{lai2018jointly,
	title={Jointly sparse hashing for image retrieval},
	author={Lai, Zhihui and Chen, Yudong and Wu, Jian and Wong, Wai Keung and Shen, Fumin},
	journal={IEEE Transactions on Image Processing},
	year={2018}
}

@article{kingma2013auto,
	title={Auto-encoding variational bayes},
	author={Kingma, Diederik P and Welling, Max},
	journal={arXiv preprint arXiv:1312.6114},
	year={2013}
}

@article{bengio2013estimating,
	title={Estimating or propagating gradients through stochastic neurons for conditional computation},
	author={Bengio, Yoshua and L{\'e}onard, Nicholas and Courville, Aaron},
	journal={arXiv preprint arXiv:1308.3432},
	year={2013}
}

@article{lu2017deep,
	title = {Deep Hashing for Scalable Image Search},
	author = {Lu, Jiwen and Liong, Venice Erin and Zhou, Jie},
	journal = {IEEE Transactions on Image Processing},
	year = {2017}
}

@article{lai2016instance, 
	title={Instance-Aware Hashing for Multi-Label Image Retrieval}, 
	author={Lai, Hanjiang and Pan, Yan and Shu, Xiangbo and Wei, Yunchao and Yan Shuicheng}, 
	journal={IEEE Transactions on Image Processing}, 
	year={2016}
}

@article{zhang2016query,
	title = {Query-adaptive Image Retrieval by Deep Weighted Hashing},
	author = {Zhang, Jian and Peng, Yuxin and Zhang, Junchao},
	journal = {IEEE Transactions on Image Processing},
	year = {2016}
}

@article{yang2018supervised,
	title = {Supervised Learning of Semantics-Preserving Hash via Deep Convolutional Neural Networks},
	author = {Yang, Huei-Fang and Lin, Kevin and Chen, Chu-Song},
	journal = {IEEE Transactions on Pattern Analysis and Machine Intelligence},
	year = {2018}
}

@article{cakir2018hashing,
	title = {Hashing with Mutual Information},
	author = {Cakir, Fatih and He, Kun and Bargal, Sarah and Sclaroff, Stan},
	journal = {IEEE Transactions on Pattern Analysis and Machine Intelligence},
	year = {2018}
}

@article{duan2018minimizing, 
	title={Minimizing Reconstruction Bias Hashing via Joint Projection Learning and Quantization}, 
	author={Duan, Lingyu and Wu, Yuwei and Huang, Yicheng and Wang, Zhe and Yuan, Junsong and Gao, Wen}, 
	journal={IEEE Transactions on Image Processing}, 
	year={2018}
}

@article{zhou2018graph,
	title={Graph Convolutional Network Hashing},
	author={Zhou, Xiang and Shen, Fumin and Liu, Li and Liu, Wei and Nie, Liqiang and Yang, Yang and Shen, Heng Tao},
	journal={IEEE Transactions on Cybernetics},
	year={2018}
}

@article{shen2018unsupervised,
	title={Unsupervised deep hashing with similarity-adaptive and discrete optimization},
	author={Shen, Fumin and Xu, Yan and Liu, Li and Yang, Yang and Huang, Zi and Shen, Heng Tao},
	journal={IEEE Transactions on Pattern Analysis and Machine Intelligence},
	year={2018}
}

@article{jin2014density,
	title={Density Sensitive Hashing},
	author={Jin, Zhongming and Li, Cheng and Lin, Yue and Cai, Deng},
	journal={IEEE Transactions on Cybernetics},
	year={2014}
}

@article{jiang2017deep,
	title={Deep Discrete Supervised Hashing},
	author={Jiang, Qing-Yuan and Cui, Xue and Li, Wu-Jun},
	journal={IEEE Transactions on Image Processing},
	year={2017}
}

@article{krizhevsky2009learning,
	title={Learning multiple layers of features from tiny images},
	author={Krizhevsky, Alex and E Hinton, Geoffrey},
	journal={Tech. Rep.},
	year={2009}
}

@article{van2008visualizing,
	title={Visualizing Data using {t-SNE} },
	author={van der Maaten, Laurens and Hinton, Geoffrey},
	journal={Journal of Machine Learning Research},
	year={2008}
}

@article{bruna2013spectral,
	title={Spectral Networks and Locally Connected Networks on Graphs},
	author={Joan Bruna and Wojciech Zaremba and Arthur Szlam and Yann LeCun},
	journal={arXiv preprint arXiv:1312.6203},
	year={2013}
}

@article{miech2018learning,
	title={Learning a Text-Video Embedding from Incomplete and Heterogeneous Data},
	author={Miech, Antoine and Laptev, Ivan and Sivic, Josef},
	journal={arXiv preprint arXiv:1804.02516},
	year={2018}
}
@inproceedings{roddick2020predicting,
  title={Predicting semantic map representations from images using pyramid occupancy networks},
  author={Roddick, Thomas and Cipolla, Roberto},
  booktitle={Proceedings of the IEEE/CVF Conference on Computer Vision and Pattern Recognition},
  pages={11138--11147},
  year={2020}
}
@article{gosala2022bird,
  title={Bird’s-eye-view panoptic segmentation using monocular frontal view images},
  author={Gosala, Nikhil and Valada, Abhinav},
  journal={IEEE Robotics and Automation Letters},
  volume={7},
  number={2},
  pages={1968--1975},
  year={2022},
  publisher={IEEE}
}
@article{pan2020cross,
  title={Cross-view semantic segmentation for sensing surroundings},
  author={Pan, Bowen and Sun, Jiankai and Leung, Ho Yin Tiga and Andonian, Alex and Zhou, Bolei},
  journal={IEEE Robotics and Automation Letters},
  volume={5},
  number={3},
  pages={4867--4873},
  year={2020},
  publisher={IEEE}
}

