@inproceedings{18eccvdeepcontinuous,
  author       = {Ming Liang and
                  Bin Yang and
                  Shenlong Wang and
                  Raquel Urtasun},
  title        = {Deep Continuous Fusion for Multi-sensor 3D Object Detection},
  booktitle    = {European Conference on Computer Vision},
  pages        = {663--678},
  year         = {2018}
}

@inproceedings{2020cvprpointpainting,
  author       = {Sourabh Vora and
                  Alex H. Lang and
                  Bassam Helou and
                  Oscar Beijbom},
  title        = {PointPainting: Sequential Fusion for 3D Object Detection},
  booktitle    = {{IEEE/CVF} Conference on Computer Vision and Pattern Recognition},
  pages        = {4603--4611},
  year         = {2020}
}

@article{2022GKT,
  author       = {Shaoyu Chen and
                  Tianheng Cheng and
                  Xinggang Wang and
                  Wenming Meng and
                  Qian Zhang and
                  Wenyu Liu},
  title        = {Efficient and Robust 2D-to-BEV Representation Learning via Geometry-guided
                  Kernel Transformer},
journal={arXiv preprint arXiv:2206.04584},
	year={2022}
}

@inproceedings{202eecvlls,
  author       = {Jonah Philion and
                  Sanja Fidler},
  title        = {Lift, Splat, Shoot: Encoding Images from Arbitrary Camera Rigs by
                  Implicitly Unprojecting to 3D},
  booktitle    = {European Conference on Computer Vision},
  pages        = {194--210},
  year         = {2020}
}

@inproceedings{21cvprpointaug,
  author       = {Chunwei Wang and
                  Chao Ma and
                  Ming Zhu and
                  Xiaokang Yang},
  title        = {PointAugmenting: Cross-Modal Augmentation for 3D Object Detection},
  booktitle    = {{IEEE} Conference on Computer Vision and Pattern Recognition},
  pages        = {11794--11803},
  year         = {2021}
}

@inproceedings{21itscfusionpainting,
  author       = {Shaoqing Xu and
                  Dingfu Zhou and
                  Jin Fang and
                  Junbo Yin and
                  Bin Zhou and
                  Liangjun Zhang},
  title        = {FusionPainting: Multimodal Fusion with Adaptive Attention for 3D Object
                  Detection},
  booktitle    = {{IEEE} International Intelligent Transportation Systems Conference},
  pages        = {3047--3054},
  year         = {2021}
}

@inproceedings{21nipsmultimodal,
  author       = {Tianwei Yin and
                  Xingyi Zhou and
                  Philipp Kr{\"{a}}henb{\"{u}}hl},
  title        = {Multimodal Virtual Point 3D Detection},
  booktitle    = {Conference on Neural Information Processing Systems},
  pages        = {16494--16507},
  year         = {2021},
}

@inproceedings{22cvprfocal,
  author       = {Yukang Chen and
                  Yanwei Li and
                  Xiangyu Zhang and
                  Jian Sun and
                  Jiaya Jia},
  title        = {Focal Sparse Convolutional Networks for 3D Object Detection},
  booktitle    = {{IEEE/CVF} Conference on Computer Vision and Pattern Recognition},
  pages        = {5418--5427},
  year         = {2022}
}

@inproceedings{22eccvbevformer,
  author       = {Zhiqi Li and
                  Wenhai Wang and
                  Hongyang Li and
                  Enze Xie and
                  Chonghao Sima and
                  Tong Lu and
                  Yu Qiao and
                  Jifeng Dai},
  title        = {BEVFormer: Learning Bird's-Eye-View Representation from Multi-camera  Images via Spatiotemporal Transformers},
  booktitle    = {European Conference on Computer Vision},
  pages        = {1--18},
  year         = {2022}
}

@inproceedings{22ijcaiautoalign,
  author       = {Zehui Chen and
                  Zhenyu Li and
                  Shiquan Zhang and
                  Liangji Fang and
                  Qinhong Jiang and
                  Feng Zhao and
                  Bolei Zhou and
                  Hang Zhao},
  title        = {AutoAlign: Pixel-Instance Feature Aggregation for Multi-Modal 3D Object
                  Detection},
  booktitle    = { International Joint Conference on Artificial Intelligence},
  pages        = {827--833},
  year         = {2022},
}

@inproceedings{MapTR,
  author       = {Bencheng Liao and
                  Shaoyu Chen and
                  Xinggang Wang and
                  Tianheng Cheng and
                  Qian Zhang and
                  Wenyu Liu and
                  Chang Huang},
  title        = {MapTR: Structured Modeling and Learning for Online Vectorized {HD}
                  Map Construction},
  booktitle    = {International Conference on Learning Representations},
  year         = {2023}
}

@inproceedings{ammar2019geometric,
  title={A geometric approach to obtain a bird's eye view from an image},
  author={Ammar Abbas, Syed and Zisserman, Andrew},
  booktitle={Proceedings of the IEEE/CVF international conference on computer vision workshops},
  year={2019}
}

@inproceedings{bevfusion22mips,
  author       = {Tingting Liang and
                  Hongwei Xie and
                  Kaicheng Yu and
                  Zhongyu Xia and
                  Zhiwei Lin and
                  Yongtao Wang and
                  Tao Tang and
                  Bing Wang and
                  Zhi Tang},
  title        = {BEVFusion: {A} Simple and Robust LiDAR-Camera Fusion Framework},
 journal={Advances in Neural Information Processing Systems},
  pages={10421--10434},
  year={2022}
}

@inproceedings{borse2023x,
  title={X-Align: Cross-Modal Cross-View Alignment for Bird's-Eye-View Segmentation},
  author={Borse, Shubhankar and Klingner, Marvin and Kumar, Varun Ravi and Cai, Hong and Almuzairee, Abdulaziz and Yogamani, Senthil and Porikli, Fatih},
  booktitle={Proceedings of the IEEE/CVF Winter Conference on Applications of Computer Vision},
  pages={3287--3297},
  year={2023}
}

@article{chen2025stvit+,
  title={STViT+: improving self-supervised multi-camera depth estimation with spatial-temporal context and adversarial geometry regularization},
  author={Chen, Zhuo and Zhao, Haimei and Hao, Xiaoshuai and Yuan, Bo and Li, Xiu},
  journal={Applied Intelligence},
  volume={55},
  number={5},
  pages={328},
  year={2025},
  publisher={Springer}
}

@inproceedings{ding2023pivotnet,
  title={PivotNet: Vectorized Pivot Learning for End-to-end HD Map Construction},
  author={Ding, Wenjie and Qiao, Limeng and Qiu, Xi and Zhang, Chi},
  booktitle={Proceedings of the IEEE/CVF International Conference on Computer Vision},
  pages={3672--3682},
  year={2023}
}

@inproceedings{garnett20193d,
  title={3d-lanenet: end-to-end 3d multiple lane detection},
  author={Garnett, Noa and Cohen, Rafi and Pe'er, Tomer and Lahav, Roee and Levi, Dan},
  booktitle={Proceedings of the IEEE/CVF International Conference on Computer Vision},
  pages={2921--2930},
  year={2019}
}

@article{gosala2022bird,
  title={Birdâ€™s-eye-view panoptic segmentation using monocular frontal view images},
  author={Gosala, Nikhil and Valada, Abhinav},
  journal={IEEE Robotics and Automation Letters},
  volume={7},
  number={2},
  pages={1968--1975},
  year={2022},
  publisher={IEEE}
}

@inproceedings{hao2023mixgen,
  title={Mixgen: A new multi-modal data augmentation},
  author={Hao, Xiaoshuai and Zhu, Yi and Appalaraju, Srikar and Zhang, Aston and Zhang, Wanqian and Li, Bo and Li, Mu},
  booktitle={Proceedings of the IEEE/CVF winter conference on applications of computer vision},
  pages={379--389},
  year={2023}
}

@inproceedings{hao2024your,
  author = {Xiaoshuai Hao and Mengchuan Wei and Yifan Yang and Haimei Zhao and Hui Zhang and Yi Zhou and Qiang Wang and Weiming Li and Lingdong Kong and Jing Zhang},
  title={Is Your HD Map Constructor Reliable under Sensor Corruptions?},
  journal={NeurIPS},
  year={2024}
}

@article{hao2025msc,
  title={MSC-Bench: Benchmarking and Analyzing Multi-Sensor Corruption for Driving Perception},
  author={Hao, Xiaoshuai and Liu, Guanqun and Zhao, Yuting and Ji, Yuheng and Wei, Mengchuan and Zhao, Haimei and Kong, Lingdong and Yin, Rong and Liu, Yu},
  journal={arXiv preprint arXiv:2501.01037},
  year={2025}
}

@inproceedings{lang2019pointpillars,
  title={Pointpillars: Fast encoders for object detection from point clouds},
  author={Lang, Alex H and Vora, Sourabh and Caesar, Holger and Zhou, Lubing and Yang, Jiong and Beijbom, Oscar},
  booktitle={Proceedings of the IEEE/CVF conference on computer vision and pattern recognition},
  pages={12697--12705},
  year={2019}
}

@inproceedings{li2022hdmapnet,
  title={Hdmapnet: An online hd map construction and evaluation framework},
  author={Li, Qi and Wang, Yue and Wang, Yilun and Zhao, Hang},
  booktitle={ IEEE International Conference on Robotics and Automation},
  pages={4628--4634},
  year={2022}
}

@inproceedings{liu2021Swin,
  title={Swin Transformer: Hierarchical Vision Transformer using Shifted Windows},
  author={Liu, Ze and Lin, Yutong and Cao, Yue and Hu, Han and Wei, Yixuan and Zhang, Zheng and Lin, Stephen and Guo, Baining},
  booktitle={Proceedings of the IEEE/CVF International Conference on Computer Vision},
 pages        = {9992--10002},
  year={2021}
}

@inproceedings{liu2021swinv2,
  title={Swin Transformer V2: Scaling Up Capacity and Resolution}, 
  author={Ze Liu and Han Hu and Yutong Lin and Zhuliang Yao and Zhenda Xie and Yixuan Wei and Jia Ning and Yue Cao and Zheng Zhang and Li Dong and Furu Wei and Baining Guo},
  booktitle={International Conference on Computer Vision and Pattern Recognition},
 pages   = {11999--12009},
  year={2022}
}

@inproceedings{liu2023bevfusion,
  author       = {Zhijian Liu and
                  Haotian Tang and
                  Alexander Amini and
                  Xinyu Yang and
                  Huizi Mao and
                  Daniela L. Rus and
                  Song Han},
  title        = {BEVFusion: Multi-Task Multi-Sensor Fusion with Unified Bird's-Eye
                  View Representation},
  booktitle    = {{ICRA}},
  pages        = {2774--2781},
  publisher    = {{IEEE}},
  year         = {2023}
}

@inproceedings{liu2023vectormapnet,
  title={Vectormapnet: End-to-end vectorized hd map learning},
  author={Liu, Yicheng and Yuan, Tianyuan and Wang, Yue and Wang, Yilun and Zhao, Hang},
  booktitle={International Conference on Machine Learning},
  pages={22352--22369},
  year={2023}
}

@article{maptrv2,
  author       = {Bencheng Liao and
                  Shaoyu Chen and
                  Yunchi Zhang and
                  Bo Jiang and
                  Qian Zhang and
                  Wenyu Liu and
                  Chang Huang and
                  Xinggang Wang},
  title        = {MapTRv2: An End-to-End Framework for Online Vectorized {HD} Map Construction},
  journal={arXiv preprint arXiv:2308.05736},
  year         = {2023},
}

@article{pan2020cross,
  title={Cross-view semantic segmentation for sensing surroundings},
  author={Pan, Bowen and Sun, Jiankai and Leung, Ho Yin Tiga and Andonian, Alex and Zhou, Bolei},
  journal={IEEE Robotics and Automation Letters},
  volume={5},
  number={3},
  pages={4867--4873},
  year={2020},
  publisher={IEEE}
}

@inproceedings{philion2020lift,
  title={Lift, splat, shoot: Encoding images from arbitrary camera rigs by implicitly unprojecting to 3d},
  author={Philion, Jonah and Fidler, Sanja},
  booktitle={European Conference on Computer Vision},
  pages={194--210},
  year={2020}
}

@inproceedings{qiao2023end,
  title={End-to-End Vectorized HD-Map Construction With Piecewise Bezier Curve},
  author={Qiao, Limeng and Ding, Wenjie and Qiu, Xi and Zhang, Chi},
  booktitle={Proceedings of the IEEE/CVF Conference on Computer Vision and Pattern Recognition},
  pages={13218--13228},
  year={2023}
}

@article{roddick2018orthographic,
  title={Orthographic feature transform for monocular 3d object detection},
  author={Roddick, Thomas and Kendall, Alex and Cipolla, Roberto},
  journal={arXiv preprint arXiv:1811.08188},
  year={2018}
}

@inproceedings{roddick2020predicting,
  title={Predicting semantic map representations from images using pyramid occupancy networks},
  author={Roddick, Thomas and Cipolla, Roberto},
  booktitle={Proceedings of the IEEE/CVF Conference on Computer Vision and Pattern Recognition},
  pages={11138--11147},
  year={2020}
}

@article{wang2022internimage,
  title={InternImage: Exploring Large-Scale Vision Foundation Models with Deformable Convolutions},
  author={Wang, Wenhai and Dai, Jifeng and Chen, Zhe and Huang, Zhenhang and Li, Zhiqi and Zhu, Xizhou and Hu, Xiaowei and Lu, Tong and Lu, Lewei and Li, Hongsheng and others},
  journal={arXiv preprint arXiv:2211.05778},
  year={2022}
}

@article{xie2022m,
  author       = {Enze Xie and
                  Zhiding Yu and
                  Daquan Zhou and
                  Jonah Philion and
                  Anima Anandkumar and
                  Sanja Fidler and
                  Ping Luo and
                  Jos{\'{e}} M. {\'{A}}lvarez},
  title        = {M\({}^{\mbox{2}}\)BEV: Multi-Camera Joint 3D Detection and Segmentation
                  with Unified Birds-Eye View Representation},
  journal      = {arXiv preprint arXiv:2204.05088},
  year         = {2022}
}

@inproceedings{xiong2023neural,
  title={Neural map prior for autonomous driving},
  author={Xiong, Xuan and Liu, Yicheng and Yuan, Tianyuan and Wang, Yue and Wang, Yilun and Zhao, Hang},
  booktitle={Proceedings of the IEEE/CVF Conference on Computer Vision and Pattern Recognition},
  pages={17535--17544},
  year={2023}
}

@article{yang2022bevformer,
  title={BEVFormer v2: Adapting Modern Image Backbones to Bird's-Eye-View Recognition via Perspective Supervision},
  author={Yang, Chenyu and Chen, Yuntao and Tian, Hao and Tao, Chenxin and Zhu, Xizhou and Zhang, Zhaoxiang and Huang, Gao and Li, Hongyang and Qiao, Yu and Lu, Lewei and others},
  journal={arXiv preprint arXiv:2211.10439},
  year={2022}
}

@inproceedings{yin2021center,
  title={Center-based 3d object detection and tracking},
  author={Yin, Tianwei and Zhou, Xingyi and Krahenbuhl, Philipp},
  booktitle={Proceedings of the IEEE/CVF conference on computer vision and pattern recognition},
  pages={11784--11793},
  year={2021}
}

@inproceedings{yuan2024streammapnet,
  title={Streammapnet: Streaming mapping network for vectorized online hd map construction},
  author={Yuan, Tianyuan and Liu, Yicheng and Wang, Yue and Wang, Yilun and Zhao, Hang},
  booktitle={IEEE/CVF Winter Conference on Applications of Computer Vision},
  pages={7356--7365},
  year={2024}
}

@article{zhang2022beverse,
  title={Beverse: Unified perception and prediction in birds-eye-view for vision-centric autonomous driving},
  author={Zhang, Yunpeng and Zhu, Zheng and Zheng, Wenzhao and Huang, Junjie and Huang, Guan and Zhou, Jie and Lu, Jiwen},
  journal={arXiv preprint arXiv:2205.09743},
  year={2022}
}

@article{zhang2023online,
  title={Online Map Vectorization for Autonomous Driving: A Rasterization Perspective},
  author={Zhang, Gongjie and Lin, Jiahao and Wu, Shuang and Song, Yilin and Luo, Zhipeng and Xue, Yang and Lu, Shijian and Wang, Zuoguan},
  journal={arXiv preprint arXiv:2306.10502},
  year={2023}
}

@inproceedings{zhou2022cross,
  title={Cross-view transformers for real-time map-view semantic segmentation},
  author={Zhou, Brady and Kr{\"a}henb{\"u}hl, Philipp},
  booktitle={Proceedings of the IEEE/CVF conference on computer vision and pattern recognition},
  pages={13760--13769},
  year={2022}
}

@inproceedings{zhu2021monocular,
  title={Monocular 3D vehicle detection using uncalibrated traffic cameras through homography},
  author={Zhu, Minghan and Zhang, Songan and Zhong, Yuanxin and Lu, Pingping and Peng, Huei and Lenneman, John},
  booktitle={2021 IEEE/RSJ International Conference on Intelligent Robots and Systems (IROS)},
  pages={3814--3821},
  year={2021}
}

