@article{chang2023lightweight,
  title={A Lightweight Sensor Scheduler Based on AoI Function for Remote State Estimation over Lossy Wireless Channels},
  author={Chang, Taige and Cao, Xianghui and Zheng, Wei Xing},
  journal={IEEE Transactions on Automatic Control},
  year={2023},
  publisher={IEEE}
}


@article{holm2023goal,
  title={Goal-Oriented Scheduling in Sensor Networks with Application Timing Awareness},
  author={Holm, Josefine and Chiariotti, Federico and Kal{\o}r, Anders E and Soret, Beatriz and Pedersen, Torben Bach and Popovski, Petar},
  journal={IEEE Transactions on Communications},
  year={2023},
  publisher={IEEE}
}

@article{ppallan2021method,
  title={A method for enabling context-awareness at transport layer for improved quality-of-service control},
  author={Ppallan, Jamsheed Manja and Arunachalam, Karthikeyan and Gantha, Shiva Souhith and Jaiswal, Sweta and Song, Seongkyu and Nigam, Anshuman},
  journal={IEEE Access},
  volume={9},
  pages={123987--123998},
  year={2021},
  publisher={IEEE}
}


@inproceedings{li2022reinforcement,
  title={Reinforcement learning based cross-layer congestion control for real-time communication},
  author={Li, Haoyong and Lu, Bingcong and Xu, Jun and Song, Li and Zhang, Wenjun and Li, Lin and Yin, Yaoyao},
  booktitle={2022 IEEE International Symposium on Broadband Multimedia Systems and Broadcasting (BMSB)},
  pages={01--06},
  year={2022},
  organization={IEEE}
}


@article{alawad2022value,
  title={Value of information in wireless sensor network applications and the IoT: A review},
  author={Alawad, Faiga and Kraemer, Frank Alexander},
  journal={IEEE Sensors Journal},
  volume={22},
  number={10},
  pages={9228--9245},
  year={2022},
  publisher={IEEE}
}


@inproceedings{jiang2020revealing,
  title={Revealing much while saying less: Predictive wireless for status update},
  author={Jiang, Zhiyuan and Cao, Zixu and Fu, Siyu and Peng, Fei and Cao, Shan and Zhang, Shunqing and Xu, Shugong},
  booktitle={IEEE INFOCOM 2020-IEEE Conference on Computer Communications},
  pages={1419--1428},
  year={2020},
  organization={IEEE}
}

@article{chiariotti2020quic,
  title={Quic-est: A transmission scheme to maximize voi of multi-stream correlated data flows},
  author={Chiariotti, Federico and Deshpande, Anay Ajit and Giordani, Marco and Antonakoglou, Kostantinos and Zanella, Andrea and Mahmoodi, Toktam},
  journal={arXiv preprint arXiv:2010.03831},
  year={2020}
}

@inproceedings{farjam2021event,
  title={Event-Triggered Control in Shared Networks: How the Computational Power of Sensors Affects Transmission Priorities},
  author={Farjam, Tahmoores and Charalambous, Themistoklis},
  booktitle={2021 60th IEEE Conference on Decision and Control (CDC)},
  pages={6224--6230},
  year={2021},
  organization={IEEE}
}

@article{abara2021distributed,
  title={Distributed Value of Information in Feedback Control over Multi-hop Networks},
  author={Abara, Precious Ugo and Hirche, Sandra},
  journal={arXiv preprint arXiv:2107.07822},
  year={2021}
}

@article{ma2022noisy,
  title={Noisy sensor scheduling in wireless networked control systems: Freshness or precision},
  author={Ma, He and Zhou, Shidong},
  journal={IEEE Wireless Communications Letters},
  volume={11},
  number={5},
  pages={1107--1111},
  year={2022},
  publisher={IEEE}
}

@article{peng2021sensing,
  title={Sensing and communication co-design for status update in multiaccess wireless networks},
  author={Peng, Fei and Jiang, Zhiyuan and Zhou, Sheng and Niu, Zhisheng and Zhang, Shunqing},
  journal={IEEE Transactions on Mobile Computing},
  year={2021},
  publisher={IEEE}
}

@article{zancanaro2023modeling,
  title={Modeling value of information in remote sensing from correlated sources},
  author={Zancanaro, Alberto and Cisotto, Giulia and Badia, Leonardo},
  journal={Computer Communications},
  volume={203},
  pages={289--297},
  year={2023},
  publisher={Elsevier}
}

@article{schmidtpredictably,
  title={Predictably Reliable Real-time Transport Services for Wireless Cyber-Physical Systems},
  author={Schmidt, Andreas and Pereira, Pablo Gil and Herfet, Thorsten},
  journal={21st IFAC World Congress, 2020}
}

@inproceedings{ma2022scheduling,
  title={Scheduling to minimize control cost in multi-loop wireless networked control with imperfect sensors},
  author={Ma, He and Wang, Lixin and Zhou, Shidong},
  booktitle={2022 IEEE 95th Vehicular Technology Conference:(VTC2022-Spring)},
  pages={1--7},
  year={2022},
  organization={IEEE}
}

@article{mason2023multi,
  title={Multi-Agent Reinforcement Learning for Pragmatic Communication and Control},
  author={Mason, Federico and Chiariotti, Federico and Zanella, Andrea and Popovski, Petar},
  journal={arXiv preprint arXiv:2302.14399},
  year={2023}
}

@inproceedings{zhang2022harq,
  title={HARQ Based Optimal Scheduling Strategy for Multi-Loop WNCS},
  author={Zhang, Minghan and Wu, Shaohua and Qiu, Yifei and Jiao, Jian and Zhang, Ning and Zhang, Qinyu},
  booktitle={2022 IEEE 95th Vehicular Technology Conference:(VTC2022-Spring)},
  pages={1--5},
  year={2022},
  organization={IEEE}
}

@inproceedings{murad2020information,
  title={Information-driven adaptive sensing based on deep reinforcement learning},
  author={Murad, Abdulmajid and Kraemer, Frank Alexander and Bach, Kerstin and Taylor, Gavin},
  booktitle={Proceedings of the 10th International Conference on the Internet of Things},
  pages={1--8},
  year={2020}
}

@article{jarwan2021information,
  title={Information-Oriented Traffic Management for Energy-Efficient and Loss-Resilient IoT Systems},
  author={Jarwan, Abdallah and Sabbah, Ayman and Ibnkahla, Mohamed},
  journal={IEEE Internet of Things Journal},
  volume={9},
  number={10},
  pages={7388--7403},
  year={2021},
  publisher={IEEE}
}

@article{demirel2018deepcas,
  title={DeepCAS: A deep reinforcement learning algorithm for control-aware scheduling},
  author={Demirel, Burak and Ramaswamy, Arunselvan and Quevedo, Daniel E and Karl, Holger},
  journal={IEEE Control Systems Letters},
  volume={2},
  number={4},
  pages={737--742},
  year={2018},
  publisher={IEEE}
}

@article{ge2019distributed,
  title={Distributed event-triggered estimation over sensor networks: A survey},
  author={Ge, Xiaohua and Han, Qing-Long and Zhang, Xian-Ming and Ding, Lei and Yang, Fuwen},
  journal={IEEE transactions on cybernetics},
  volume={50},
  number={3},
  pages={1306--1320},
  year={2019},
  publisher={IEEE}
}

@article{shi2011time,
  title={Time and event-based sensor scheduling for networks with limited communication resources},
  author={Shi, Ling and Johansson, Karl Henrik and Qiu, Li},
  journal={IFAC Proceedings Volumes},
  volume={44},
  number={1},
  pages={13263--13268},
  year={2011},
  publisher={Elsevier}
}


@inproceedings{shi2019dtp,
  title={Dtp: Deadline-aware transport protocol},
  author={Shi, Hang and Cui, Yong and Qian, Feng and Hu, Yuming},
  booktitle={Proceedings of the 3rd Asia-Pacific Workshop on Networking 2019},
  pages={1--7},
  year={2019}
}

@article{zheng2020urgency,
  title={Urgency of information for context-aware timely status updates in remote control systems},
  author={Zheng, Xi and Zhou, Sheng and Niu, Zhisheng},
  journal={IEEE Transactions on Wireless Communications},
  volume={19},
  number={11},
  pages={7237--7250},
  year={2020},
  publisher={IEEE}
}

@article{wheeler2023engineering,
  title={Engineering semantic communication: A survey},
  author={Wheeler, Dylan and Natarajan, Balasubramaniam},
  journal={IEEE Access},
  volume={11},
  pages={13965--13995},
  year={2023},
  publisher={IEEE}
}

@article{getu2023making,
  title={Making Sense of Meaning: A Survey on Metrics for Semantic and Goal-Oriented Communication},
  author={Getu, Tilahun M and Kaddoum, Georges and Bennis, Mehdi},
  journal={IEEE Access},
  year={2023},
  publisher={IEEE}
}

@article{kountouris2021semantics,
  title={Semantics-empowered communication for networked intelligent systems},
  author={Kountouris, Marios and Pappas, Nikolaos},
  journal={IEEE Communications Magazine},
  volume={59},
  number={6},
  pages={96--102},
  year={2021},
  publisher={IEEE}
}

@article{uysal2022semantic,
  title={Semantic communications in networked systems: A data significance perspective},
  author={Uysal, Elif and Kaya, Onur and Ephremides, Anthony and Gross, James and Codreanu, Marian and Popovski, Petar and Assaad, Mohamad and Liva, Gianluigi and Munari, Andrea and Soret, Beatriz and others},
  journal={IEEE Network},
  volume={36},
  number={4},
  pages={233--240},
  year={2022},
  publisher={IEEE}
}

@inproceedings{ngai2009information,
  title={Information-aware traffic reduction for wireless sensor networks},
  author={Ngai, Edith C-H and Gelenbe, Erol and Humber, Gregory},
  booktitle={2009 IEEE 34th Conference on Local Computer Networks},
  pages={451--458},
  year={2009},
  organization={IEEE}
}

@article{jacob2020time,
  title={The time-triggered wireless architecture},
  author={Jacob, Romain and Zhang, Licong and Zimmerling, Marco and Beutel, Jan and Chakraborty, Samarjit and Thiele, Lothar},
  journal={arXiv preprint arXiv:2002.07491},
  year={2020}
}

@inproceedings{chipara2011interference,
  title={Interference-aware real-time flow scheduling for wireless sensor networks},
  author={Chipara, Octav and Wu, Chengjie and Lu, Chenyang and Griswold, William},
  booktitle={2011 23rd Euromicro Conference on Real-Time Systems},
  pages={67--77},
  year={2011},
  organization={IEEE}
}

@article{zong2021end,
  title={End-to-end transmission control for cross-regional industrial Internet of Things in Industry 5.0},
  author={Zong, Liang and Memon, Fida Hussain and Li, Xingwang and Wang, Han and Dev, Kapal},
  journal={IEEE Transactions on Industrial Informatics},
  volume={18},
  number={6},
  pages={4215--4223},
  year={2021},
  publisher={IEEE}
}

@article{urke2023autonomous,
  title={Autonomous Flow-Based TSCH Scheduling for Heterogeneous Traffic Patterns: Challenges, Design, Simulation and Testbed Evaluation},
  author={Urke, Andreas R and Kure, {\O}Ivind and {\O}vsthus, Knut},
  journal={IEEE Open Journal of the Communications Society},
  year={2023},
  publisher={IEEE}
}

\@article{lu2015real,
  title={Real-time wireless sensor-actuator networks for industrial cyber-physical systems},
  author={Lu, Chenyang and Saifullah, Abusayeed and Li, Bo and Sha, Mo and Gonzalez, Humberto and Gunatilaka, Dolvara and Wu, Chengjie and Nie, Lanshun and Chen, Yixin},
  journal={Proceedings of the IEEE},
  volume={104},
  number={5},
  pages={1013--1024},
  year={2015},
  publisher={IEEE}
}

@article{saifullah2014near,
  title={Near optimal rate selection for wireless control systems},
  author={Saifullah, Abusayeed and Wu, Chengjie and Tiwari, Paras Babu and Xu, You and Fu, Yong and Lu, Chenyang and Chen, Yixin},
  journal={ACM Transactions on Embedded Computing Systems (TECS)},
  volume={13},
  number={4s},
  pages={1--25},
  year={2014},
  publisher={ACM New York, NY, USA}
}

@article{maatouk2020age,
  title={The age of incorrect information: A new performance metric for status updates},
  author={Maatouk, Ali and Kriouile, Saad and Assaad, Mohamad and Ephremides, Anthony},
  journal={IEEE/ACM Transactions on Networking},
  volume={28},
  number={5},
  pages={2215--2228},
  year={2020},
  publisher={IEEE}
}

@inproceedings{ayan2019age,
  title={Age-of-information vs. value-of-information scheduling for cellular networked control systems},
  author={Ayan, Onur and Vilgelm, Mikhail and Kl{\"u}gel, Markus and Hirche, Sandra and Kellerer, Wolfgang},
  booktitle={Proceedings of the 10th ACM/IEEE International Conference on Cyber-Physical Systems},
  pages={109--117},
  year={2019}
}

@article{balaghiinaloo2021decentralized,
  title={Decentralized LQ-consistent event-triggered control over a shared contention-based network},
  author={Balaghiinaloo, Mohammadhadi and Antunes, Duarte J and Mamduhi, Mohammad H and Hirche, Sandra},
  journal={IEEE Transactions on Automatic Control},
  volume={67},
  number={3},
  pages={1430--1437},
  year={2021},
  publisher={IEEE}
}

@article{ma2022optimal,
  title={Optimal dynamic transmission scheduling for wireless networked control systems},
  author={Ma, Yehan and Guo, Jianlin and Wang, Yebin and Chakrabarty, Ankush and Ahn, Heejin and Orlik, Philip and Guan, Xinping and Lu, Chenyang},
  journal={IEEE Transactions on Control Systems Technology},
  volume={30},
  number={6},
  pages={2360--2376},
  year={2022},
  publisher={IEEE}
}

@inproceedings{beytur2020towards,
  title={Towards AoI-aware smart IoT systems},
  author={Beytur, Hasan Burhan and Baghaee, Sajjad and Uysal, Elif},
  booktitle={2020 International Conference on Computing, Networking and Communications (ICNC)},
  pages={353--357},
  year={2020},
  organization={IEEE}
}

@article{nikkhah2023age,
  title={Age of actuation in a wireless power transfer system},
  author={Nikkhah, Ali and Ephremides, Anthony and Pappas, Nikolaos},
  journal={IEEE INFOCOM Workshops},
  year={2023}
}

@inproceedings{shreedhar2019age,
  title={An age control transport protocol for delivering fresh updates in the Internet-of-Things},
  author={Shreedhar, Tanya and Kaul, Sanjit K and Yates, Roy D},
  booktitle={2019 IEEE 20th International Symposium on" A World of Wireless, Mobile and Multimedia Networks"(WoWMoM)},
  pages={1--7},
  year={2019},
  organization={IEEE}
}

@article{ouguz2022implementation,
  title={Implementation and evaluation of age-aware downlink scheduling policies in push-based and pull-based communication},
  author={O{\u{g}}uz, Tahir Kerem and Ceran, Elif Tu{\u{g}}{\c{c}}e and Uysal, Elif and Girici, Tolga},
  journal={Entropy},
  volume={24},
  number={5},
  pages={673},
  year={2022},
  publisher={Mdpi}
}



@article{kutsevol2023experimental,
  title={Experimental Study of Transport Layer Protocols for  Wireless Networked Control Systems},
  author={Kutsevol, Polina and Ayan, Onur and Pappas, Nikolaos and Kellerer, Wolfgang},
  journal={IEEE SECON},
  year={2023}
}


@inproceedings{xu2022aoi,
  title={AoI-centric Task Scheduling for Autonomous Driving Systems},
  author={Xu, Chengyuan and Xu, Qian and Wang, Jianping and Wu, Kui and Lu, Kejie and Qiao, Chunming},
  booktitle={IEEE INFOCOM 2022-IEEE Conference on Computer Communications},
  pages={1019--1028},
  year={2022},
  organization={IEEE}
}

@article{mishra2023emerging,
  title={Emerging technologies and design aspects of next generation cyber physical system with a smart city application perspective},
  author={Mishra, Ayaskanta and Jha, Amitkumar V and Appasani, Bhargav and Ray, Arun Kumar and Gupta, Deepak Kumar and Ghazali, Abu Nasar},
  journal={International Journal of System Assurance Engineering and Management},
  volume={14},
  number={Suppl 3},
  pages={699--721},
  year={2023},
  publisher={Springer}
}


@article{kosta2017age,
  title={Age of information: A new concept, metric, and tool},
  author={Kosta, Antzela and Pappas, Nikolaos and Angelakis, Vangelis and others},
  journal={Foundations and Trends{\textregistered} in Networking},
  volume={12},
  number={3},
  pages={162--259},
  year={2017},
  publisher={Now Publishers, Inc.}
}


@article{kadota2018scheduling,
  title={Scheduling policies for minimizing age of information in broadcast wireless networks},
  author={Kadota, Igor and Sinha, Abhishek and Uysal-Biyikoglu, Elif and Singh, Rahul and Modiano, Eytan},
  journal={IEEE/ACM Transactions on Networking},
  volume={26},
  number={6},
  pages={2637--2650},
  year={2018},
  publisher={IEEE}
}

@INPROCEEDINGS{1367266,
  author={Dunkels, A. and Gronvall, B. and Voigt, T.},
  booktitle={IEEE International Conference on Local Computer Networks}, 
  title={Contiki - a lightweight and flexible operating system for tiny networked sensors}, 
  year={2004},
  doi={10.1109/LCN.2004.38}}

  @misc{zolertia,
  title = {{Zolertia Remote: Lightweight Internet of Things hardware development platform}},
  howpublished = "\url{https://zolertia.io/product/re-mote/}",
}

@ARTICLE{7460875,
  author={},
  journal={IEEE Std 802.15.4-2015 (Revision of IEEE Std 802.15.4-2011)}, 
  title={IEEE Standard for Low-Rate Wireless Networks}, 
  year={2016},
  doi={10.1109/IEEESTD.2016.7460875}}

@techreport{3gpp.22.104,
 author = {3GPP},
 day = {31},
 institution = {3GPP},
 month = {03},
 note = {Version 19.0.0},
 number = {22.104},
 title = {{Service requirements for cyber-physical control applications in vertical domains}},
 type = {Technical Specification (TS)},
 url={https://portal.3gpp.org/desktopmodules/Specifications/SpecificationDetai\\ls.aspx?specificationId=3528},
 year = {2023}
}

  @misc{wirelesshart,
  title = {{WirelessHART Protocol Specifications}},
  howpublished = "\url{https://www.fieldcommgroup.org/hart-specifications}",
}

  @misc{6tisch,
  title = {{An Architecture for IPv6 over the TSCH mode of IEEE 802.15.4}},
  howpublished = "\url{https://www.ietf.org/archive/id/draft-ietf-6tisch-architecture-29.html}",
}

@inproceedings{ferrari2011efficient,
  title={Efficient network flooding and time synchronization with glossy},
  author={Ferrari, Federico and Zimmerling, Marco and Thiele, Lothar and Saukh, Olga},
  booktitle={Proceedings of the 10th ACM/IEEE International Conference on Information Processing in Sensor Networks},
  pages={73--84},
  year={2011},
  organization={IEEE}
}

@inproceedings{langley2017quic,
  title={The quic transport protocol: Design and internet-scale deployment},
  author={Langley, Adam and Riddoch, Alistair and Wilk, Alyssa and Vicente, Antonio and Krasic, Charles and Zhang, Dan and Yang, Fan and Kouranov, Fedor and Swett, Ian and Iyengar, Janardhan and others},
  booktitle={Proceedings of the conference of the ACM special interest group on data communication},
  pages={183--196},
  year={2017}
}

@book{aastrom2012introduction,
  title={Introduction to stochastic control theory},
  author={{\AA}str{\"o}m, Karl J},
  year={2012},
  publisher={Courier Corporation}
}

@book{kwakernaak1972linear,
  title={Linear optimal control systems},
  author={Kwakernaak, Huibert and Sivan, Raphael},
  volume={1},
  year={1972},
  publisher={Wiley-interscience New York}
}

@inproceedings{kutsevol2023value,
  title={Value of Updates: Which Packets Are Worth Transmitting?},
  author={Kutsevol, Polina and Ayan, Onur and Kellerer, Wolfgang},
  booktitle={IEEE INFOCOM 2023-IEEE Conference on Computer Communications Workshops (INFOCOM WKSHPS)},
  pages={1--2},
  year={2023},
  organization={IEEE}
}

@article{hochreiter1997long,
  title={Long short-term memory},
  author={Hochreiter, Sepp and Schmidhuber, J{\"u}rgen},
  journal={Neural computation},
  volume={9},
  number={8},
  pages={1735--1780},
  year={1997},
  publisher={MIT press}
}

@article{vaswani2017attention,
  title={Attention is all you need},
  author={Vaswani, Ashish and Shazeer, Noam and Parmar, Niki and Uszkoreit, Jakob and Jones, Llion and Gomez, Aidan N and Kaiser, {\L}ukasz and Polosukhin, Illia},
  journal={Advances in neural information processing systems},
  volume={30},
  year={2017}
}

@article{cardwell2017bbr,
  title={BBR: Congestion-based congestion control},
  author={Cardwell, Neal and Cheng, Yuchung and Gunn, C Stephen and Yeganeh, Soheil Hassas and Jacobson, Van},
  journal={Communications of the ACM},
  volume={60},
  number={2},
  pages={58--66},
  year={2017},
  publisher={ACM New York, NY, USA}
}

@article{borovykh2017conditional,
  title={Conditional time series forecasting with convolutional neural networks},
  author={Borovykh, Anastasia and Bohte, Sander and Oosterlee, Cornelis W},
  journal={arXiv preprint arXiv:1703.04691},
  year={2017}
}

@article{wen2022transformers,
  title={Transformers in time series: A survey},
  author={Wen, Qingsong and Zhou, Tian and Zhang, Chaoli and Chen, Weiqi and Ma, Ziqing and Yan, Junchi and Sun, Liang},
  journal={arXiv preprint arXiv:2202.07125},
  year={2022}
}

@article{wang2019language,
  title={Language models with transformers},
  author={Wang, Chenguang and Li, Mu and Smola, Alexander J},
  journal={arXiv preprint arXiv:1904.09408},
  year={2019}
}

@article{rumelhart1986learning,
  title={Learning Internal Representations by Error Propagation, Parallel Distributed Processing, Explorations in the Microstructure of Cognition, ed. DE Rumelhart and J. McClelland. Vol. 1. 1986},
  author={Rumelhart, David E and Hinton, Geoffrey E and Williams, Ronald J},
  journal={Biometrika},
  volume={71},
  pages={599--607},
  year={1986}
}

@article{dao2022flashattention,
  title={Flashattention: Fast and memory-efficient exact attention with io-awareness},
  author={Dao, Tri and Fu, Dan and Ermon, Stefano and Rudra, Atri and R{\'e}, Christopher},
  journal={Advances in Neural Information Processing Systems},
  volume={35},
  pages={16344--16359},
  year={2022}
}