@ARTICLE{7460875,
  author={},
  journal={IEEE Std 802.15.4-2015 (Revision of IEEE Std 802.15.4-2011)}, 
  title={IEEE Standard for Low-Rate Wireless Networks}, 
  year={2016},
  doi={10.1109/IEEESTD.2016.7460875}}

@article{alawad2022value,
  title={Value of information in wireless sensor network applications and the IoT: A review},
  author={Alawad, Faiga and Kraemer, Frank Alexander},
  journal={IEEE Sensors Journal},
  volume={22},
  number={10},
  pages={9228--9245},
  year={2022},
  publisher={IEEE}
}

@inproceedings{ayan2019age,
  title={Age-of-information vs. value-of-information scheduling for cellular networked control systems},
  author={Ayan, Onur and Vilgelm, Mikhail and Kl{\"u}gel, Markus and Hirche, Sandra and Kellerer, Wolfgang},
  booktitle={Proceedings of the 10th ACM/IEEE International Conference on Cyber-Physical Systems},
  pages={109--117},
  year={2019}
}

@inproceedings{beytur2020towards,
  title={Towards AoI-aware smart IoT systems},
  author={Beytur, Hasan Burhan and Baghaee, Sajjad and Uysal, Elif},
  booktitle={2020 International Conference on Computing, Networking and Communications (ICNC)},
  pages={353--357},
  year={2020},
  organization={IEEE}
}

@article{chang2023lightweight,
  title={A Lightweight Sensor Scheduler Based on AoI Function for Remote State Estimation over Lossy Wireless Channels},
  author={Chang, Taige and Cao, Xianghui and Zheng, Wei Xing},
  journal={IEEE Transactions on Automatic Control},
  year={2023},
  publisher={IEEE}
}

@article{chiariotti2020quic,
  title={Quic-est: A transmission scheme to maximize voi of multi-stream correlated data flows},
  author={Chiariotti, Federico and Deshpande, Anay Ajit and Giordani, Marco and Antonakoglou, Kostantinos and Zanella, Andrea and Mahmoodi, Toktam},
  journal={arXiv preprint arXiv:2010.03831},
  year={2020}
}

@article{ge2019distributed,
  title={Distributed event-triggered estimation over sensor networks: A survey},
  author={Ge, Xiaohua and Han, Qing-Long and Zhang, Xian-Ming and Ding, Lei and Yang, Fuwen},
  journal={IEEE transactions on cybernetics},
  volume={50},
  number={3},
  pages={1306--1320},
  year={2019},
  publisher={IEEE}
}

@article{holm2023goal,
  title={Goal-Oriented Scheduling in Sensor Networks with Application Timing Awareness},
  author={Holm, Josefine and Chiariotti, Federico and Kal{\o}r, Anders E and Soret, Beatriz and Pedersen, Torben Bach and Popovski, Petar},
  journal={IEEE Transactions on Communications},
  year={2023},
  publisher={IEEE}
}

@article{jarwan2021information,
  title={Information-Oriented Traffic Management for Energy-Efficient and Loss-Resilient IoT Systems},
  author={Jarwan, Abdallah and Sabbah, Ayman and Ibnkahla, Mohamed},
  journal={IEEE Internet of Things Journal},
  volume={9},
  number={10},
  pages={7388--7403},
  year={2021},
  publisher={IEEE}
}

@inproceedings{jiang2020revealing,
  title={Revealing much while saying less: Predictive wireless for status update},
  author={Jiang, Zhiyuan and Cao, Zixu and Fu, Siyu and Peng, Fei and Cao, Shan and Zhang, Shunqing and Xu, Shugong},
  booktitle={IEEE INFOCOM 2020-IEEE Conference on Computer Communications},
  pages={1419--1428},
  year={2020},
  organization={IEEE}
}

@article{kadota2018scheduling,
  title={Scheduling policies for minimizing age of information in broadcast wireless networks},
  author={Kadota, Igor and Sinha, Abhishek and Uysal-Biyikoglu, Elif and Singh, Rahul and Modiano, Eytan},
  journal={IEEE/ACM Transactions on Networking},
  volume={26},
  number={6},
  pages={2637--2650},
  year={2018},
  publisher={IEEE}
}

@article{kutsevol2023experimental,
  title={Experimental Study of Transport Layer Protocols for  Wireless Networked Control Systems},
  author={Kutsevol, Polina and Ayan, Onur and Pappas, Nikolaos and Kellerer, Wolfgang},
  journal={IEEE SECON},
  year={2023}
}

@inproceedings{langley2017quic,
  title={The quic transport protocol: Design and internet-scale deployment},
  author={Langley, Adam and Riddoch, Alistair and Wilk, Alyssa and Vicente, Antonio and Krasic, Charles and Zhang, Dan and Yang, Fan and Kouranov, Fedor and Swett, Ian and Iyengar, Janardhan and others},
  booktitle={Proceedings of the conference of the ACM special interest group on data communication},
  pages={183--196},
  year={2017}
}

@inproceedings{ma2022scheduling,
  title={Scheduling to minimize control cost in multi-loop wireless networked control with imperfect sensors},
  author={Ma, He and Wang, Lixin and Zhou, Shidong},
  booktitle={2022 IEEE 95th Vehicular Technology Conference:(VTC2022-Spring)},
  pages={1--7},
  year={2022},
  organization={IEEE}
}

@article{maatouk2020age,
  title={The age of incorrect information: A new performance metric for status updates},
  author={Maatouk, Ali and Kriouile, Saad and Assaad, Mohamad and Ephremides, Anthony},
  journal={IEEE/ACM Transactions on Networking},
  volume={28},
  number={5},
  pages={2215--2228},
  year={2020},
  publisher={IEEE}
}

@article{mason2023multi,
  title={Multi-Agent Reinforcement Learning for Pragmatic Communication and Control},
  author={Mason, Federico and Chiariotti, Federico and Zanella, Andrea and Popovski, Petar},
  journal={arXiv preprint arXiv:2302.14399},
  year={2023}
}

@inproceedings{ngai2009information,
  title={Information-aware traffic reduction for wireless sensor networks},
  author={Ngai, Edith C-H and Gelenbe, Erol and Humber, Gregory},
  booktitle={2009 IEEE 34th Conference on Local Computer Networks},
  pages={451--458},
  year={2009},
  organization={IEEE}
}

@article{nikkhah2023age,
  title={Age of actuation in a wireless power transfer system},
  author={Nikkhah, Ali and Ephremides, Anthony and Pappas, Nikolaos},
  journal={IEEE INFOCOM Workshops},
  year={2023}
}

@article{ouguz2022implementation,
  title={Implementation and evaluation of age-aware downlink scheduling policies in push-based and pull-based communication},
  author={O{\u{g}}uz, Tahir Kerem and Ceran, Elif Tu{\u{g}}{\c{c}}e and Uysal, Elif and Girici, Tolga},
  journal={Entropy},
  volume={24},
  number={5},
  pages={673},
  year={2022},
  publisher={Mdpi}
}

@article{peng2021sensing,
  title={Sensing and communication co-design for status update in multiaccess wireless networks},
  author={Peng, Fei and Jiang, Zhiyuan and Zhou, Sheng and Niu, Zhisheng and Zhang, Shunqing},
  journal={IEEE Transactions on Mobile Computing},
  year={2021},
  publisher={IEEE}
}

@article{saifullah2014near,
  title={Near optimal rate selection for wireless control systems},
  author={Saifullah, Abusayeed and Wu, Chengjie and Tiwari, Paras Babu and Xu, You and Fu, Yong and Lu, Chenyang and Chen, Yixin},
  journal={ACM Transactions on Embedded Computing Systems (TECS)},
  volume={13},
  number={4s},
  pages={1--25},
  year={2014},
  publisher={ACM New York, NY, USA}
}

@article{schmidtpredictably,
  title={Predictably Reliable Real-time Transport Services for Wireless Cyber-Physical Systems},
  author={Schmidt, Andreas and Pereira, Pablo Gil and Herfet, Thorsten},
  journal={21st IFAC World Congress, 2020}
}

@inproceedings{shi2019dtp,
  title={Dtp: Deadline-aware transport protocol},
  author={Shi, Hang and Cui, Yong and Qian, Feng and Hu, Yuming},
  booktitle={Proceedings of the 3rd Asia-Pacific Workshop on Networking 2019},
  pages={1--7},
  year={2019}
}

@inproceedings{shreedhar2019age,
  title={An age control transport protocol for delivering fresh updates in the Internet-of-Things},
  author={Shreedhar, Tanya and Kaul, Sanjit K and Yates, Roy D},
  booktitle={2019 IEEE 20th International Symposium on" A World of Wireless, Mobile and Multimedia Networks"(WoWMoM)},
  pages={1--7},
  year={2019},
  organization={IEEE}
}

@misc{wirelesshart,
  title = {{WirelessHART Protocol Specifications}},
  howpublished = "\url{https://www.fieldcommgroup.org/hart-specifications}",
}

@article{zheng2020urgency,
  title={Urgency of information for context-aware timely status updates in remote control systems},
  author={Zheng, Xi and Zhou, Sheng and Niu, Zhisheng},
  journal={IEEE Transactions on Wireless Communications},
  volume={19},
  number={11},
  pages={7237--7250},
  year={2020},
  publisher={IEEE}
}

