@inproceedings{abels2019dynamic,
  title={Dynamic weights in multi-objective deep reinforcement learning},
  author={Abels, Axel and Roijers, Diederik and Lenaerts, Tom and Now{\'e}, Ann and Steckelmacher, Denis},
  booktitle={International conference on machine learning},
  pages={11--20},
  year={2019},
  organization={PMLR}
}

@article{agarwal2021contrastive,
  title={Contrastive behavioral similarity embeddings for generalization in reinforcement learning},
  author={Agarwal, Rishabh and Machado, Marlos C and Castro, Pablo Samuel and Bellemare, Marc G},
  journal={arXiv preprint arXiv:2101.05265},
  year={2021}
}

@article{basaklar2022pd,
  title={Pd-morl: Preference-driven multi-objective reinforcement learning algorithm},
  author={Basaklar, Toygun and Gumussoy, Suat and Ogras, Umit Y},
  journal={arXiv preprint arXiv:2208.07914},
  year={2022}
}

@article{benjamins2022contextualize,
  title={Contextualize Me--The Case for Context in Reinforcement Learning},
  author={Benjamins, Carolin and Eimer, Theresa and Schubert, Frederik and Mohan, Aditya and D{\"o}hler, Sebastian and Biedenkapp, Andr{\'e} and Rosenhahn, Bodo and Hutter, Frank and Lindauer, Marius},
  journal={arXiv preprint arXiv:2202.04500},
  year={2022}
}

@article{brohan2022rt,
  title={Rt-1: Robotics transformer for real-world control at scale},
  author={Brohan, Anthony and Brown, Noah and Carbajal, Justice and Chebotar, Yevgen and Dabis, Joseph and Finn, Chelsea and Gopalakrishnan, Keerthana and Hausman, Karol and Herzog, Alex and Hsu, Jasmine and others},
  journal={arXiv preprint arXiv:2212.06817},
  year={2022}
}

@article{chauhan2023brief,
  title={A brief review of hypernetworks in deep learning},
  author={Chauhan, Vinod Kumar and Zhou, Jiandong and Lu, Ping and Molaei, Soheila and Clifton, David A},
  journal={arXiv preprint arXiv:2306.06955},
  year={2023}
}

@article{chen2023frugalgpt,
  title={Frugalgpt: How to use large language models while reducing cost and improving performance},
  author={Chen, Lingjiao and Zaharia, Matei and Zou, James},
  journal={arXiv preprint arXiv:2305.05176},
  year={2023}
}

@inproceedings{cobbe2019quantifying,
  title={Quantifying generalization in reinforcement learning},
  author={Cobbe, Karl and Klimov, Oleg and Hesse, Chris and Kim, Taehoon and Schulman, John},
  booktitle={International conference on machine learning},
  pages={1282--1289},
  year={2019},
  organization={PMLR}
}

@article{ding2024hybrid,
  title={Hybrid LLM: Cost-efficient and quality-aware query routing},
  author={Ding, Dujian and Mallick, Ankur and Wang, Chi and Sim, Robert and Mukherjee, Subhabrata and Ruhle, Victor and Lakshmanan, Laks VS and Awadallah, Ahmed Hassan},
  journal={arXiv preprint arXiv:2404.14618},
  year={2024}
}

@article{dong2023robust,
  title={Robust reinforcement learning through efficient adversarial herding},
  author={Dong, Juncheng and Hsu, Hao-Lun and Gao, Qitong and Tarokh, Vahid and Pajic, Miroslav},
  journal={arXiv preprint arXiv:2306.07408},
  year={2023}
}

@article{hari2023tryage,
  title={Tryage: Real-time, intelligent routing of user prompts to large language model},
  author={Hari, Surya Narayanan and Thomson, Matt},
  journal={arXiv preprint arXiv:2308.11601},
  year={2023}
}

@article{ingebrand2024zero,
  title={Zero-Shot Reinforcement Learning via Function Encoders},
  author={Ingebrand, Tyler and Zhang, Amy and Topcu, Ufuk},
  journal={arXiv preprint arXiv:2401.17173},
  year={2024}
}

@article{jain2020generalization,
  title={Generalization to new actions in reinforcement learning},
  author={Jain, Ayush and Szot, Andrew and Lim, Joseph J},
  journal={arXiv preprint arXiv:2011.01928},
  year={2020}
}

@article{jiang2023llm,
  title={Llm-blender: Ensembling large language models with pairwise ranking and generative fusion},
  author={Jiang, Dongfu and Ren, Xiang and Lin, Bill Yuchen},
  journal={arXiv preprint arXiv:2306.02561},
  year={2023}
}

@article{korkmaz2024survey,
  title={A Survey Analyzing Generalization in Deep Reinforcement Learning},
  author={Korkmaz, Ezgi},
  journal={arXiv preprint arXiv:2401.02349},
  year={2024}
}

@article{lu2023routing,
  title={Routing to the expert: Efficient reward-guided ensemble of large language models},
  author={Lu, Keming and Yuan, Hongyi and Lin, Runji and Lin, Junyang and Yuan, Zheng and Zhou, Chang and Zhou, Jingren},
  journal={arXiv preprint arXiv:2311.08692},
  year={2023}
}

@article{lu2024blending,
  title={Blending is all you need: Cheaper, better alternative to trillion-parameters llm},
  author={Lu, Xiaoding and Liusie, Adian and Raina, Vyas and Zhang, Yuwen and Beauchamp, William},
  journal={arXiv preprint arXiv:2401.02994},
  year={2024}
}

@article{madaan2023automix,
  title={Automix: Automatically mixing language models},
  author={Madaan, Aman and Aggarwal, Pranjal and Anand, Ankit and Potharaju, Srividya Pranavi and Mishra, Swaroop and Zhou, Pei and Gupta, Aditya and Rajagopal, Dheeraj and Kappaganthu, Karthik and Yang, Yiming and others},
  journal={arXiv preprint arXiv:2310.12963},
  year={2023}
}

@inproceedings{melo2022transformers,
  title={Transformers are meta-reinforcement learners},
  author={Melo, Luckeciano C},
  booktitle={international conference on machine learning},
  pages={15340--15359},
  year={2022},
  organization={PMLR}
}

@article{moos2022robust,
  title={Robust reinforcement learning: A review of foundations and recent advances},
  author={Moos, Janosch and Hansel, Kay and Abdulsamad, Hany and Stark, Svenja and Clever, Debora and Peters, Jan},
  journal={Machine Learning and Knowledge Extraction},
  volume={4},
  number={1},
  pages={276--315},
  year={2022},
  publisher={MDPI}
}

@article{nguyen2024metallm,
  title={MetaLLM: A High-performant and Cost-efficient Dynamic Framework for Wrapping LLMs},
  author={Nguyen, Quang H and Hoang, Duy C and Decugis, Juliette and Manchanda, Saurav and Chawla, Nitesh V and Doan, Khoa D},
  journal={arXiv preprint arXiv:2407.10834},
  year={2024}
}

@article{ong2024routellm,
  title={RouteLLM: Learning to Route LLMs with Preference Data},
  author={Ong, Isaac and Almahairi, Amjad and Wu, Vincent and Chiang, Wei-Lin and Wu, Tianhao and Gonzalez, Joseph E and Kadous, M Waleed and Stoica, Ion},
  journal={arXiv preprint arXiv:2406.18665},
  year={2024}
}

@inproceedings{parisi2014policy,
  title={Policy gradient approaches for multi-objective sequential decision making},
  author={Parisi, Simone and Pirotta, Matteo and Smacchia, Nicola and Bascetta, Luca and Restelli, Marcello},
  booktitle={2014 International Joint Conference on Neural Networks (IJCNN)},
  pages={2323--2330},
  year={2014},
  organization={IEEE}
}

@article{ramirez2024optimising,
  title={Optimising Calls to Large Language Models with Uncertainty-Based Two-Tier Selection},
  author={Ram{\'\i}rez, Guillem and Birch, Alexandra and Titov, Ivan},
  journal={arXiv preprint arXiv:2405.02134},
  year={2024}
}

@article{shnitzer2023large,
  title={Large language model routing with benchmark datasets},
  author={Shnitzer, Tal and Ou, Anthony and Silva, M{\'\i}rian and Soule, Kate and Sun, Yuekai and Solomon, Justin and Thompson, Neil and Yurochkin, Mikhail},
  journal={arXiv preprint arXiv:2309.15789},
  year={2023}
}

@article{shu2024learning,
  title={Learning Pareto Set for Multi-Objective Continuous Robot Control},
  author={Shu, Tianye and Shang, Ke and Gong, Cheng and Nan, Yang and Ishibuchi, Hisao},
  journal={arXiv preprint arXiv:2406.18924},
  year={2024}
}

@article{touati2021learning,
  title={Learning one representation to optimize all rewards},
  author={Touati, Ahmed and Ollivier, Yann},
  journal={Advances in Neural Information Processing Systems},
  volume={34},
  pages={13--23},
  year={2021}
}

@article{van2014multi,
  title={Multi-objective reinforcement learning using sets of pareto dominating policies},
  author={Van Moffaert, Kristof and Now{\'e}, Ann},
  journal={The Journal of Machine Learning Research},
  volume={15},
  number={1},
  pages={3483--3512},
  year={2014},
  publisher={JMLR. org}
}

@inproceedings{vsakota2024fly,
  title={Fly-swat or cannon? cost-effective language model choice via meta-modeling},
  author={{\v{S}}akota, Marija and Peyrard, Maxime and West, Robert},
  booktitle={Proceedings of the 17th ACM International Conference on Web Search and Data Mining},
  pages={606--615},
  year={2024}
}

@article{wang2023fusing,
  title={Fusing models with complementary expertise},
  author={Wang, Hongyi and Polo, Felipe Maia and Sun, Yuekai and Kundu, Souvik and Xing, Eric and Yurochkin, Mikhail},
  journal={arXiv preprint arXiv:2310.01542},
  year={2023}
}

@inproceedings{xu2020prediction,
  title={Prediction-guided multi-objective reinforcement learning for continuous robot control},
  author={Xu, Jie and Tian, Yunsheng and Ma, Pingchuan and Rus, Daniela and Sueda, Shinjiro and Matusik, Wojciech},
  booktitle={International conference on machine learning},
  pages={10607--10616},
  year={2020},
  organization={PMLR}
}

@article{yang2019generalized,
  title={A generalized algorithm for multi-objective reinforcement learning and policy adaptation},
  author={Yang, Runzhe and Sun, Xingyuan and Narasimhan, Karthik},
  journal={Advances in neural information processing systems},
  volume={32},
  year={2019}
}

@article{zhang2021generalization,
  title={Generalization of reinforcement learning with policy-aware adversarial data augmentation},
  author={Zhang, Hanping and Guo, Yuhong},
  journal={arXiv preprint arXiv:2106.15587},
  year={2021}
}

