@article{achiam2023gpt,
  title={Gpt-4 technical report},
  author={Achiam, Josh and Adler, Steven and Agarwal, Sandhini and Ahmad, Lama and Akkaya, Ilge and Aleman, Florencia Leoni and Almeida, Diogo and Altenschmidt, Janko and Altman, Sam and Anadkat, Shyamal and others},
  journal={arXiv preprint arXiv:2303.08774},
  year={2023}
}

@article{jiang2024mixtral,
  title={Mixtral of experts},
  author={Jiang, Albert Q and Sablayrolles, Alexandre and Roux, Antoine and Mensch, Arthur and Savary, Blanche and Bamford, Chris and Chaplot, Devendra Singh and Casas, Diego de las and Hanna, Emma Bou and Bressand, Florian and others},
  journal={arXiv preprint arXiv:2401.04088},
  year={2024}
}

@article{roziere2023code,
  title={Code llama: Open foundation models for code},
  author={Roziere, Baptiste and Gehring, Jonas and Gloeckle, Fabian and Sootla, Sten and Gat, Itai and Tan, Xiaoqing Ellen and Adi, Yossi and Liu, Jingyu and Sauvestre, Romain and Remez, Tal and others},
  journal={arXiv preprint arXiv:2308.12950},
  year={2023}
}

@article{singhal2023large,
  title={Large language models encode clinical knowledge},
  author={Singhal, Karan and Azizi, Shekoofeh and Tu, Tao and Mahdavi, S Sara and Wei, Jason and Chung, Hyung Won and Scales, Nathan and Tanwani, Ajay and Cole-Lewis, Heather and Pfohl, Stephen and others},
  journal={Nature},
  volume={620},
  number={7972},
  pages={172--180},
  year={2023},
  publisher={Nature Publishing Group}
}

@article{jiang2023llm,
  title={Llm-blender: Ensembling large language models with pairwise ranking and generative fusion},
  author={Jiang, Dongfu and Ren, Xiang and Lin, Bill Yuchen},
  journal={arXiv preprint arXiv:2306.02561},
  year={2023}
}

@article{wang2023fusing,
  title={Fusing models with complementary expertise},
  author={Wang, Hongyi and Polo, Felipe Maia and Sun, Yuekai and Kundu, Souvik and Xing, Eric and Yurochkin, Mikhail},
  journal={arXiv preprint arXiv:2310.01542},
  year={2023}
}

@article{chen2020frugalml,
  title={Frugalml: How to use ml prediction apis more accurately and cheaply},
  author={Chen, Lingjiao and Zaharia, Matei and Zou, James Y},
  journal={Advances in neural information processing systems},
  volume={33},
  pages={10685--10696},
  year={2020}
}

@article{nguyen2024metallm,
  title={MetaLLM: A High-performant and Cost-efficient Dynamic Framework for Wrapping LLMs},
  author={Nguyen, Quang H and Hoang, Duy C and Decugis, Juliette and Manchanda, Saurav and Chawla, Nitesh V and Doan, Khoa D},
  journal={arXiv preprint arXiv:2407.10834},
  year={2024}
}

@article{ding2024hybrid,
  title={Hybrid LLM: Cost-efficient and quality-aware query routing},
  author={Ding, Dujian and Mallick, Ankur and Wang, Chi and Sim, Robert and Mukherjee, Subhabrata and Ruhle, Victor and Lakshmanan, Laks VS and Awadallah, Ahmed Hassan},
  journal={arXiv preprint arXiv:2404.14618},
  year={2024}
}

@article{ong2024routellm,
  title={RouteLLM: Learning to Route LLMs with Preference Data},
  author={Ong, Isaac and Almahairi, Amjad and Wu, Vincent and Chiang, Wei-Lin and Wu, Tianhao and Gonzalez, Joseph E and Kadous, M Waleed and Stoica, Ion},
  journal={arXiv preprint arXiv:2406.18665},
  year={2024}
}

@article{ramirez2024optimising,
  title={Optimising Calls to Large Language Models with Uncertainty-Based Two-Tier Selection},
  author={Ram{\'\i}rez, Guillem and Birch, Alexandra and Titov, Ivan},
  journal={arXiv preprint arXiv:2405.02134},
  year={2024}
}

@article{chen2023frugalgpt,
  title={Frugalgpt: How to use large language models while reducing cost and improving performance},
  author={Chen, Lingjiao and Zaharia, Matei and Zou, James},
  journal={arXiv preprint arXiv:2305.05176},
  year={2023}
}

@book{hambleton2013item,
  title={Item response theory: Principles and applications},
  author={Hambleton, Ronald K and Swaminathan, Hariharan},
  year={2013},
  publisher={Springer Science \& Business Media}
}

@article{shnitzer2023large,
  title={Large language model routing with benchmark datasets},
  author={Shnitzer, Tal and Ou, Anthony and Silva, M{\'\i}rian and Soule, Kate and Sun, Yuekai and Solomon, Justin and Thompson, Neil and Yurochkin, Mikhail},
  journal={arXiv preprint arXiv:2309.15789},
  year={2023}
}

@article{hari2023tryage,
  title={Tryage: Real-time, intelligent routing of user prompts to large language model},
  author={Hari, Surya Narayanan and Thomson, Matt},
  journal={arXiv preprint arXiv:2308.11601},
  year={2023}
}

@inproceedings{vsakota2024fly,
  title={Fly-swat or cannon? cost-effective language model choice via meta-modeling},
  author={{\v{S}}akota, Marija and Peyrard, Maxime and West, Robert},
  booktitle={Proceedings of the 17th ACM International Conference on Web Search and Data Mining},
  pages={606--615},
  year={2024}
}

@inproceedings{xu2020prediction,
  title={Prediction-guided multi-objective reinforcement learning for continuous robot control},
  author={Xu, Jie and Tian, Yunsheng and Ma, Pingchuan and Rus, Daniela and Sueda, Shinjiro and Matusik, Wojciech},
  booktitle={International conference on machine learning},
  pages={10607--10616},
  year={2020},
  organization={PMLR}
}

@article{shu2024learning,
  title={Learning Pareto Set for Multi-Objective Continuous Robot Control},
  author={Shu, Tianye and Shang, Ke and Gong, Cheng and Nan, Yang and Ishibuchi, Hisao},
  journal={arXiv preprint arXiv:2406.18924},
  year={2024}
}

@article{yang2019generalized,
  title={A generalized algorithm for multi-objective reinforcement learning and policy adaptation},
  author={Yang, Runzhe and Sun, Xingyuan and Narasimhan, Karthik},
  journal={Advances in neural information processing systems},
  volume={32},
  year={2019}
}

@article{basaklar2022pd,
  title={Pd-morl: Preference-driven multi-objective reinforcement learning algorithm},
  author={Basaklar, Toygun and Gumussoy, Suat and Ogras, Umit Y},
  journal={arXiv preprint arXiv:2208.07914},
  year={2022}
}

@article{van2014multi,
  title={Multi-objective reinforcement learning using sets of pareto dominating policies},
  author={Van Moffaert, Kristof and Now{\'e}, Ann},
  journal={The Journal of Machine Learning Research},
  volume={15},
  number={1},
  pages={3483--3512},
  year={2014},
  publisher={JMLR. org}
}

@inproceedings{parisi2014policy,
  title={Policy gradient approaches for multi-objective sequential decision making},
  author={Parisi, Simone and Pirotta, Matteo and Smacchia, Nicola and Bascetta, Luca and Restelli, Marcello},
  booktitle={2014 International Joint Conference on Neural Networks (IJCNN)},
  pages={2323--2330},
  year={2014},
  organization={IEEE}
}

@inproceedings{abels2019dynamic,
  title={Dynamic weights in multi-objective deep reinforcement learning},
  author={Abels, Axel and Roijers, Diederik and Lenaerts, Tom and Now{\'e}, Ann and Steckelmacher, Denis},
  booktitle={International conference on machine learning},
  pages={11--20},
  year={2019},
  organization={PMLR}
}

@article{chauhan2023brief,
  title={A brief review of hypernetworks in deep learning},
  author={Chauhan, Vinod Kumar and Zhou, Jiandong and Lu, Ping and Molaei, Soheila and Clifton, David A},
  journal={arXiv preprint arXiv:2306.06955},
  year={2023}
}

@article{madaan2023automix,
  title={Automix: Automatically mixing language models},
  author={Madaan, Aman and Aggarwal, Pranjal and Anand, Ankit and Potharaju, Srividya Pranavi and Mishra, Swaroop and Zhou, Pei and Gupta, Aditya and Rajagopal, Dheeraj and Kappaganthu, Karthik and Yang, Yiming and others},
  journal={arXiv preprint arXiv:2310.12963},
  year={2023}
}

@article{lu2024blending,
  title={Blending is all you need: Cheaper, better alternative to trillion-parameters llm},
  author={Lu, Xiaoding and Liusie, Adian and Raina, Vyas and Zhang, Yuwen and Beauchamp, William},
  journal={arXiv preprint arXiv:2401.02994},
  year={2024}
}

@article{lu2023routing,
  title={Routing to the expert: Efficient reward-guided ensemble of large language models},
  author={Lu, Keming and Yuan, Hongyi and Lin, Runji and Lin, Junyang and Yuan, Zheng and Zhou, Chang and Zhou, Jingren},
  journal={arXiv preprint arXiv:2311.08692},
  year={2023}
}

@article{moos2022robust,
  title={Robust reinforcement learning: A review of foundations and recent advances},
  author={Moos, Janosch and Hansel, Kay and Abdulsamad, Hany and Stark, Svenja and Clever, Debora and Peters, Jan},
  journal={Machine Learning and Knowledge Extraction},
  volume={4},
  number={1},
  pages={276--315},
  year={2022},
  publisher={MDPI}
}

@article{dong2023robust,
  title={Robust reinforcement learning through efficient adversarial herding},
  author={Dong, Juncheng and Hsu, Hao-Lun and Gao, Qitong and Tarokh, Vahid and Pajic, Miroslav},
  journal={arXiv preprint arXiv:2306.07408},
  year={2023}
}

@article{ingebrand2024zero,
  title={Zero-Shot Reinforcement Learning via Function Encoders},
  author={Ingebrand, Tyler and Zhang, Amy and Topcu, Ufuk},
  journal={arXiv preprint arXiv:2401.17173},
  year={2024}
}

@inproceedings{melo2022transformers,
  title={Transformers are meta-reinforcement learners},
  author={Melo, Luckeciano C},
  booktitle={international conference on machine learning},
  pages={15340--15359},
  year={2022},
  organization={PMLR}
}

@article{brohan2022rt,
  title={Rt-1: Robotics transformer for real-world control at scale},
  author={Brohan, Anthony and Brown, Noah and Carbajal, Justice and Chebotar, Yevgen and Dabis, Joseph and Finn, Chelsea and Gopalakrishnan, Keerthana and Hausman, Karol and Herzog, Alex and Hsu, Jasmine and others},
  journal={arXiv preprint arXiv:2212.06817},
  year={2022}
}

@inproceedings{konidaris2014hidden,
  title={Hidden parameter Markov decision processes: an emerging paradigm for modeling families of related tasks},
  author={Konidaris, George and Doshi-Velez, Finale},
  booktitle={2014 AAAI Fall Symposium Series},
  year={2014}
}

@article{benjamins2022contextualize,
  title={Contextualize Me--The Case for Context in Reinforcement Learning},
  author={Benjamins, Carolin and Eimer, Theresa and Schubert, Frederik and Mohan, Aditya and D{\"o}hler, Sebastian and Biedenkapp, Andr{\'e} and Rosenhahn, Bodo and Hutter, Frank and Lindauer, Marius},
  journal={arXiv preprint arXiv:2202.04500},
  year={2022}
}

@article{touati2021learning,
  title={Learning one representation to optimize all rewards},
  author={Touati, Ahmed and Ollivier, Yann},
  journal={Advances in Neural Information Processing Systems},
  volume={34},
  pages={13--23},
  year={2021}
}

@article{agarwal2021contrastive,
  title={Contrastive behavioral similarity embeddings for generalization in reinforcement learning},
  author={Agarwal, Rishabh and Machado, Marlos C and Castro, Pablo Samuel and Bellemare, Marc G},
  journal={arXiv preprint arXiv:2101.05265},
  year={2021}
}

@article{jain2020generalization,
  title={Generalization to new actions in reinforcement learning},
  author={Jain, Ayush and Szot, Andrew and Lim, Joseph J},
  journal={arXiv preprint arXiv:2011.01928},
  year={2020}
}

@article{korkmaz2024survey,
  title={A Survey Analyzing Generalization in Deep Reinforcement Learning},
  author={Korkmaz, Ezgi},
  journal={arXiv preprint arXiv:2401.02349},
  year={2024}
}

@inproceedings{cobbe2019quantifying,
  title={Quantifying generalization in reinforcement learning},
  author={Cobbe, Karl and Klimov, Oleg and Hesse, Chris and Kim, Taehoon and Schulman, John},
  booktitle={International conference on machine learning},
  pages={1282--1289},
  year={2019},
  organization={PMLR}
}

@article{lee2019network,
  title={Network randomization: A simple technique for generalization in deep reinforcement learning},
  author={Lee, Kimin and Lee, Kibok and Shin, Jinwoo and Lee, Honglak},
  journal={arXiv preprint arXiv:1910.05396},
  year={2019}
}

@inproceedings{yarats2021image,
  title={Image augmentation is all you need: Regularizing deep reinforcement learning from pixels},
  author={Yarats, Denis and Kostrikov, Ilya and Fergus, Rob},
  booktitle={International conference on learning representations},
  year={2021}
}

@article{laskin2020reinforcement,
  title={Reinforcement learning with augmented data},
  author={Laskin, Misha and Lee, Kimin and Stooke, Adam and Pinto, Lerrel and Abbeel, Pieter and Srinivas, Aravind},
  journal={Advances in neural information processing systems},
  volume={33},
  pages={19884--19895},
  year={2020}
}

@article{farebrother2018generalization,
  title={Generalization and regularization in dqn},
  author={Farebrother, Jesse and Machado, Marlos C and Bowling, Michael},
  journal={arXiv preprint arXiv:1810.00123},
  year={2018}
}

@article{wang2020improving,
  title={Improving generalization in reinforcement learning with mixture regularization},
  author={Wang, Kaixin and Kang, Bingyi and Shao, Jie and Feng, Jiashi},
  journal={Advances in Neural Information Processing Systems},
  volume={33},
  pages={7968--7978},
  year={2020}
}

@inproceedings{korkmaz2022deep,
  title={Deep reinforcement learning policies learn shared adversarial features across mdps},
  author={Korkmaz, Ezgi},
  booktitle={Proceedings of the AAAI Conference on Artificial Intelligence},
  volume={36},
  number={7},
  pages={7229--7238},
  year={2022}
}

@article{zhang2021generalization,
  title={Generalization of reinforcement learning with policy-aware adversarial data augmentation},
  author={Zhang, Hanping and Guo, Yuhong},
  journal={arXiv preprint arXiv:2106.15587},
  year={2021}
}

@article{zhang2020learning,
  title={Learning invariant representations for reinforcement learning without reconstruction},
  author={Zhang, Amy and McAllister, Rowan and Calandra, Roberto and Gal, Yarin and Levine, Sergey},
  journal={arXiv preprint arXiv:2006.10742},
  year={2020}
}

@article{tachet2018learning,
  title={Learning invariances for policy generalization},
  author={Tachet, Remi and Bachman, Philip and van Seijen, Harm},
  journal={arXiv preprint arXiv:1809.02591},
  year={2018}
}

@article{schulman2017proximal,
  title={Proximal policy optimization algorithms},
  author={Schulman, John and Wolski, Filip and Dhariwal, Prafulla and Radford, Alec and Klimov, Oleg},
  journal={arXiv preprint arXiv:1707.06347},
  year={2017}
}

@article{schulman2015high,
  title={High-dimensional continuous control using generalized advantage estimation},
  author={Schulman, John and Moritz, Philipp and Levine, Sergey and Jordan, Michael and Abbeel, Pieter},
  journal={arXiv preprint arXiv:1506.02438},
  year={2015}
}

@article{liang2022holistic,
  title={Holistic evaluation of language models},
  author={Liang, Percy and Bommasani, Rishi and Lee, Tony and Tsipras, Dimitris and Soylu, Dilara and Yasunaga, Michihiro and Zhang, Yian and Narayanan, Deepak and Wu, Yuhuai and Kumar, Ananya and others},
  journal={arXiv preprint arXiv:2211.09110},
  year={2022}
}

@misc{starling2023,
    title = {Starling-7B: Improving LLM Helpfulness \& Harmlessness with RLAIF},
    url = {},
    author = {Zhu, Banghua and Frick, Evan and Wu, Tianhao and Zhu, Hanlin and Jiao, Jiantao},
    month = {November},
    year = {2023}
}

@misc{zheng2023judging,
    title={Judging LLM-as-a-judge with MT-Bench and Chatbot Arena}, 
    author={Lianmin Zheng and Wei-Lin Chiang and Ying Sheng and Siyuan Zhuang and Zhanghao Wu and Yonghao Zhuang and Zi Lin and Zhuohan Li and Dacheng Li and Eric. P Xing and Hao Zhang and Joseph E. Gonzalez and Ion Stoica},
    year={2023},
    eprint={2306.05685},
    archivePrefix={arXiv},
    primaryClass={cs.CL}
}

@article{platt1999probabilistic,
  title={Probabilistic outputs for support vector machines and comparisons to regularized likelihood methods},
  author={Platt, John and others},
  journal={Advances in large margin classifiers},
  volume={10},
  number={3},
  pages={61--74},
  year={1999},
  publisher={Cambridge, MA}
}

@article{zhang2017mixup,
  title={mixup: Beyond empirical risk minimization},
  author={Zhang, Hongyi},
  journal={arXiv preprint arXiv:1710.09412},
  year={2017}
}

@misc{li2023alpacaeval,
  title={Alpacaeval: An automatic evaluator of instruction-following models},
  author={Li, Xuechen and Zhang, Tianyi and Dubois, Yann and Taori, Rohan and Gulrajani, Ishaan and Guestrin, Carlos and Liang, Percy and Hashimoto, Tatsunori B},
  year={2023}
}

@misc{open-llm-leaderboard-v2,
  author = {Clémentine Fourrier and Nathan Habib and Alina Lozovskaya and Konrad Szafer and Thomas Wolf},
  title = {Open LLM Leaderboard v2},
  year = {2024},
  publisher = {Hugging Face},
  howpublished = "\url{https://huggingface.co/spaces/open-llm-leaderboard/open_llm_leaderboard}",
}

@misc{open-llm-leaderboard,
  author = {Edward Beeching and Clémentine Fourrier and Nathan Habib and Sheon Han and Nathan Lambert and Nazneen Rajani and Omar Sanseviero and Lewis Tunstall and Thomas Wolf},
  title = {Open LLM Leaderboard},
  year = {2023},
  publisher = {Hugging Face},
  howpublished = "\url{https://huggingface.co/spaces/open-llm-leaderboard-old/open_llm_leaderboard}"
}

@inproceedings{lee2019set,
  title={Set transformer: A framework for attention-based permutation-invariant neural networks},
  author={Lee, Juho and Lee, Yoonho and Kim, Jungtaek and Kosiorek, Adam and Choi, Seungjin and Teh, Yee Whye},
  booktitle={International conference on machine learning},
  pages={3744--3753},
  year={2019},
  organization={PMLR}
}

@article{elo1967proposed,
  title={The proposed uscf rating system, its development, theory, and applications},
  author={Elo, Arpad E},
  journal={Chess life},
  volume={22},
  number={8},
  pages={242--247},
  year={1967}
}

@article{katehakis1987multi,
  title={The multi-armed bandit problem: decomposition and computation},
  author={Katehakis, Michael N and Veinott Jr, Arthur F},
  journal={Mathematics of Operations Research},
  volume={12},
  number={2},
  pages={262--268},
  year={1987},
  publisher={INFORMS}
}

@article{bouneffouf2019survey,
  title={A survey on practical applications of multi-armed and contextual bandits},
  author={Bouneffouf, Djallel and Rish, Irina},
  journal={arXiv preprint arXiv:1904.10040},
  year={2019}
}

@article{sharma2022comprehensive,
  title={A comprehensive review on multi-objective optimization techniques: Past, present and future},
  author={Sharma, Shubhkirti and Kumar, Vijay},
  journal={Archives of Computational Methods in Engineering},
  volume={29},
  number={7},
  pages={5605--5633},
  year={2022},
  publisher={Springer}
}