@inproceedings{EmoBench,
  author       = {Sahand Sabour and
                  Siyang Liu and
                  Zheyuan Zhang and
                  June M. Liu and
                  Jinfeng Zhou and
                  Alvionna S. Sunaryo and
                  Tatia M. C. Lee and
                  Rada Mihalcea and
                  Minlie Huang},
  editor       = {Lun{-}Wei Ku and
                  Andre Martins and
                  Vivek Srikumar},
  title        = {EmoBench: Evaluating the Emotional Intelligence of Large Language
                  Models},
  booktitle    = {Proceedings of the 62nd Annual Meeting of the Association for Computational
                  Linguistics (Volume 1: Long Papers), {ACL} 2024, Bangkok, Thailand,
                  August 11-16, 2024},
  pages        = {5986--6004},
  publisher    = {Association for Computational Linguistics},
  year         = {2024},
  url          = {https://doi.org/10.18653/v1/2024.acl-long.326},
  doi          = {10.18653/V1/2024.ACL-LONG.326},
  timestamp    = {Tue, 24 Sep 2024 10:55:35 +0200},
  biburl       = {https://dblp.org/rec/conf/acl/Sabour0ZLZSLMH24.bib},
  bibsource    = {dblp computer science bibliography, https://dblp.org}
}

@article{RobotSurvey,
  author       = {Sebastian Sartor and
                  Neil Thompson},
  title        = {Neural Scaling Laws for Embodied {AI}},
  journal      = {CoRR},
  volume       = {abs/2405.14005},
  year         = {2024},
  url          = {https://doi.org/10.48550/arXiv.2405.14005},
  doi          = {10.48550/ARXIV.2405.14005},
  eprinttype    = {arXiv},
  eprint       = {2405.14005},
  timestamp    = {Wed, 19 Jun 2024 08:52:48 +0200},
  biburl       = {https://dblp.org/rec/journals/corr/abs-2405-14005.bib},
  bibsource    = {dblp computer science bibliography, https://dblp.org}
}

@article{ryerson,
  title={The Ryerson Audio-Visual Database of Emotional Speech and Song (RAVDESS): A dynamic, multimodal set of facial and vocal expressions in North American English},
  author={Livingstone, Steven R and Russo, Frank A},
  journal={PloS one},
  volume={13},
  number={5},
  pages={e0196391},
  year={2018},
  publisher={Public Library of Science San Francisco, CA USA}
}


@inproceedings{yu2020ch,
  title={Ch-sims: A chinese multimodal sentiment analysis dataset with fine-grained annotation of modality},
  author={Yu, Wenmeng and Xu, Hua and Meng, Fanyang and Zhu, Yilin and Ma, Yixiao and Wu, Jiele and Zou, Jiyun and Yang, Kaicheng},
  booktitle={Proceedings of the 58th annual meeting of the association for computational linguistics},
  pages={3718--3727},
  year={2020}
}


@article{castro2019towards,
  title={Towards multimodal sarcasm detection (an \_obviously\_ perfect paper)},
  author={Castro, Santiago and Hazarika, Devamanyu and P{\'e}rez-Rosas, Ver{\'o}nica and Zimmermann, Roger and Mihalcea, Rada and Poria, Soujanya},
  journal={arXiv preprint arXiv:1906.01815},
  year={2019}
}

@article{poria2018meld,
  title={Meld: A multimodal multi-party dataset for emotion recognition in conversations},
  author={Poria, Soujanya and Hazarika, Devamanyu and Majumder, Navonil and Naik, Gautam and Cambria, Erik and Mihalcea, Rada},
  journal={arXiv preprint arXiv:1810.02508},
  year={2018}
}

@inproceedings{liu2022make,
  title={Make acoustic and visual cues matter: Ch-sims v2. 0 dataset and av-mixup consistent module},
  author={Liu, Yihe and Yuan, Ziqi and Mao, Huisheng and Liang, Zhiyun and Yang, Wanqiuyue and Qiu, Yuanzhe and Cheng, Tie and Li, Xiaoteng and Xu, Hua and Gao, Kai},
  booktitle={Proceedings of the 2022 international conference on multimodal interaction},
  pages={247--258},
  year={2022}
}

@article{EmotionalIntelligence,
  title={Emotional intelligence},
  author={Salovey, Peter and Mayer, John D},
  journal={Imagination, cognition and personality},
  volume={9},
  number={3},
  pages={185--211},
  year={1990},
  publisher={Sage Publications Sage CA: Los Angeles, CA}
}

@article{EmotionalIntelligence2,
  title={Emotional intelligence meets traditional standards for an intelligence},
  author={Mayer, John D and Caruso, David R and Salovey, Peter},
  journal={Intelligence},
  volume={27},
  number={4},
  pages={267--298},
  year={1999},
  publisher={Elsevier}
}

@article{EmotionalIntelligence1,
  title={Emotional intelligence. Why it can matter more than IQ.},
  author={Goleman, Daniel},
  journal={Learning},
  volume={24},
  number={6},
  pages={49--50},
  year={1996},
  publisher={ERIC}
}

@article{VideoLLaMA_2,
  author       = {Zesen Cheng and
                  Sicong Leng and
                  Hang Zhang and
                  Yifei Xin and
                  Xin Li and
                  Guanzheng Chen and
                  Yongxin Zhu and
                  Wenqi Zhang and
                  Ziyang Luo and
                  Deli Zhao and
                  Lidong Bing},
  title        = {VideoLLaMA 2: Advancing Spatial-Temporal Modeling and Audio Understanding
                  in Video-LLMs},
  journal      = {CoRR},
  volume       = {abs/2406.07476},
  year         = {2024},
  url          = {https://doi.org/10.48550/arXiv.2406.07476},
  doi          = {10.48550/ARXIV.2406.07476},
  eprinttype    = {arXiv},
  eprint       = {2406.07476},
  timestamp    = {Sun, 06 Oct 2024 21:25:16 +0200},
  biburl       = {https://dblp.org/rec/journals/corr/abs-2406-07476.bib},
  bibsource    = {dblp computer science bibliography, https://dblp.org}
}


@article{InternVL,
  title={Expanding performance boundaries of open-source multimodal models with model, data, and test-time scaling},
  author={Chen, Zhe and Wang, Weiyun and Cao, Yue and Liu, Yangzhou and Gao, Zhangwei and Cui, Erfei and Zhu, Jinguo and Ye, Shenglong and Tian, Hao and Liu, Zhaoyang and others},
  journal={arXiv preprint arXiv:2412.05271},
  year={2024}
}

@article{GLM-4,
  author       = {Aohan Zeng and
                  Bin Xu and
                  Bowen Wang and
                  Chenhui Zhang and
                  Da Yin and
                  Diego Rojas and
                  Guanyu Feng and
                  Hanlin Zhao and
                  Hanyu Lai and
                  Hao Yu and
                  Hongning Wang and
                  Jiadai Sun and
                  Jiajie Zhang and
                  Jiale Cheng and
                  Jiayi Gui and
                  Jie Tang and
                  Jing Zhang and
                  Juanzi Li and
                  Lei Zhao and
                  Lindong Wu and
                  Lucen Zhong and
                  Mingdao Liu and
                  Minlie Huang and
                  Peng Zhang and
                  Qinkai Zheng and
                  Rui Lu and
                  Shuaiqi Duan and
                  Shudan Zhang and
                  Shulin Cao and
                  Shuxun Yang and
                  Weng Lam Tam and
                  Wenyi Zhao and
                  Xiao Liu and
                  Xiao Xia and
                  Xiaohan Zhang and
                  Xiaotao Gu and
                  Xin Lv and
                  Xinghan Liu and
                  Xinyi Liu and
                  Xinyue Yang and
                  Xixuan Song and
                  Xunkai Zhang and
                  Yifan An and
                  Yifan Xu and
                  Yilin Niu and
                  Yuantao Yang and
                  Yueyan Li and
                  Yushi Bai and
                  Yuxiao Dong and
                  Zehan Qi and
                  Zhaoyu Wang and
                  Zhen Yang and
                  Zhengxiao Du and
                  Zhenyu Hou and
                  Zihan Wang},
  title        = {ChatGLM: {A} Family of Large Language Models from {GLM-130B} to {GLM-4}
                  All Tools},
  journal      = {CoRR},
  volume       = {abs/2406.12793},
  year         = {2024},
  url          = {https://doi.org/10.48550/arXiv.2406.12793},
  doi          = {10.48550/ARXIV.2406.12793},
  eprinttype    = {arXiv},
  eprint       = {2406.12793},
  timestamp    = {Tue, 06 Aug 2024 21:09:05 +0200},
  biburl       = {https://dblp.org/rec/journals/corr/abs-2406-12793.bib},
  bibsource    = {dblp computer science bibliography, https://dblp.org}
}

@article{Gemini,
  author       = {Machel Reid and
                  Nikolay Savinov and
                  Denis Teplyashin and
                  Dmitry Lepikhin and
                  Timothy P. Lillicrap and
                  Jean{-}Baptiste Alayrac and
                  Radu Soricut and
                  Angeliki Lazaridou and
                  Orhan Firat and
                  Julian Schrittwieser and
                  Ioannis Antonoglou and
                  Rohan Anil and
                  Sebastian Borgeaud and
                  Andrew M. Dai and
                  Katie Millican and
                  Ethan Dyer and
                  Mia Glaese and
                  Thibault Sottiaux and
                  Benjamin Lee and
                  Fabio Viola and
                  Malcolm Reynolds and
                  Yuanzhong Xu and
                  James Molloy and
                  Jilin Chen and
                  Michael Isard and
                  Paul Barham and
                  Tom Hennigan and
                  Ross McIlroy and
                  Melvin Johnson and
                  Johan Schalkwyk and
                  Eli Collins and
                  Eliza Rutherford and
                  Erica Moreira and
                  Kareem Ayoub and
                  Megha Goel and
                  Clemens Meyer and
                  Gregory Thornton and
                  Zhen Yang and
                  Henryk Michalewski and
                  Zaheer Abbas and
                  Nathan Schucher and
                  Ankesh Anand and
                  Richard Ives and
                  James Keeling and
                  Karel Lenc and
                  Salem Haykal and
                  Siamak Shakeri and
                  Pranav Shyam and
                  Aakanksha Chowdhery and
                  Roman Ring and
                  Stephen Spencer and
                  Eren Sezener and
                  et al.},
  title        = {Gemini 1.5: Unlocking multimodal understanding across millions of
                  tokens of context},
  journal      = {CoRR},
  volume       = {abs/2403.05530},
  year         = {2024},
  url          = {https://doi.org/10.48550/arXiv.2403.05530},
  doi          = {10.48550/ARXIV.2403.05530},
  eprinttype    = {arXiv},
  eprint       = {2403.05530},
  timestamp    = {Thu, 04 Apr 2024 15:22:22 +0200},
  biburl       = {https://dblp.org/rec/journals/corr/abs-2403-05530.bib},
  bibsource    = {dblp computer science bibliography, https://dblp.org}
}

@article{MOSI,
  author       = {Amir Zadeh and
                  Rowan Zellers and
                  Eli Pincus and
                  Louis{-}Philippe Morency},
  title        = {{MOSI:} Multimodal Corpus of Sentiment Intensity and Subjectivity
                  Analysis in Online Opinion Videos},
  journal      = {CoRR},
  volume       = {abs/1606.06259},
  year         = {2016},
  url          = {http://arxiv.org/abs/1606.06259},
  eprinttype    = {arXiv},
  eprint       = {1606.06259},
  timestamp    = {Thu, 25 Jul 2019 10:47:43 +0200},
  biburl       = {https://dblp.org/rec/journals/corr/ZadehZPM16.bib},
  bibsource    = {dblp computer science bibliography, https://dblp.org}
}

@inproceedings{CMU-MOSEI,
  author       = {Amir Zadeh and
                  Paul Pu Liang and
                  Soujanya Poria and
                  Erik Cambria and
                  Louis{-}Philippe Morency},
  editor       = {Iryna Gurevych and
                  Yusuke Miyao},
  title        = {Multimodal Language Analysis in the Wild: {CMU-MOSEI} Dataset and
                  Interpretable Dynamic Fusion Graph},
  booktitle    = {Proceedings of the 56th Annual Meeting of the Association for Computational
                  Linguistics, {ACL} 2018, Melbourne, Australia, July 15-20, 2018, Volume
                  1: Long Papers},
  pages        = {2236--2246},
  publisher    = {Association for Computational Linguistics},
  year         = {2018},
  url          = {https://aclanthology.org/P18-1208/},
  doi          = {10.18653/V1/P18-1208},
  timestamp    = {Sun, 06 Oct 2024 20:55:32 +0200},
  biburl       = {https://dblp.org/rec/conf/acl/MorencyCPLZ18.bib},
  bibsource    = {dblp computer science bibliography, https://dblp.org}
}

@article{FMSA-SC,
  author       = {Lingyun Song and
                  Siyu Chen and
                  Ziyang Meng and
                  Mingxuan Sun and
                  Xuequn Shang},
  title        = {{FMSA-SC:} {A} Fine-Grained Multimodal Sentiment Analysis Dataset
                  Based on Stock Comment Videos},
  journal      = {{IEEE} Trans. Multim.},
  volume       = {26},
  pages        = {7294--7306},
  year         = {2024},
  url          = {https://doi.org/10.1109/TMM.2024.3363641},
  doi          = {10.1109/TMM.2024.3363641},
  timestamp    = {Sun, 08 Sep 2024 16:06:35 +0200},
  biburl       = {https://dblp.org/rec/journals/tmm/SongCMSS24.bib},
  bibsource    = {dblp computer science bibliography, https://dblp.org}
}


@inproceedings{MELD,
  author       = {Soujanya Poria and
                  Devamanyu Hazarika and
                  Navonil Majumder and
                  Gautam Naik and
                  Erik Cambria and
                  Rada Mihalcea},
  editor       = {Anna Korhonen and
                  David R. Traum and
                  Llu{\'{\i}}s M{\`{a}}rquez},
  title        = {{MELD:} {A} Multimodal Multi-Party Dataset for Emotion Recognition
                  in Conversations},
  booktitle    = {Proceedings of the 57th Conference of the Association for Computational
                  Linguistics, {ACL} 2019, Florence, Italy, July 28- August 2, 2019,
                  Volume 1: Long Papers},
  pages        = {527--536},
  publisher    = {Association for Computational Linguistics},
  year         = {2019},
  url          = {https://doi.org/10.18653/v1/p19-1050},
  doi          = {10.18653/V1/P19-1050},
  timestamp    = {Sun, 06 Oct 2024 20:55:33 +0200},
  biburl       = {https://dblp.org/rec/conf/acl/PoriaHMNCM19.bib},
  bibsource    = {dblp computer science bibliography, https://dblp.org}
}


@inproceedings{mer2023,
  author       = {Zheng Lian and
                  Haiyang Sun and
                  Licai Sun and
                  Kang Chen and
                  Mingyu Xu and
                  Kexin Wang and
                  Ke Xu and
                  Yu He and
                  Ying Li and
                  Jinming Zhao and
                  Ye Liu and
                  Bin Liu and
                  Jiangyan Yi and
                  Meng Wang and
                  Erik Cambria and
                  Guoying Zhao and
                  Bj{\"{o}}rn W. Schuller and
                  Jianhua Tao},
  editor       = {Abdulmotaleb El{-}Saddik and
                  Tao Mei and
                  Rita Cucchiara and
                  Marco Bertini and
                  Diana Patricia Tobon Vallejo and
                  Pradeep K. Atrey and
                  M. Shamim Hossain},
  title        = {{MER} 2023: Multi-label Learning, Modality Robustness, and Semi-Supervised
                  Learning},
  booktitle    = {Proceedings of the 31st {ACM} International Conference on Multimedia,
                  {MM} 2023, Ottawa, ON, Canada, 29 October 2023- 3 November 2023},
  pages        = {9610--9614},
  publisher    = {{ACM}},
  year         = {2023},
  url          = {https://doi.org/10.1145/3581783.3612836},
  doi          = {10.1145/3581783.3612836},
  timestamp    = {Tue, 12 Nov 2024 07:57:54 +0100},
  biburl       = {https://dblp.org/rec/conf/mm/LianSSCXWXHLZLL23.bib},
  bibsource    = {dblp computer science bibliography, https://dblp.org}
}

@inproceedings{CH-SIMS,
  author       = {Wenmeng Yu and
                  Hua Xu and
                  Fanyang Meng and
                  Yilin Zhu and
                  Yixiao Ma and
                  Jiele Wu and
                  Jiyun Zou and
                  Kaicheng Yang},
  editor       = {Dan Jurafsky and
                  Joyce Chai and
                  Natalie Schluter and
                  Joel R. Tetreault},
  title        = {{CH-SIMS:} {A} Chinese Multimodal Sentiment Analysis Dataset with
                  Fine-grained Annotation of Modality},
  booktitle    = {Proceedings of the 58th Annual Meeting of the Association for Computational
                  Linguistics, {ACL} 2020, Online, July 5-10, 2020},
  pages        = {3718--3727},
  publisher    = {Association for Computational Linguistics},
  year         = {2020},
  url          = {https://doi.org/10.18653/v1/2020.acl-main.343},
  doi          = {10.18653/V1/2020.ACL-MAIN.343},
  timestamp    = {Fri, 06 Aug 2021 00:41:01 +0200},
  biburl       = {https://dblp.org/rec/conf/acl/YuXMZMWZY20.bib},
  bibsource    = {dblp computer science bibliography, https://dblp.org}
}

@inproceedings{CH-SIMSv2,
  author       = {Yihe Liu and
                  Ziqi Yuan and
                  Huisheng Mao and
                  Zhiyun Liang and
                  Wanqiuyue Yang and
                  Yuanzhe Qiu and
                  Tie Cheng and
                  Xiaoteng Li and
                  Hua Xu and
                  Kai Gao},
  editor       = {Raj Tumuluri and
                  Nicu Sebe and
                  Gopal Pingali and
                  Dinesh Babu Jayagopi and
                  Abhinav Dhall and
                  Richa Singh and
                  Lisa Anthony and
                  Albert Ali Salah},
  title        = {Make Acoustic and Visual Cues Matter: {CH-SIMS} v2.0 Dataset and AV-Mixup
                  Consistent Module},
  booktitle    = {International Conference on Multimodal Interaction, {ICMI} 2022, Bengaluru,
                  India, November 7-11, 2022},
  pages        = {247--258},
  publisher    = {{ACM}},
  year         = {2022},
  url          = {https://doi.org/10.1145/3536221.3556630},
  doi          = {10.1145/3536221.3556630},
  timestamp    = {Fri, 02 Aug 2024 15:50:42 +0200},
  biburl       = {https://dblp.org/rec/conf/icmi/LiuYMLYQCLXG22.bib},
  bibsource    = {dblp computer science bibliography, https://dblp.org}
}

@article{VisualDependency,   
  author       = {Yucheng Zhou and
                  Zhi Rao and
                  Jun Wan and
                  Jianbing Shen},
  title        = {Rethinking Visual Dependency in Long-Context Reasoning for Large Vision-Language
                  Models},
  journal      = {CoRR},
  volume       = {abs/2410.19732},
  year         = {2024},
  url          = {https://doi.org/10.48550/arXiv.2410.19732},
  doi          = {10.48550/ARXIV.2410.19732},
  eprinttype    = {arXiv},
  eprint       = {2410.19732},
  timestamp    = {Thu, 28 Nov 2024 21:32:43 +0100},
  biburl       = {https://dblp.org/rec/journals/corr/abs-2410-19732.bib},
  bibsource    = {dblp computer science bibliography, https://dblp.org}
}

@article{ThoT,
  author       = {Yucheng Zhou and
                  Xiubo Geng and
                  Tao Shen and
                  Chongyang Tao and
                  Guodong Long and
                  Jian{-}Guang Lou and
                  Jianbing Shen},
  title        = {Thread of Thought Unraveling Chaotic Contexts},
  journal      = {CoRR},
  volume       = {abs/2311.08734},
  year         = {2023},
  url          = {https://doi.org/10.48550/arXiv.2311.08734},
  doi          = {10.48550/ARXIV.2311.08734},
  eprinttype    = {arXiv},
  eprint       = {2311.08734},
  timestamp    = {Tue, 12 Dec 2023 10:02:54 +0100},
  biburl       = {https://dblp.org/rec/journals/corr/abs-2311-08734.bib},
  bibsource    = {dblp computer science bibliography, https://dblp.org}
}

@inproceedings{VICL,
  author       = {Yucheng Zhou and
                  Xiang Li and
                  Qianning Wang and
                  Jianbing Shen},
  editor       = {Lun{-}Wei Ku and
                  Andre Martins and
                  Vivek Srikumar},
  title        = {Visual In-Context Learning for Large Vision-Language Models},
  booktitle    = {Findings of the Association for Computational Linguistics, {ACL} 2024,
                  Bangkok, Thailand and virtual meeting, August 11-16, 2024},
  pages        = {15890--15902},
  publisher    = {Association for Computational Linguistics},
  year         = {2024},
  url          = {https://doi.org/10.18653/v1/2024.findings-acl.940},
  doi          = {10.18653/V1/2024.FINDINGS-ACL.940},
  timestamp    = {Tue, 24 Sep 2024 10:55:49 +0200},
  biburl       = {https://dblp.org/rec/conf/acl/ZhouLWS24.bib},
  bibsource    = {dblp computer science bibliography, https://dblp.org}
}

@article{MedLVLM,
  title={Training Medical Large Vision-Language Models with Abnormal-Aware Feedback},
  author={Zhou, Yucheng and Song, Lingran and Shen, Jianbing},
  journal={arXiv preprint arXiv:2501.01377},
  year={2025}
}

@article{MEMOBench,
  author       = {Yingjie Zhou and
                  Zicheng Zhang and
                  Jiezhang Cao and
                  Jun Jia and
                  Yanwei Jiang and
                  Farong Wen and
                  Xiaohong Liu and
                  Xiongkuo Min and
                  Guangtao Zhai},
  title        = {MEMO-Bench: {A} Multiple Benchmark for Text-to-Image and Multimodal
                  Large Language Models on Human Emotion Analysis},
  journal      = {CoRR},
  volume       = {abs/2411.11235},
  year         = {2024},
  url          = {https://doi.org/10.48550/arXiv.2411.11235},
  doi          = {10.48550/ARXIV.2411.11235},
  eprinttype    = {arXiv},
  eprint       = {2411.11235},
  timestamp    = {Wed, 01 Jan 2025 13:20:12 +0100},
  biburl       = {https://dblp.org/rec/journals/corr/abs-2411-11235.bib},
  bibsource    = {dblp computer science bibliography, https://dblp.org}
}

@article{MC-EIU,
  author       = {Rui Liu and
                  Haolin Zuo and
                  Zheng Lian and
                  Xiaofen Xing and
                  Bj{\"{o}}rn W. Schuller and
                  Haizhou Li},
  title        = {Emotion and Intent Joint Understanding in Multimodal Conversation:
                  {A} Benchmarking Dataset},
  journal      = {CoRR},
  volume       = {abs/2407.02751},
  year         = {2024},
  url          = {https://doi.org/10.48550/arXiv.2407.02751},
  doi          = {10.48550/ARXIV.2407.02751},
  eprinttype    = {arXiv},
  eprint       = {2407.02751},
  timestamp    = {Wed, 07 Aug 2024 21:29:37 +0200},
  biburl       = {https://dblp.org/rec/journals/corr/abs-2407-02751.bib},
  bibsource    = {dblp computer science bibliography, https://dblp.org}
}

@article{Euphemism,
  title={Impromptu Cybercrime Euphemism Detection},
  author={Li, Xiang and Zhou, Yucheng and Zhao, Laiping and Li, Jing and Liu, Fangming},
  journal={arXiv preprint arXiv:2412.01413},
  year={2024}
}

@inproceedings{UR-FUNNY,
  author       = {Md. Kamrul Hasan and
                  Wasifur Rahman and
                  AmirAli Bagher Zadeh and
                  Jianyuan Zhong and
                  Md. Iftekhar Tanveer and
                  Louis{-}Philippe Morency and
                  Mohammed (Ehsan) Hoque},
  editor       = {Kentaro Inui and
                  Jing Jiang and
                  Vincent Ng and
                  Xiaojun Wan},
  title        = {{UR-FUNNY:} {A} Multimodal Language Dataset for Understanding Humor},
  booktitle    = {Proceedings of the 2019 Conference on Empirical Methods in Natural
                  Language Processing and the 9th International Joint Conference on
                  Natural Language Processing, {EMNLP-IJCNLP} 2019, Hong Kong, China,
                  November 3-7, 2019},
  pages        = {2046--2056},
  publisher    = {Association for Computational Linguistics},
  year         = {2019},
  url          = {https://doi.org/10.18653/v1/D19-1211},
  doi          = {10.18653/V1/D19-1211},
  timestamp    = {Fri, 09 Dec 2022 14:49:05 +0100},
  biburl       = {https://dblp.org/rec/conf/emnlp/HasanRZZTMH19.bib},
  bibsource    = {dblp computer science bibliography, https://dblp.org}
}

@inproceedings{MUStARD,
  author       = {Santiago Castro and
                  Devamanyu Hazarika and
                  Ver{\'{o}}nica P{\'{e}}rez{-}Rosas and
                  Roger Zimmermann and
                  Rada Mihalcea and
                  Soujanya Poria},
  editor       = {Anna Korhonen and
                  David R. Traum and
                  Llu{\'{\i}}s M{\`{a}}rquez},
  title        = {Towards Multimodal Sarcasm Detection (An {\_}Obviously{\_} Perfect
                  Paper)},
  booktitle    = {Proceedings of the 57th Conference of the Association for Computational
                  Linguistics, {ACL} 2019, Florence, Italy, July 28- August 2, 2019,
                  Volume 1: Long Papers},
  pages        = {4619--4629},
  publisher    = {Association for Computational Linguistics},
  year         = {2019},
  url          = {https://doi.org/10.18653/v1/p19-1455},
  doi          = {10.18653/V1/P19-1455},
  timestamp    = {Fri, 06 Aug 2021 00:41:01 +0200},
  biburl       = {https://dblp.org/rec/conf/acl/CastroHPZMP19.bib},
  bibsource    = {dblp computer science bibliography, https://dblp.org}
}

@inproceedings{SMILE,
  author       = {Lee Hyun and
                  Kim Sung{-}Bin and
                  Seungju Han and
                  Youngjae Yu and
                  Tae{-}Hyun Oh},
  editor       = {Kevin Duh and
                  Helena G{\'{o}}mez{-}Adorno and
                  Steven Bethard},
  title        = {{SMILE:} Multimodal Dataset for Understanding Laughter in Video with
                  Language Models},
  booktitle    = {Findings of the Association for Computational Linguistics: {NAACL}
                  2024, Mexico City, Mexico, June 16-21, 2024},
  pages        = {1149--1167},
  publisher    = {Association for Computational Linguistics},
  year         = {2024},
  url          = {https://doi.org/10.18653/v1/2024.findings-naacl.73},
  doi          = {10.18653/V1/2024.FINDINGS-NAACL.73},
  timestamp    = {Thu, 12 Sep 2024 13:29:32 +0200},
  biburl       = {https://dblp.org/rec/conf/naacl/HyunSHYO24.bib},
  bibsource    = {dblp computer science bibliography, https://dblp.org}
}


@article{Affective,
  author       = {Yiqun Zhang and
                  Xiaocui Yang and
                  Xingle Xu and
                  Zeran Gao and
                  Yijie Huang and
                  Shiyi Mu and
                  Shi Feng and
                  Daling Wang and
                  Yifei Zhang and
                  Kaisong Song and
                  Ge Yu},
  title        = {Affective Computing in the Era of Large Language Models: {A} Survey
                  from the {NLP} Perspective},
  journal      = {CoRR},
  volume       = {abs/2408.04638},
  year         = {2024},
  url          = {https://doi.org/10.48550/arXiv.2408.04638},
  doi          = {10.48550/ARXIV.2408.04638},
  eprinttype    = {arXiv},
  eprint       = {2408.04638},
  timestamp    = {Mon, 30 Sep 2024 07:54:39 +0200},
  biburl       = {https://dblp.org/rec/journals/corr/abs-2408-04638.bib},
  bibsource    = {dblp computer science bibliography, https://dblp.org}
}

@article{Qwen2-Audio,
  author       = {Yunfei Chu and
                  Jin Xu and
                  Qian Yang and
                  Haojie Wei and
                  Xipin Wei and
                  Zhifang Guo and
                  Yichong Leng and
                  Yuanjun Lv and
                  Jinzheng He and
                  Junyang Lin and
                  Chang Zhou and
                  Jingren Zhou},
  title        = {Qwen2-Audio Technical Report},
  journal      = {CoRR},
  volume       = {abs/2407.10759},
  year         = {2024},
  url          = {https://doi.org/10.48550/arXiv.2407.10759},
  doi          = {10.48550/ARXIV.2407.10759},
  eprinttype    = {arXiv},
  eprint       = {2407.10759},
  timestamp    = {Sat, 24 Aug 2024 12:32:33 +0200},
  biburl       = {https://dblp.org/rec/journals/corr/abs-2407-10759.bib},
  bibsource    = {dblp computer science bibliography, https://dblp.org}
}
@article{MiniCPM-V,
  author       = {Yuan Yao and
                  Tianyu Yu and
                  Ao Zhang and
                  Chongyi Wang and
                  Junbo Cui and
                  Hongji Zhu and
                  Tianchi Cai and
                  Haoyu Li and
                  Weilin Zhao and
                  Zhihui He and
                  Qianyu Chen and
                  Huarong Zhou and
                  Zhensheng Zou and
                  Haoye Zhang and
                  Shengding Hu and
                  Zhi Zheng and
                  Jie Zhou and
                  Jie Cai and
                  Xu Han and
                  Guoyang Zeng and
                  Dahai Li and
                  Zhiyuan Liu and
                  Maosong Sun},
  title        = {MiniCPM-V: {A} {GPT-4V} Level {MLLM} on Your Phone},
  journal      = {CoRR},
  volume       = {abs/2408.01800},
  year         = {2024},
  url          = {https://doi.org/10.48550/arXiv.2408.01800},
  doi          = {10.48550/ARXIV.2408.01800},
  eprinttype    = {arXiv},
  eprint       = {2408.01800},
  timestamp    = {Fri, 08 Nov 2024 08:36:36 +0100},
  biburl       = {https://dblp.org/rec/journals/corr/abs-2408-01800.bib},
  bibsource    = {dblp computer science bibliography, https://dblp.org}
}

@article{LongVA,
  author       = {Peiyuan Zhang and
                  Kaichen Zhang and
                  Bo Li and
                  Guangtao Zeng and
                  Jingkang Yang and
                  Yuanhan Zhang and
                  Ziyue Wang and
                  Haoran Tan and
                  Chunyuan Li and
                  Ziwei Liu},
  title        = {Long Context Transfer from Language to Vision},
  journal      = {CoRR},
  volume       = {abs/2406.16852},
  year         = {2024},
  url          = {https://doi.org/10.48550/arXiv.2406.16852},
  doi          = {10.48550/ARXIV.2406.16852},
  eprinttype    = {arXiv},
  eprint       = {2406.16852},
  timestamp    = {Mon, 22 Jul 2024 14:28:24 +0200},
  biburl       = {https://dblp.org/rec/journals/corr/abs-2406-16852.bib},
  bibsource    = {dblp computer science bibliography, https://dblp.org}
}


@article{MERBench,
  author       = {Zheng Lian and
                  Licai Sun and
                  Yong Ren and
                  Hao Gu and
                  Haiyang Sun and
                  Lan Chen and
                  Bin Liu and
                  Jianhua Tao},
  title        = {MERBench: {A} Unified Evaluation Benchmark for Multimodal Emotion
                  Recognition},
  journal      = {CoRR},
  volume       = {abs/2401.03429},
  year         = {2024},
  url          = {https://doi.org/10.48550/arXiv.2401.03429},
  doi          = {10.48550/ARXIV.2401.03429},
  eprinttype    = {arXiv},
  eprint       = {2401.03429},
  timestamp    = {Thu, 13 Jun 2024 17:07:28 +0200},
  biburl       = {https://dblp.org/rec/journals/corr/abs-2401-03429.bib},
  bibsource    = {dblp computer science bibliography, https://dblp.org}
}

@article{Multimodal,
  author       = {Shukang Yin and
                  Chaoyou Fu and
                  Sirui Zhao and
                  Ke Li and
                  Xing Sun and
                  Tong Xu and
                  Enhong Chen},
  title        = {A Survey on Multimodal Large Language Models},
  journal      = {CoRR},
  volume       = {abs/2306.13549},
  year         = {2023},
  url          = {https://doi.org/10.48550/arXiv.2306.13549},
  doi          = {10.48550/ARXIV.2306.13549},
  eprinttype    = {arXiv},
  eprint       = {2306.13549},
  timestamp    = {Thu, 18 Jul 2024 08:28:30 +0200},
  biburl       = {https://dblp.org/rec/journals/corr/abs-2306-13549.bib},
  bibsource    = {dblp computer science bibliography, https://dblp.org}
}

@inproceedings{InternVideo2,
  author       = {Yi Wang and
                  Kunchang Li and
                  Xinhao Li and
                  Jiashuo Yu and
                  Yinan He and
                  Guo Chen and
                  Baoqi Pei and
                  Rongkun Zheng and
                  Zun Wang and
                  Yansong Shi and
                  Tianxiang Jiang and
                  Songze Li and
                  Jilan Xu and
                  Hongjie Zhang and
                  Yifei Huang and
                  Yu Qiao and
                  Yali Wang and
                  Limin Wang},
  editor       = {Ales Leonardis and
                  Elisa Ricci and
                  Stefan Roth and
                  Olga Russakovsky and
                  Torsten Sattler and
                  G{\"{u}}l Varol},
  title        = {InternVideo2: Scaling Foundation Models for Multimodal Video Understanding},
  booktitle    = {Computer Vision - {ECCV} 2024 - 18th European Conference, Milan, Italy,
                  September 29-October 4, 2024, Proceedings, Part {LXXXV}},
  series       = {Lecture Notes in Computer Science},
  volume       = {15143},
  pages        = {396--416},
  publisher    = {Springer},
  year         = {2024},
  url          = {https://doi.org/10.1007/978-3-031-73013-9\_23},
  doi          = {10.1007/978-3-031-73013-9\_23},
  timestamp    = {Fri, 27 Dec 2024 10:19:02 +0100},
  biburl       = {https://dblp.org/rec/conf/eccv/WangLLYHCPZWSJLXZHQWW24.bib},
  bibsource    = {dblp computer science bibliography, https://dblp.org}
}

@inproceedings{Bleu,
  author       = {Kishore Papineni and
                  Salim Roukos and
                  Todd Ward and
                  Wei{-}Jing Zhu},
  title        = {Bleu: a Method for Automatic Evaluation of Machine Translation},
  booktitle    = {Proceedings of the 40th Annual Meeting of the Association for Computational
                  Linguistics, July 6-12, 2002, Philadelphia, PA, {USA}},
  pages        = {311--318},
  publisher    = {{ACL}},
  year         = {2002},
  url          = {https://aclanthology.org/P02-1040/},
  doi          = {10.3115/1073083.1073135},
  timestamp    = {Fri, 06 Aug 2021 00:40:58 +0200},
  biburl       = {https://dblp.org/rec/conf/acl/PapineniRWZ02.bib},
  bibsource    = {dblp computer science bibliography, https://dblp.org}
}

@inproceedings{Rouge,
  title={Rouge: A package for automatic evaluation of summaries},
  author={Lin, Chin-Yew},
  booktitle={Text summarization branches out},
  pages={74--81},
  year={2004}
}

@inproceedings{BERTScore,
  author       = {Tianyi Zhang and
                  Varsha Kishore and
                  Felix Wu and
                  Kilian Q. Weinberger and
                  Yoav Artzi},
  title        = {BERTScore: Evaluating Text Generation with {BERT}},
  booktitle    = {8th International Conference on Learning Representations, {ICLR} 2020,
                  Addis Ababa, Ethiopia, April 26-30, 2020},
  publisher    = {OpenReview.net},
  year         = {2020},
  url          = {https://openreview.net/forum?id=SkeHuCVFDr},
  timestamp    = {Wed, 03 Jun 2020 10:08:32 +0200},
  biburl       = {https://dblp.org/rec/conf/iclr/ZhangKWWA20.bib},
  bibsource    = {dblp computer science bibliography, https://dblp.org}
}


@article{Gemini2,
  title={LearnLM: Improving Gemini for Learning},
  author={Team, LearnLM and Modi, Abhinit and Veerubhotla, Aditya Srikanth and Rysbek, Aliya and Huber, Andrea and Wiltshire, Brett and Veprek, Brian and Gillick, Daniel and Kasenberg, Daniel and Ahmed, Derek and others},
  journal={arXiv preprint arXiv:2412.16429},
  year={2024}
}

@article{Gemini1,
  author       = {Rohan Anil and
                  Sebastian Borgeaud and
                  Yonghui Wu and
                  Jean{-}Baptiste Alayrac and
                  Jiahui Yu and
                  Radu Soricut and
                  Johan Schalkwyk and
                  Andrew M. Dai and
                  Anja Hauth and
                  Katie Millican and
                  David Silver and
                  Slav Petrov and
                  Melvin Johnson and
                  Ioannis Antonoglou and
                  Julian Schrittwieser and
                  Amelia Glaese and
                  Jilin Chen and
                  Emily Pitler and
                  Timothy P. Lillicrap and
                  Angeliki Lazaridou and
                  Orhan Firat and
                  James Molloy and
                  Michael Isard and
                  Paul Ronald Barham and
                  Tom Hennigan and
                  Benjamin Lee and
                  Fabio Viola and
                  Malcolm Reynolds and
                  Yuanzhong Xu and
                  Ryan Doherty and
                  Eli Collins and
                  Clemens Meyer and
                  Eliza Rutherford and
                  Erica Moreira and
                  Kareem Ayoub and
                  Megha Goel and
                  George Tucker and
                  Enrique Piqueras and
                  Maxim Krikun and
                  Iain Barr and
                  Nikolay Savinov and
                  Ivo Danihelka and
                  Becca Roelofs and
                  Ana{\"{\i}}s White and
                  Anders Andreassen and
                  Tamara von Glehn and
                  Lakshman Yagati and
                  Mehran Kazemi and
                  Lucas Gonzalez and
                  Misha Khalman and
                  Jakub Sygnowski and
                  et al.},
  title        = {Gemini: {A} Family of Highly Capable Multimodal Models},
  journal      = {CoRR},
  volume       = {abs/2312.11805},
  year         = {2023},
  url          = {https://doi.org/10.48550/arXiv.2312.11805},
  doi          = {10.48550/ARXIV.2312.11805},
  eprinttype    = {arXiv},
  eprint       = {2312.11805},
  timestamp    = {Tue, 16 Jan 2024 11:57:42 +0100},
  biburl       = {https://dblp.org/rec/journals/corr/abs-2312-11805.bib},
  bibsource    = {dblp computer science bibliography, https://dblp.org}
}

@article{MME,
  author       = {Chaoyou Fu and
                  Peixian Chen and
                  Yunhang Shen and
                  Yulei Qin and
                  Mengdan Zhang and
                  Xu Lin and
                  Zhenyu Qiu and
                  Wei Lin and
                  Jinrui Yang and
                  Xiawu Zheng and
                  Ke Li and
                  Xing Sun and
                  Rongrong Ji},
  title        = {{MME:} {A} Comprehensive Evaluation Benchmark for Multimodal Large
                  Language Models},
  journal      = {CoRR},
  volume       = {abs/2306.13394},
  year         = {2023},
  url          = {https://doi.org/10.48550/arXiv.2306.13394},
  doi          = {10.48550/ARXIV.2306.13394},
  eprinttype    = {arXiv},
  eprint       = {2306.13394},
  timestamp    = {Mon, 18 Nov 2024 08:02:15 +0100},
  biburl       = {https://dblp.org/rec/journals/corr/abs-2306-13394.bib},
  bibsource    = {dblp computer science bibliography, https://dblp.org}
}

@inproceedings{MMT-Bench,
  author       = {Kaining Ying and
                  Fanqing Meng and
                  Jin Wang and
                  Zhiqian Li and
                  Han Lin and
                  Yue Yang and
                  Hao Zhang and
                  Wenbo Zhang and
                  Yuqi Lin and
                  Shuo Liu and
                  Jiayi Lei and
                  Quanfeng Lu and
                  Runjian Chen and
                  Peng Xu and
                  Renrui Zhang and
                  Haozhe Zhang and
                  Peng Gao and
                  Yali Wang and
                  Yu Qiao and
                  Ping Luo and
                  Kaipeng Zhang and
                  Wenqi Shao},
  title        = {MMT-Bench: {A} Comprehensive Multimodal Benchmark for Evaluating Large
                  Vision-Language Models Towards Multitask {AGI}},
  booktitle    = {Forty-first International Conference on Machine Learning, {ICML} 2024,
                  Vienna, Austria, July 21-27, 2024},
  publisher    = {OpenReview.net},
  year         = {2024},
  url          = {https://openreview.net/forum?id=R4Ng8zYaiz},
  timestamp    = {Tue, 03 Dec 2024 13:42:00 +0100},
  biburl       = {https://dblp.org/rec/conf/icml/YingMWLLYZZLLLL24.bib},
  bibsource    = {dblp computer science bibliography, https://dblp.org}
}

@inproceedings{MultiTrust,
  title={MultiTrust: A Comprehensive Benchmark Towards Trustworthy Multimodal Large Language Models},
  author={Zhang, Yichi and Huang, Yao and Sun, Yitong and Liu, Chang and Zhao, Zhe and Fang, Zhengwei and Wang, Yifan and Chen, Huanran and Yang, Xiao and Wei, Xingxing and others},
  booktitle={The Thirty-eight Conference on Neural Information Processing Systems Datasets and Benchmarks Track}
}

@article{humanvbench,
  title={HumanVBench: Exploring Human-Centric Video Understanding Capabilities of MLLMs with Synthetic Benchmark Data},
  author={Zhou, Ting and Chen, Daoyuan and Jiao, Qirui and Ding, Bolin and Li, Yaliang and Shen, Ying},
  journal={arXiv preprint arXiv:2412.17574},
  year={2024}
}

@inproceedings{MVBench,
  author       = {Kunchang Li and
                  Yali Wang and
                  Yinan He and
                  Yizhuo Li and
                  Yi Wang and
                  Yi Liu and
                  Zun Wang and
                  Jilan Xu and
                  Guo Chen and
                  Ping Lou and
                  Limin Wang and
                  Yu Qiao},
  title        = {MVBench: {A} Comprehensive Multi-modal Video Understanding Benchmark},
  booktitle    = {{IEEE/CVF} Conference on Computer Vision and Pattern Recognition,
                  {CVPR} 2024, Seattle, WA, USA, June 16-22, 2024},
  pages        = {22195--22206},
  publisher    = {{IEEE}},
  year         = {2024},
  url          = {https://doi.org/10.1109/CVPR52733.2024.02095},
  doi          = {10.1109/CVPR52733.2024.02095},
  timestamp    = {Fri, 27 Dec 2024 10:19:02 +0100},
  biburl       = {https://dblp.org/rec/conf/cvpr/0002WH00LWX0L0024.bib},
  bibsource    = {dblp computer science bibliography, https://dblp.org}
}

@article{MathScape,
  author       = {Minxuan Zhou and
                  Hao Liang and
                  Tianpeng Li and
                  Zhiyu Wu and
                  Mingan Lin and
                  Linzhuang Sun and
                  Yaqi Zhou and
                  Yan Zhang and
                  Xiaoqin Huang and
                  Yicong Chen and
                  Yujing Qiao and
                  Weipeng Chen and
                  Bin Cui and
                  Wentao Zhang and
                  Zenan Zhou},
  title        = {MathScape: Evaluating MLLMs in multimodal Math Scenarios through a
                  Hierarchical Benchmark},
  journal      = {CoRR},
  volume       = {abs/2408.07543},
  year         = {2024},
  url          = {https://doi.org/10.48550/arXiv.2408.07543},
  doi          = {10.48550/ARXIV.2408.07543},
  eprinttype    = {arXiv},
  eprint       = {2408.07543},
  timestamp    = {Mon, 23 Sep 2024 16:09:03 +0200},
  biburl       = {https://dblp.org/rec/journals/corr/abs-2408-07543.bib},
  bibsource    = {dblp computer science bibliography, https://dblp.org}
}

@inproceedings{M3SciQA,
  author       = {Chuhan Li and
                  Ziyao Shangguan and
                  Yilun Zhao and
                  Deyuan Li and
                  Yixin Liu and
                  Arman Cohan},
  editor       = {Yaser Al{-}Onaizan and
                  Mohit Bansal and
                  Yun{-}Nung Chen},
  title        = {M3SciQA: {A} Multi-Modal Multi-Document Scientific {QA} Benchmark
                  for Evaluating Foundation Models},
  booktitle    = {Findings of the Association for Computational Linguistics: {EMNLP}
                  2024, Miami, Florida, USA, November 12-16, 2024},
  pages        = {15419--15446},
  publisher    = {Association for Computational Linguistics},
  year         = {2024},
  url          = {https://aclanthology.org/2024.findings-emnlp.904},
  timestamp    = {Mon, 18 Nov 2024 09:06:00 +0100},
  biburl       = {https://dblp.org/rec/conf/emnlp/LiS0L0C24.bib},
  bibsource    = {dblp computer science bibliography, https://dblp.org}
}

@inproceedings{BenchLMM,
  author       = {Rizhao Cai and
                  Zirui Song and
                  Dayan Guan and
                  Zhenhao Chen and
                  Yaohang Li and
                  Xing Luo and
                  Chenyu Yi and
                  Alex C. Kot},
  editor       = {Ales Leonardis and
                  Elisa Ricci and
                  Stefan Roth and
                  Olga Russakovsky and
                  Torsten Sattler and
                  G{\"{u}}l Varol},
  title        = {BenchLMM: Benchmarking Cross-Style Visual Capability of Large Multimodal
                  Models},
  booktitle    = {Computer Vision - {ECCV} 2024 - 18th European Conference, Milan, Italy,
                  September 29-October 4, 2024, Proceedings, Part {L}},
  series       = {Lecture Notes in Computer Science},
  volume       = {15108},
  pages        = {340--358},
  publisher    = {Springer},
  year         = {2024},
  url          = {https://doi.org/10.1007/978-3-031-72973-7\_20},
  doi          = {10.1007/978-3-031-72973-7\_20},
  timestamp    = {Sun, 22 Dec 2024 15:48:00 +0100},
  biburl       = {https://dblp.org/rec/conf/eccv/CaiSGCLLYK24.bib},
  bibsource    = {dblp computer science bibliography, https://dblp.org}
}

@article{SEED-Bench-2-Plus,
  author       = {Bohao Li and
                  Yuying Ge and
                  Yi Chen and
                  Yixiao Ge and
                  Ruimao Zhang and
                  Ying Shan},
  title        = {SEED-Bench-2-Plus: Benchmarking Multimodal Large Language Models with
                  Text-Rich Visual Comprehension},
  journal      = {CoRR},
  volume       = {abs/2404.16790},
  year         = {2024},
  url          = {https://doi.org/10.48550/arXiv.2404.16790},
  doi          = {10.48550/ARXIV.2404.16790},
  eprinttype    = {arXiv},
  eprint       = {2404.16790},
  timestamp    = {Mon, 03 Jun 2024 20:48:00 +0200},
  biburl       = {https://dblp.org/rec/journals/corr/abs-2404-16790.bib},
  bibsource    = {dblp computer science bibliography, https://dblp.org}
}

@inproceedings{BLINK,
  author       = {Xingyu Fu and
                  Yushi Hu and
                  Bangzheng Li and
                  Yu Feng and
                  Haoyu Wang and
                  Xudong Lin and
                  Dan Roth and
                  Noah A. Smith and
                  Wei{-}Chiu Ma and
                  Ranjay Krishna},
  editor       = {Ales Leonardis and
                  Elisa Ricci and
                  Stefan Roth and
                  Olga Russakovsky and
                  Torsten Sattler and
                  G{\"{u}}l Varol},
  title        = {{BLINK:} Multimodal Large Language Models Can See but Not Perceive},
  booktitle    = {Computer Vision - {ECCV} 2024 - 18th European Conference, Milan, Italy,
                  September 29-October 4, 2024, Proceedings, Part {XXIII}},
  series       = {Lecture Notes in Computer Science},
  volume       = {15081},
  pages        = {148--166},
  publisher    = {Springer},
  year         = {2024},
  url          = {https://doi.org/10.1007/978-3-031-73337-6\_9},
  doi          = {10.1007/978-3-031-73337-6\_9},
  timestamp    = {Sun, 22 Dec 2024 15:47:59 +0100},
  biburl       = {https://dblp.org/rec/conf/eccv/FuHLFWLRSMK24.bib},
  bibsource    = {dblp computer science bibliography, https://dblp.org}
}

@article{MM-InstructEval,
  author       = {Xiaocui Yang and
                  Wenfang Wu and
                  Shi Feng and
                  Ming Wang and
                  Daling Wang and
                  Yang Li and
                  Qi Sun and
                  Yifei Zhang and
                  Xiaoming Fu and
                  Soujanya Poria},
  title        = {MM-InstructEval: Zero-Shot Evaluation of (Multimodal) Large Language
                  Models on Multimodal Reasoning Tasks},
  journal      = {CoRR},
  volume       = {abs/2405.07229},
  year         = {2024},
  url          = {https://doi.org/10.48550/arXiv.2405.07229},
  doi          = {10.48550/ARXIV.2405.07229},
  eprinttype    = {arXiv},
  eprint       = {2405.07229},
  timestamp    = {Mon, 26 Aug 2024 10:57:07 +0200},
  biburl       = {https://dblp.org/rec/journals/corr/abs-2405-07229.bib},
  bibsource    = {dblp computer science bibliography, https://dblp.org}
}

@article{GPT-4V,
  author       = {Zheng Lian and
                  Licai Sun and
                  Haiyang Sun and
                  Kang Chen and
                  Zhuofan Wen and
                  Hao Gu and
                  Shun Chen and
                  Bin Liu and
                  Jianhua Tao},
  title        = {{GPT-4V} with Emotion: {A} Zero-shot Benchmark for Multimodal Emotion
                  Understanding},
  journal      = {CoRR},
  volume       = {abs/2312.04293},
  year         = {2023},
  url          = {https://doi.org/10.48550/arXiv.2312.04293},
  doi          = {10.48550/ARXIV.2312.04293},
  eprinttype    = {arXiv},
  eprint       = {2312.04293},
  timestamp    = {Thu, 13 Jun 2024 17:07:28 +0200},
  biburl       = {https://dblp.org/rec/journals/corr/abs-2312-04293.bib},
  bibsource    = {dblp computer science bibliography, https://dblp.org}
}

@inproceedings{Both_Matter,
  author       = {Weixiang Zhao and
                  Zhuojun Li and
                  Shilong Wang and
                  Yang Wang and
                  Yulin Hu and
                  Yanyan Zhao and
                  Chen Wei and
                  Bing Qin},
  editor       = {Lun{-}Wei Ku and
                  Andre Martins and
                  Vivek Srikumar},
  title        = {Both Matter: Enhancing the Emotional Intelligence of Large Language
                  Models without Compromising the General Intelligence},
  booktitle    = {Findings of the Association for Computational Linguistics, {ACL} 2024,
                  Bangkok, Thailand and virtual meeting, August 11-16, 2024},
  pages        = {11157--11176},
  publisher    = {Association for Computational Linguistics},
  year         = {2024},
  url          = {https://doi.org/10.18653/v1/2024.findings-acl.665},
  doi          = {10.18653/V1/2024.FINDINGS-ACL.665},
  timestamp    = {Tue, 24 Sep 2024 10:55:53 +0200},
  biburl       = {https://dblp.org/rec/conf/acl/ZhaoLWWHZW024.bib},
  bibsource    = {dblp computer science bibliography, https://dblp.org}
}

@inproceedings{Cue-CoT,
  author       = {Hongru Wang and
                  Rui Wang and
                  Fei Mi and
                  Yang Deng and
                  Zezhong Wang and
                  Bin Liang and
                  Ruifeng Xu and
                  Kam{-}Fai Wong},
  editor       = {Houda Bouamor and
                  Juan Pino and
                  Kalika Bali},
  title        = {Cue-CoT: Chain-of-thought Prompting for Responding to In-depth Dialogue
                  Questions with LLMs},
  booktitle    = {Findings of the Association for Computational Linguistics: {EMNLP}
                  2023, Singapore, December 6-10, 2023},
  pages        = {12047--12064},
  publisher    = {Association for Computational Linguistics},
  year         = {2023},
  url          = {https://doi.org/10.18653/v1/2023.findings-emnlp.806},
  doi          = {10.18653/V1/2023.FINDINGS-EMNLP.806},
  timestamp    = {Mon, 16 Dec 2024 21:58:14 +0100},
  biburl       = {https://dblp.org/rec/conf/emnlp/0003WMD0LXW23.bib},
  bibsource    = {dblp computer science bibliography, https://dblp.org}
}

@article{ECOT,
  author       = {Zaijing Li and
                  Gongwei Chen and
                  Rui Shao and
                  Dongmei Jiang and
                  Liqiang Nie},
  title        = {Enhancing the Emotional Generation Capability of Large Language Models
                  via Emotional Chain-of-Thought},
  journal      = {CoRR},
  volume       = {abs/2401.06836},
  year         = {2024},
  url          = {https://doi.org/10.48550/arXiv.2401.06836},
  doi          = {10.48550/ARXIV.2401.06836},
  eprinttype    = {arXiv},
  eprint       = {2401.06836},
  timestamp    = {Thu, 01 Feb 2024 15:35:36 +0100},
  biburl       = {https://dblp.org/rec/journals/corr/abs-2401-06836.bib},
  bibsource    = {dblp computer science bibliography, https://dblp.org}
}

@article{EQ-Bench,
  author       = {Samuel J. Paech},
  title        = {EQ-Bench: An Emotional Intelligence Benchmark for Large Language Models},
  journal      = {CoRR},
  volume       = {abs/2312.06281},
  year         = {2023},
  url          = {https://doi.org/10.48550/arXiv.2312.06281},
  doi          = {10.48550/ARXIV.2312.06281},
  eprinttype    = {arXiv},
  eprint       = {2312.06281},
  timestamp    = {Wed, 03 Jan 2024 14:03:35 +0100},
  biburl       = {https://dblp.org/rec/journals/corr/abs-2312-06281.bib},
  bibsource    = {dblp computer science bibliography, https://dblp.org}
}

@article{EmotionBench,
  author       = {Jen{-}tse Huang and
                  Man Ho Lam and
                  Eric John Li and
                  Shujie Ren and
                  Wenxuan Wang and
                  Wenxiang Jiao and
                  Zhaopeng Tu and
                  Michael R. Lyu},
  title        = {Emotionally Numb or Empathetic? Evaluating How LLMs Feel Using EmotionBench},
  journal      = {CoRR},
  volume       = {abs/2308.03656},
  year         = {2023},
  url          = {https://doi.org/10.48550/arXiv.2308.03656},
  doi          = {10.48550/ARXIV.2308.03656},
  eprinttype    = {arXiv},
  eprint       = {2308.03656},
  timestamp    = {Thu, 08 Aug 2024 12:56:51 +0200},
  biburl       = {https://dblp.org/rec/journals/corr/abs-2308-03656.bib},
  bibsource    = {dblp computer science bibliography, https://dblp.org}
}

@inproceedings{MiniGPT4,
  author       = {Deyao Zhu and
                  Jun Chen and
                  Xiaoqian Shen and
                  Xiang Li and
                  Mohamed Elhoseiny},
  title        = {MiniGPT-4: Enhancing Vision-Language Understanding with Advanced Large
                  Language Models},
  booktitle    = {The Twelfth International Conference on Learning Representations,
                  {ICLR} 2024, Vienna, Austria, May 7-11, 2024},
  publisher    = {OpenReview.net},
  year         = {2024},
  url          = {https://openreview.net/forum?id=1tZbq88f27},
  timestamp    = {Wed, 07 Aug 2024 17:11:53 +0200},
  biburl       = {https://dblp.org/rec/conf/iclr/Zhu0SLE24.bib},
  bibsource    = {dblp computer science bibliography, https://dblp.org}
}

@article{Text_Annotation,
  author       = {Mohammad Belal and
                  James She and
                  Simon Wong},
  title        = {Leveraging ChatGPT As Text Annotation Tool For Sentiment Analysis},
  journal      = {CoRR},
  volume       = {abs/2306.17177},
  year         = {2023},
  url          = {https://doi.org/10.48550/arXiv.2306.17177},
  doi          = {10.48550/ARXIV.2306.17177},
  eprinttype    = {arXiv},
  eprint       = {2306.17177},
  timestamp    = {Sun, 06 Oct 2024 21:23:55 +0200},
  biburl       = {https://dblp.org/rec/journals/corr/abs-2306-17177.bib},
  bibsource    = {dblp computer science bibliography, https://dblp.org}
}


@article{Emotionally,
  author       = {Jen{-}tse Huang and
                  Man Ho Lam and
                  Eric John Li and
                  Shujie Ren and
                  Wenxuan Wang and
                  Wenxiang Jiao and
                  Zhaopeng Tu and
                  Michael R. Lyu},
  title        = {Emotionally Numb or Empathetic? Evaluating How LLMs Feel Using EmotionBench},
  journal      = {CoRR},
  volume       = {abs/2308.03656},
  year         = {2023},
  url          = {https://doi.org/10.48550/arXiv.2308.03656},
  doi          = {10.48550/ARXIV.2308.03656},
  eprinttype    = {arXiv},
  eprint       = {2308.03656},
  timestamp    = {Thu, 08 Aug 2024 12:56:51 +0200},
  biburl       = {https://dblp.org/rec/journals/corr/abs-2308-03656.bib},
  bibsource    = {dblp computer science bibliography, https://dblp.org}
}

@inproceedings{SOUL,
  author       = {Yue Deng and
                  Wenxuan Zhang and
                  Sinno Jialin Pan and
                  Lidong Bing},
  editor       = {Houda Bouamor and
                  Juan Pino and
                  Kalika Bali},
  title        = {{SOUL:} Towards Sentiment and Opinion Understanding of Language},
  booktitle    = {Proceedings of the 2023 Conference on Empirical Methods in Natural
                  Language Processing, {EMNLP} 2023, Singapore, December 6-10, 2023},
  pages        = {8704--8711},
  publisher    = {Association for Computational Linguistics},
  year         = {2023},
  url          = {https://doi.org/10.18653/v1/2023.emnlp-main.538},
  doi          = {10.18653/V1/2023.EMNLP-MAIN.538},
  timestamp    = {Fri, 12 Apr 2024 13:11:38 +0200},
  biburl       = {https://dblp.org/rec/conf/emnlp/0010ZPB23.bib},
  bibsource    = {dblp computer science bibliography, https://dblp.org}
}

@inproceedings{ChatGPT2ERG,
  author       = {Yushan Qian and
                  Weinan Zhang and
                  Ting Liu},
  editor       = {Houda Bouamor and
                  Juan Pino and
                  Kalika Bali},
  title        = {Harnessing the Power of Large Language Models for Empathetic Response
                  Generation: Empirical Investigations and Improvements},
  booktitle    = {Findings of the Association for Computational Linguistics: {EMNLP}
                  2023, Singapore, December 6-10, 2023},
  pages        = {6516--6528},
  publisher    = {Association for Computational Linguistics},
  year         = {2023},
  url          = {https://doi.org/10.18653/v1/2023.findings-emnlp.433},
  doi          = {10.18653/V1/2023.FINDINGS-EMNLP.433},
  timestamp    = {Fri, 12 Apr 2024 13:11:52 +0200},
  biburl       = {https://dblp.org/rec/conf/emnlp/Qian0023.bib},
  bibsource    = {dblp computer science bibliography, https://dblp.org}
}

@article{MOSABench,
  author       = {Shezheng Song and
                  Chengxiang He and
                  Shasha Li and
                  Shan Zhao and
                  Chengyu Wang and
                  Tianwei Yan and
                  Xiaopeng Li and
                  Qian Wan and
                  Jun Ma and
                  Jie Yu and
                  Xiaoguang Mao},
  title        = {MOSABench: Multi-Object Sentiment Analysis Benchmark for Evaluating
                  Multimodal Large Language Models Understanding of Complex Image},
  journal      = {CoRR},
  volume       = {abs/2412.00060},
  year         = {2024},
  url          = {https://doi.org/10.48550/arXiv.2412.00060},
  doi          = {10.48550/ARXIV.2412.00060},
  eprinttype    = {arXiv},
  eprint       = {2412.00060},
  timestamp    = {Thu, 09 Jan 2025 18:54:59 +0100},
  biburl       = {https://dblp.org/rec/journals/corr/abs-2412-00060.bib},
  bibsource    = {dblp computer science bibliography, https://dblp.org}
}

@article{SarcasmBench,
  author       = {Yazhou Zhang and
                  Chunwang Zou and
                  Zheng Lian and
                  Prayag Tiwari and
                  Jing Qin},
  title        = {SarcasmBench: Towards Evaluating Large Language Models on Sarcasm
                  Understanding},
  journal      = {CoRR},
  volume       = {abs/2408.11319},
  year         = {2024},
  url          = {https://doi.org/10.48550/arXiv.2408.11319},
  doi          = {10.48550/ARXIV.2408.11319},
  eprinttype    = {arXiv},
  eprint       = {2408.11319},
  timestamp    = {Sun, 06 Oct 2024 21:25:33 +0200},
  biburl       = {https://dblp.org/rec/journals/corr/abs-2408-11319.bib},
  bibsource    = {dblp computer science bibliography, https://dblp.org}
}

@article{DMM-InstructEval,
  author       = {Xiaocui Yang and
                  Wenfang Wu and
                  Shi Feng and
                  Ming Wang and
                  Daling Wang and
                  Yang Li and
                  Qi Sun and
                  Yifei Zhang and
                  Xiaoming Fu and
                  Soujanya Poria},
  title        = {MM-InstructEval: Zero-Shot Evaluation of (Multimodal) Large Language
                  Models on Multimodal Reasoning Tasks},
  journal      = {CoRR},
  volume       = {abs/2405.07229},
  year         = {2024},
  url          = {https://doi.org/10.48550/arXiv.2405.07229},
  doi          = {10.48550/ARXIV.2405.07229},
  eprinttype    = {arXiv},
  eprint       = {2405.07229},
  timestamp    = {Mon, 26 Aug 2024 10:57:07 +0200},
  biburl       = {https://dblp.org/rec/journals/corr/abs-2405-07229.bib},
  bibsource    = {dblp computer science bibliography, https://dblp.org}
}

@article{Open-vocabulary,
  author       = {Zheng Lian and
                  Haiyang Sun and
                  Licai Sun and
                  Lan Chen and
                  Haoyu Chen and
                  Hao Gu and
                  Zhuofan Wen and
                  Shun Chen and
                  Siyuan Zhang and
                  Hailiang Yao and
                  Mingyu Xu and
                  Kang Chen and
                  Bin Liu and
                  Rui Liu and
                  Shan Liang and
                  Ya Li and
                  Jiangyan Yi and
                  Jianhua Tao},
  title        = {Open-vocabulary Multimodal Emotion Recognition: Dataset, Metric, and
                  Benchmark},
  journal      = {CoRR},
  volume       = {abs/2410.01495},
  year         = {2024},
  url          = {https://doi.org/10.48550/arXiv.2410.01495},
  doi          = {10.48550/ARXIV.2410.01495},
  eprinttype    = {arXiv},
  eprint       = {2410.01495},
  timestamp    = {Thu, 14 Nov 2024 07:27:55 +0100},
  biburl       = {https://dblp.org/rec/journals/corr/abs-2410-01495.bib},
  bibsource    = {dblp computer science bibliography, https://dblp.org}
}

@article{ekman1992there,
  title={Are there basic emotions?},
  author={Ekman, Paul},
  year={1992},
  publisher={American Psychological Association}
}

@article{scherer2005emotions,
  title={What are emotions? And how can they be measured?},
  author={Scherer, Klaus R},
  journal={Social science information},
  volume={44},
  number={4},
  pages={695--729},
  year={2005},
  publisher={Sage Publications Sage CA: Thousand Oaks, CA}
}

@article{poria2019emotion,
  title={Emotion recognition in conversation: Research challenges, datasets, and recent advances},
  author={Poria, Soujanya and Majumder, Navonil and Mihalcea, Rada and Hovy, Eduard},
  journal={IEEE access},
  volume={7},
  pages={100943--100953},
  year={2019},
  publisher={IEEE}
}

@article{gross2002emotion,
  title={Emotion regulation: Affective, cognitive, and social consequences},
  author={Gross, James J},
  journal={Psychophysiology},
  volume={39},
  number={3},
  pages={281--291},
  year={2002},
  publisher={Cambridge University Press}
}


@article{frith2006neural,
  title={The neural basis of mentalizing},
  author={Frith, Chris D and Frith, Uta},
  journal={Neuron},
  volume={50},
  number={4},
  pages={531--534},
  year={2006},
  publisher={Elsevier}
}

@inproceedings{hazarika2018conversational,
  title={Conversational memory network for emotion recognition in dyadic dialogue videos},
  author={Hazarika, Devamanyu and Poria, Soujanya and Zadeh, Amir and Cambria, Erik and Morency, Louis-Philippe and Zimmermann, Roger},
  booktitle={Proceedings of the conference. Association for Computational Linguistics. North American Chapter. Meeting},
  volume={2018},
  pages={2122},
  year={2018},
  organization={NIH Public Access}
}


@article{yang2024qwen2,
  title={Qwen2. 5 Technical Report},
  author={Yang, An and Yang, Baosong and Zhang, Beichen and Hui, Binyuan and Zheng, Bo and Yu, Bowen and Li, Chengyuan and Liu, Dayiheng and Huang, Fei and Wei, Haoran and others},
  journal={arXiv preprint arXiv:2412.15115},
  year={2024}
}




