@article{anil2024manyshot,
  title={Many-Shot Jailbreaking},
  author={Anil, Cem and Durmus, Esin and Sharma, Mrinank and Benton, Joe and Kundu, Sandipan and Batson, Joshua and Rimsky, Nina and Tong, Meg and Mu, Jesse and Ford, Daniel and Mosconi, Francesco and Agrawal, Rajashree and Schaeffer, Rylan and Bashkansky, Naomi and Svenningsen, Samuel and Lambert, Mike and Radhakrishnan, Ansh and Denison, Carson and Hubinger, Evan J and Bai, Yuntao and Bricken, Trenton and Maxwell, Timothy and Schiefer, Nicholas and Sully, Jamie and Tamkin, Alex and Lanham, Tamera and Nguyen, Karina and Korbak, Tomasz and Kaplan, Jared and Ganguli, Deep and Bowman, Samuel R and Perez, Ethan and Grosse, Roger and Duvenaud, David},
  year={2024},
  journal={arXiv preprint arXiv:2404.02151},
  url={https://arxiv.org/abs/2404.02151}
}




@article{blei2017variational,
  title={Variational Inference: A Review for Statisticians},
  author={Blei, David M. and Kucukelbir, Alp and McAuliffe, Jon D.},
  journal={Journal of the American Statistical Association},
  volume={112},
  number={518},
  pages={859--877},
  year={2017},
  publisher={Taylor & Francis},
  doi={10.1080/01621459.2017.1285773},
  url={https://doi.org/10.1080/01621459.2017.1285773}
}

@article{bai2022constitutional,
  title={Constitutional ai: Harmlessness from ai feedback},
  author={Bai, Yuntao and Kadavath, Saurav and Kundu, Sandipan and Askell, Amanda and Kernion, Jackson and Jones, Andy and Chen, Anna and Goldie, Anna and Mirhoseini, Azalia and McKinnon, Cameron and others},
  journal={arXiv preprint arXiv:2212.08073},
  year={2022}
}

@techreport{openai_model_spec_2024,
  title={OpenAI Model Specification},
  author={OpenAI},
  year={2024},
  month={5},
  url={https://cdn.openai.com/spec/model-spec-2024-05-08.html},
  note={Version 2024-05-08}
}

@article{pfau2023eliciting,
  title={Eliciting Language Model Behaviors using Reverse Language Models},
  author={Pfau, Jacob and Infanger, Alex and Sheshadri, Abhay and Panda, Ayush and Michael, Julian and Huebner, Curtis},
  year={2023},
  journal={arXiv preprint arXiv:2310.11689},
  url={https://openreview.net/forum?id=m6xyTie61H}
}

@article{rafailov2023direct,
  title={Direct Preference Optimization: Your Language Model is Secretly a Reward Model},
  author={Rafailov, Rafael and Sharma, Archit and Mitchell, Eric and Ermon, Stefano and Manning, Christopher D. and Finn, Chelsea},
  journal={arXiv preprint arXiv:2305.18290},
  year={2023},
  url={https://arxiv.org/abs/2305.18290}
}

@article{penedo2024fineweb,
  title={The FineWeb Datasets: Decanting the Web for the Finest Text Data at Scale},
  author={Penedo, Guilherme and Kydlíček, Hynek and Ben Allal, Loubna and Lozhkov, Anton and Mitchell, Margaret and Raffel, Colin and Von Werra, Leandro and Wolf, Thomas},
  journal={arXiv preprint arXiv:2406.17557},
  year={2024},
  url={https://arxiv.org/abs/2406.17557}
}

@article{zhang2024tinyllama,
  title={TinyLlama: An Open-Source Small Language Model},
  author={Zhang, Peiyuan and Zeng, Guangtao and Wang, Tianduo and Lu, Wei},
  journal={arXiv preprint arXiv:2401.02385},
  year={2024},
  url={https://arxiv.org/abs/2401.02385}
}

@article{zou2024gcg,
  title={Universal and Transferable Adversarial Attacks on Aligned Language Models},
  author={Zou, Andy and Wang, Zifan and Carlini, Nicholas and Nasr, Milad and Kolter, J. Zico and Fredrikson, Matt},
  journal={arXiv preprint arXiv:2307.15043},
  year={2023},
  url={https://arxiv.org/abs/2307.15043}
}

@inproceedings{ding2023ultrachat,
  title={Enhancing Chat Language Models by Scaling High-quality Instructional Conversations},
  author={Ding, Ning and Chen, Yulin and Xu, Bokai and Qin, Yujia and Zheng, Zhi and Hu, Shengding and Liu, Zhiyuan and Sun, Maosong and Zhou, Bowen},
  booktitle={Proceedings of the 2023 Conference on Empirical Methods in Natural Language Processing},
  pages={3029--3051},
  year={2023},
  organization={Association for Computational Linguistics},
  url={https://aclanthology.org/2023.emnlp-main.183/}
}
@inproceedings{kojima2023cot,
  title={Large Language Models are Zero-Shot Reasoners},
  author={Kojima, Takeshi and Gu, Shixiang Shane and Reid, Machel and Matsuo, Yutaka and Iwasawa, Yusuke},
  booktitle={Advances in Neural Information Processing Systems},
  volume={35},
  pages={22129--22144},
  year={2022},
  url={https://arxiv.org/abs/2205.11916}
}

@inproceedings{liu2023autodan,
  title={{AutoDAN}: Generating Stealthy Jailbreak Prompts on Aligned Large Language Models},
  author={Liu, Xiaogeng and Xu, Nan and Chen, Muhao and Xiao, Chaowei},
  booktitle={Proceedings of the Twelfth International Conference on Learning Representations},
  year={2024},
  url={https://openreview.net/forum?id=7Jwpw4qKkb}
}

@inproceedings{perez2022redteaming,
  title={Red Teaming Language Models with Language Models},
  author={Perez, Ethan and Huang, Saffron and Song, Francis and Cai, Trevor and Ring, Roman and Aslanides, John and Glaese, Amelia and McAleese, Nat and Irving, Geoffrey},
  booktitle={Proceedings of the 2022 Conference on Empirical Methods in Natural Language Processing},
  pages={3419--3448},
  year={2022},
  organization={Association for Computational Linguistics},
  url={https://aclanthology.org/2022.emnlp-main.225/}
}

@article{ji2022hallucination,
  title={Survey of Hallucination in Natural Language Generation},
  author={Ji, Ziwei and Lee, Nayeon and Frieske, Rita and Yu, Tiezheng and Su, Dan and Xu, Yan and Ishii, Etsuko and Bang, Yejin and Chen, Delong and Chan, Ho Shu and Dai, Wenliang and Madotto, Andrea and Fung, Pascale},
  journal={ACM Computing Surveys},
  volume={55},
  number={12},
  pages={1--38},
  year={2022},
  publisher={Association for Computing Machinery},
  doi={10.1145/3571730},
  url={https://arxiv.org/abs/2202.03629}
}


@misc{metr2024elicitationgap,
  author = {{METR Research}},
  title = {Measuring the Impact of Post-Training Enhancements},
  howpublished = {\url{https://metr.github.io/autonomy-evals-guide/elicitation-gap/}},
  year = {2024},
  note = {Accessed: 2024-10-22}
}

@inproceedings{zheng2023judging,
  title={Judging LLM-as-a-Judge with MT-Bench and Chatbot Arena},
  author={Zheng, Lianmin and Chiang, Wei-Lin and Sheng, Ying and Zhuang, Siyuan and Wu, Zhanghao and Zhuang, Yonghao and Lin, Zi and Li, Zhuohan and Li, Dacheng and Xing, Eric P. and Zhang, Hao and Gonzalez, Joseph E. and Stoica, Ion},
  booktitle={Advances in Neural Information Processing Systems},
  volume={36},
  pages={46595--46623},
  year={2023},
  url={https://arxiv.org/abs/2306.05685}
}


@inproceedings{donahue2020enabling,
  title={Enabling Language Models to Fill in the Blanks},
  author={Donahue, Chris and Lee, Mina and Liang, Percy},
  booktitle={Proceedings of the 58th Annual Meeting of the Association for Computational Linguistics},
  pages={2492--2501},
  year={2020},
  organization={Association for Computational Linguistics},
  url={https://aclanthology.org/2020.acl-main.225/}
}

@article{morris2023language,
  title={Language Model Inversion},
  author={Morris, John X. and Zhao, Wenting and Chiu, Justin T. and Shmatikov, Vitaly and Rush, Alexander M.},
  journal={arXiv preprint arXiv:2311.13647},
  year={2023},
  url={https://arxiv.org/abs/2311.13647}
}
@inproceedings{hong2024curiosity,
  title={Curiosity-Driven Red-Teaming for Large Language Models},
  author={Hong, Zhang-Wei and Shenfeld, Idan and Wang, Tsun-Hsuan and Chuang, Yung-Sung and Pareja, Aldo and Glass, James R. and Srivastava, Akash and Agrawal, Pulkit},
  booktitle={Proceedings of the Twelfth International Conference on Learning Representations},
  year={2024},
  url={https://openreview.net/forum?id=4KqkizXgXU}
}

@article{andriushchenko2024adaptive,
  title={Jailbreaking Leading Safety-Aligned LLMs with Simple Adaptive Attacks},
  author={Andriushchenko, Maksym and Croce, Francesco and Flammarion, Nicolas},
  journal={arXiv preprint arXiv:2404.02151},
  year={2024},
  url={https://arxiv.org/abs/2404.02151}
}

@article{chao2023jailbreak,
  title={Jailbreaking Black Box Large Language Models in Twenty Queries},
  author={Chao, Patrick and Robey, Alexander and Dobriban, Edgar and Hassani, Hamed and Pappas, George J. and Wong, Eric},
  journal={arXiv preprint arXiv:2310.08419},
  year={2023},
  url={https://arxiv.org/abs/2310.08419}
}


@article{wei2023jailbroken,
  title={Jailbroken: How Does LLM Safety Training Fail?},
  author={Wei, Alexander and Haghtalab, Nika and Steinhardt, Jacob},
  journal={arXiv preprint arXiv:2307.02483},
  year={2023},
  url={https://arxiv.org/abs/2307.02483}
}


@inproceedings{carlini2023aligned,
  title={Are Aligned Neural Networks Adversarially Aligned?},
  author={Carlini, Nicholas and Nasr, Milad and Choquette-Choo, Christopher A. and Jagielski, Matthew and Gao, Irena and Awadalla, Anas and Koh, Pang Wei and Ippolito, Daphne and Lee, Katherine and Tramer, Florian and Schmidt, Ludwig},
  booktitle={Advances in Neural Information Processing Systems},
  volume={36},
  pages={46595--46623},
  year={2023},
  url={https://arxiv.org/abs/2306.15447}
}

@misc{angelopoulos2024redteam,
  title={RedTeam Arena: An Open-Source, Community-Driven Jailbreaking Platform},
  author={Angelopoulos, Anastasios and Vivona, Luca and Chiang, Wei-Lin and Vichare, Aryan and Dunlap, Lisa and Salvivona and Pliny and Stoica, Ion},
  year={2024},
  howpublished={\url{https://lmsys.org/blog/2024-09-13-redteam-arena/}},
  note={Accessed: 2024-12-12}
}

@inproceedings{lin2022truthful,
  title={TruthfulQA: Measuring How Models Mimic Human Falsehoods},
  author={Lin, Stephanie and Hilton, Jacob and Evans, Owain},
  booktitle={Proceedings of the 60th Annual Meeting of the Association for Computational Linguistics (Volume 1: Long Papers)},
  pages={3214--3252},
  year={2022},
  publisher={Association for Computational Linguistics},
  url={https://aclanthology.org/2022.acl-long.229}
}

@inproceedings{
  zhao2024wildchat,
  title={WildChat: 1M Chat{GPT} Interaction Logs in the Wild},
  author={Wenting Zhao and Xiang Ren and Jack Hessel and Claire Cardie and Yejin Choi and Yuntian Deng},
  booktitle={The Twelfth International Conference on Learning Representations},
  year={2024},
  url={https://openreview.net/forum?id=Bl8u7ZRlbM}
}

@misc{vonwerra2022trl,
  author = {Leandro von Werra and Younes Belkada and Lewis Tunstall and Edward Beeching and Tristan Thrush and Nathan Lambert and Shengyi Huang and Kashif Rasul and Quentin Gallouédec},
  title = {TRL: Transformer Reinforcement Learning},
  year = {2020},
  publisher = {GitHub},
  journal = {GitHub repository},
  howpublished = {\url{https://github.com/huggingface/trl}}
}

@article{Frank1956FW,
  title={An algorithm for quadratic programming},
  author={Marguerite Frank and Philip Wolfe},
  journal={Naval Research Logistics Quarterly},
  year={1956},
  volume={3},
  pages={95-110},
  url={https://api.semanticscholar.org/CorpusID:122654717}
}

@article{roose2023bing,
  author  = {Kevin Roose},
  title   = {A Conversation With Bing’s Chatbot Left Me Deeply Unsettled},
  journal = {The New York Times},
  year    = {2023},
  month   = {February},
  day     = {16},
  url     = {https://www.nytimes.com/2023/02/16/technology/bing-chatbot-transcript.html}
}


@article{bach2012duality,
  author       = {Francis R. Bach},
  title        = {Duality between subgradient and conditional gradient methods},
  journal      = {CoRR},
  volume       = {abs/1211.6302},
  year         = {2012},
  url          = {http://arxiv.org/abs/1211.6302},
  eprinttype    = {arXiv},
  eprint       = {1211.6302},
  timestamp    = {Mon, 13 Aug 2018 16:46:27 +0200},
  biburl       = {https://dblp.org/rec/journals/corr/abs-1211-6302.bib},
  bibsource    = {dblp computer science bibliography, https://dblp.org}
}

@software{chenghao_mou_2023_8364980,
  author       = {Chenghao Mou and
                  Chris Ha and
                  Kenneth Enevoldsen and
                  Peiyuan Liu},
  title        = {ChenghaoMou/text-dedup: Reference Snapshot},
  month        = sep,
  year         = 2023,
  publisher    = {Zenodo},
  version      = {2023.09.20},
  doi          = {10.5281/zenodo.8364980},
  url          = {https://doi.org/10.5281/zenodo.8364980}
}

@article{li2024llm,
  title={Llm defenses are not robust to multi-turn human jailbreaks yet},
  author={Li, Nathaniel and Han, Ziwen and Steneker, Ian and Primack, Willow and Goodside, Riley and Zhang, Hugh and Wang, Zifan and Menghini, Cristina and Yue, Summer},
  journal={arXiv preprint arXiv:2408.15221},
  year={2024}
}
@misc{song2023rewardcollapsealigninglarge,
      title={Reward Collapse in Aligning Large Language Models}, 
      author={Ziang Song and Tianle Cai and Jason D. Lee and Weijie J. Su},
      year={2023},
      eprint={2305.17608},
      archivePrefix={arXiv},
      primaryClass={cs.LG},
      url={https://arxiv.org/abs/2305.17608}, 
}

@article{schick2023toolformer,
  title={Toolformer: Language models can teach themselves to use tools},
  author={Schick, Timo and Dwivedi-Yu, Jane and Dess{\`\i}, Roberto and Raileanu, Roberta and Lomeli, Maria and Hambro, Eric and Zettlemoyer, Luke and Cancedda, Nicola and Scialom, Thomas},
  journal={Advances in Neural Information Processing Systems},
  volume={36},
  pages={68539--68551},
  year={2023}
}

@article{qin2023toolllm,
  title={Toolllm: Facilitating large language models to master 16000+ real-world apis},
  author={Qin, Yujia and Liang, Shihao and Ye, Yining and Zhu, Kunlun and Yan, Lan and Lu, Yaxi and Lin, Yankai and Cong, Xin and Tang, Xiangru and Qian, Bill and others},
  journal={arXiv preprint arXiv:2307.16789},
  year={2023}
}

@inproceedings{shaham2024multimodal,
  title={A multimodal automated interpretability agent},
  author={Shaham, Tamar Rott and Schwettmann, Sarah and Wang, Franklin and Rajaram, Achyuta and Hernandez, Evan and Andreas, Jacob and Torralba, Antonio},
  booktitle={Forty-first International Conference on Machine Learning},
  year={2024}
}

@book{american2013diagnostic,
  title={Diagnostic and Statistical Manual of Mental Disorders (DSM-5{\textregistered})},
  author={APA},
  isbn={9780890425572},
  url={https://books.google.com/books?id=-JivBAAAQBAJ},
  year={2013},
  publisher={American Psychiatric Publishing}
}

@article{yao2022react,
  title={React: Synergizing reasoning and acting in language models},
  author={Yao, Shunyu and Zhao, Jeffrey and Yu, Dian and Du, Nan and Shafran, Izhak and Narasimhan, Karthik and Cao, Yuan},
  journal={arXiv preprint arXiv:2210.03629},
  year={2022}
}

@misc{wang2024factualitylargelanguagemodels,
      title={Factuality of Large Language Models: A Survey}, 
      author={Yuxia Wang and Minghan Wang and Muhammad Arslan Manzoor and Fei Liu and Georgi Georgiev and Rocktim Jyoti Das and Preslav Nakov},
      year={2024},
      eprint={2402.02420},
      archivePrefix={arXiv},
      primaryClass={cs.CL},
      url={https://arxiv.org/abs/2402.02420}, 
}

@misc{ayrey2024backrooms,
  author       = {Ayrey, Andy},
  title        = {Infinite Backrooms: Dreams of an Electric Mind},
  year         = {2024},
  url          = {https://dreams-of-an-electric-mind.webflow.io/},
  note         = {[Online; accessed 3-February-2025]}
}
