@article{Mikkelsen2022Hex,
  author =       {Morten S. Mikkelsen}, 
  title =        {Practical Real-Time Hex-Tiling},
  year =         2022,
  month =        {August},
  day =          {25},
  journal =      {Journal of Computer Graphics Techniques (JCGT)},
  volume =       11,
  number =       3,
  pages =        {77--94},
  url =          {http://jcgt.org/published/0011/03/05/},
  issn =         {2331-7418}
}

@article{burley2019histogram,
  title={On histogram-preserving blending for randomized texture tiling},
  author={Burley, Brent},
  journal={Journal of Computer Graphics Techniques (JCGT)},
  volume={8},
  number={4},
  pages={31--53},
  url={https://jcgt.org/published/0008/04/02/},
  year={2019}
}

@article{fourniersauvage2024mixmax,
author = {Fournier, Romain and Sauvage, Basile},
title = {Mix-Max: A Content-Aware Operator for Real-Time Texture Transitions},
journal = {Computer Graphics Forum},
volume = {43},
number = {6},
pages = {e15193},
keywords = {mixing operator, filtering, image and video processing, antialiasing, real-time rendering, texture synthesis},
doi = {https://doi.org/10.1111/cgf.15193},
url = {https://onlinelibrary.wiley.com/doi/abs/10.1111/cgf.15193},
eprint = {https://onlinelibrary.wiley.com/doi/pdf/10.1111/cgf.15193},
year = {2024}
}

@article{galerne2012gabor,
  title={Gabor noise by example},
  author={Galerne, Bruno and Lagae, Ares and Lefebvre, Sylvain and Drettakis, George},
  journal={ACM Transactions on Graphics},
  volume={31},
  number={4},
  pages={73:1--73:9},
  year={2012},
  doi={https://doi.org/10.1145/2185520.2185569},
  publisher={ACM}
}

@article{heitz2018high,
  title={High-performance by-example noise using a histogram-preserving blending operator},
  author={Heitz, Eric and Neyret, Fabrice},
  journal={Proceedings of the ACM on Computer Graphics and Interactive Techniques},
  volume={1},
  number={2},
  pages={31:1--31:25},
  year={2018},
  doi={https://doi.org/10.1145/3233304},
  publisher={ACM}
}

@misc{substanceblending,
    title={{Substance 3D Designer}: {Blending} modes description},
    author={Adobe},
    url       = {https://substance3d.adobe.com/documentation/sddoc/blending-modes-description-132120605.html},
    year={2023}
}

@article{yu2010lagrangian,
  title={Lagrangian texture advection: Preserving both spectrum and velocity field},
  author={Yu, Qizhi and Neyret, Fabrice and Bruneton, Eric and Holzschuch, Nicolas},
  journal={IEEE Transactions on Visualization and Computer Graphics},
  volume={17},
  number={11},
  pages={1612--1623},
  year={2010},
  doi={https://doi.org/10.1109/TVCG.2010.263},
  publisher={IEEE}
}

