@article{yu2010lagrangian,
  title={Lagrangian texture advection: Preserving both spectrum and velocity field},
  author={Yu, Qizhi and Neyret, Fabrice and Bruneton, Eric and Holzschuch, Nicolas},
  journal={IEEE Transactions on Visualization and Computer Graphics},
  volume={17},
  number={11},
  pages={1612--1623},
  year={2010},
  doi={https://doi.org/10.1109/TVCG.2010.263},
  publisher={IEEE}
}

@article{heitz2018high,
  title={High-performance by-example noise using a histogram-preserving blending operator},
  author={Heitz, Eric and Neyret, Fabrice},
  journal={Proceedings of the ACM on Computer Graphics and Interactive Techniques},
  volume={1},
  number={2},
  pages={31:1--31:25},
  year={2018},
  doi={https://doi.org/10.1145/3233304},
  publisher={ACM}
}

@article{burley2019histogram,
  title={On histogram-preserving blending for randomized texture tiling},
  author={Burley, Brent},
  journal={Journal of Computer Graphics Techniques (JCGT)},
  volume={8},
  number={4},
  pages={31--53},
  url={https://jcgt.org/published/0008/04/02/},
  year={2019}
}

@article{mikkelsen2022practical,
  title={Practical Real-Time Hex-Tiling},
  author={Mikkelsen, Morten S},
  journal={Journal of Computer Graphics Techniques Vol},
  volume={11},
  number={2},
  year={2022}
}

@inproceedings{brown2003recognising,
  author={M. Brown and D. Lowe},
  booktitle={Proceedings of the Ninth IEEE International Conference on Computer Vision}, 
  title={Recognising panoramas}, 
  year={2003},
  volume={2},
  number={},
  pages={1218-1225},
  publisher={IEEE Computer Society},
  doi={https://doi.org/10.1109/ICCV.2003.1238630}
}

@misc{efros2005imagepyramids,
    title={Image Pyramids and Blending},
    author={Alexei Efros},
    howpublished={Lecture from Computational Photography course, Carnegie Mellon University},
    url       = {http://graphics.cs.cmu.edu/courses/15-463/2005_fall/www/Lectures/Pyramids.pdf},
    year={2005}
}

@misc{substanceblending,
    title={{Substance 3D Designer}: {Blending} modes description},
    author={Adobe},
    url       = {https://substance3d.adobe.com/documentation/sddoc/blending-modes-description-132120605.html},
    year={2023}
}


@inproceedings{mertens2007exposure,
  title={Exposure fusion},
  author={Mertens, Tom and Kautz, Jan and Van Reeth, Frank},
  booktitle={15th Pacific Conference on Computer Graphics and Applications (PG'07)},
  pages={382--390},
  year={2007},
  doi={https://doi.org/10.1109/PG.2007.17},
  organization={IEEE}
}

@article{hasinoff2016burst,
  title={Burst photography for high dynamic range and low-light imaging on mobile cameras},
  author={Hasinoff, Samuel W and Sharlet, Dillon and Geiss, Ryan and Adams, Andrew and Barron, Jonathan T and Kainz, Florian and Chen, Jiawen and Levoy, Marc},
  journal={ACM Transactions on Graphics},
  volume={35},
  number={6},
  pages={192:1--192:12},
  year={2016},
  doi={https://doi.org/10.1145/2980179.2980254},
  publisher={ACM}
}

@misc{neubelt2013crafting,
  title={Crafting a Next-Gen Material Pipeline for {The Order: 1886}},
  author={Neubelt, David and Pettineo, Matt},
  journal={SIGGRAPH course: Physically Based Shading in Theory and Practice},
  year={2013},
  url={https://blog.selfshadow.com/publications/s2013-shading-course/},
}

@misc{burley2012physically,
  title={Physically-Based Shading at Disney},
  author={Burley, Brent},
  howpublished={ACM SIGGRAPH course},
  year={2012},
  url={https://disneyanimation.com/publications/physically-based-shading-at-disney/}
}

@article{Mikkelsen2022Hex,
  author =       {Morten S. Mikkelsen}, 
  title =        {Practical Real-Time Hex-Tiling},
  year =         2022,
  month =        {August},
  day =          {25},
  journal =      {Journal of Computer Graphics Techniques (JCGT)},
  volume =       11,
  number =       3,
  pages =        {77--94},
  url =          {http://jcgt.org/published/0011/03/05/},
  issn =         {2331-7418}
}          

@inproceedings{perez2003poisson,
  title={Poisson image editing},
  author={P{\'e}rez, Patrick and Gangnet, Michel and Blake, Andrew},
  booktitle={ACM SIGGRAPH 2003 Papers},
  publisher={ACM},
  pages={313--318},
  doi={https://doi.org/10.1145/1201775.882269},
  year={2003}
}

@article{duchon1979lanczos,
  title={Lanczos filtering in one and two dimensions},
  author={Duchon, Claude E},
  journal={Journal of Applied Meteorology and Climatology},
  volume={18},
  number={8},
  doi={10.1175/1520-0450(1979)018<1016:LFIOAT>2.0.CO;2},
  pages={1016--1022},
  year={1979}
}

@misc{chen2015adaptive,
  title={Adaptive Virtual Texture Rendering in {Far} {Cry} 4},
  author={Chen, K},
  howpublished={Presented at Game Developers Conference},
  url={https://gdcvault.com/play/1021761/Adaptive-Virtual-Texture-Rendering-in},
  year={2015}
}

@misc{jimenez2014next,
  title={Next Generation Post-processing in {Call} of {Duty}: {Advanced} {Warfare}},
  author={Jimenez, Jorge},
  howpublished={SIGGRAPH course: Advances in Real-Time Rendering in Games},
  year={2014},
  url={https://www.iryoku.com/next-generation-post-processing-in-call-of-duty-advanced-warfare/},
}

@article{galerne2012gabor,
  title={Gabor noise by example},
  author={Galerne, Bruno and Lagae, Ares and Lefebvre, Sylvain and Drettakis, George},
  journal={ACM Transactions on Graphics},
  volume={31},
  number={4},
  pages={73:1--73:9},
  year={2012},
  doi={https://doi.org/10.1145/2185520.2185569},
  publisher={ACM}
}

@article{fourniersauvage2024mixmax,
author = {Fournier, Romain and Sauvage, Basile},
title = {Mix-Max: A Content-Aware Operator for Real-Time Texture Transitions},
journal = {Computer Graphics Forum},
volume = {43},
number = {6},
pages = {e15193},
keywords = {mixing operator, filtering, image and video processing, antialiasing, real-time rendering, texture synthesis},
doi = {https://doi.org/10.1111/cgf.15193},
url = {https://onlinelibrary.wiley.com/doi/abs/10.1111/cgf.15193},
eprint = {https://onlinelibrary.wiley.com/doi/pdf/10.1111/cgf.15193},
year = {2024}
}

@article{pharr2024filtering,
  title={Filtering After Shading With Stochastic Texture Filtering},
  author={Pharr, Matt and Wronski, Bartlomiej and Salvi, Marco and Fajardo, Marcos},
  journal={Proceedings of the ACM on Computer Graphics and Interactive Techniques},
  volume={7},
  number={1},
  pages={14:1--14:20},
  year={2024},
  doi = {https://doi.org/10.1145/3651293},
  publisher={ACM}
}
