@inproceedings{engel2014lsd,
  title={LSD-SLAM: Large-scale direct monocular SLAM},
  author={Engel, Jakob and Sch{\"o}ps, Thomas and Cremers, Daniel},
  booktitle={European conference on computer vision},
  pages={834--849},
  year={2014},
  organization={Springer}
}

@article{engel2017direct,
  title={Direct sparse odometry},
  author={Engel, Jakob and Koltun, Vladlen and Cremers, Daniel},
  journal={IEEE transactions on pattern analysis and machine intelligence},
  volume={40},
  number={3},
  pages={611--625},
  year={2017},
  publisher={IEEE}
}

@article{kerbl2024hierarchical,
  title={A hierarchical 3d gaussian representation for real-time rendering of very large datasets},
  author={Kerbl, Bernhard and Meuleman, Andreas and Kopanas, Georgios and Wimmer, Michael and Lanvin, Alexandre and Drettakis, George},
  journal={ACM Transactions on Graphics (TOG)},
  volume={43},
  number={4},
  pages={1--15},
  year={2024},
  publisher={ACM New York, NY, USA}
}

@article{mur2015orb,
  title={ORB-SLAM: a versatile and accurate monocular SLAM system},
  author={Mur-Artal, Raul and Montiel, Jose Maria Martinez and Tardos, Juan D},
  journal={IEEE transactions on robotics},
  volume={31},
  number={5},
  pages={1147--1163},
  year={2015},
  publisher={IEEE}
}

@article{teed2021droid,
  title={Droid-slam: Deep visual slam for monocular, stereo, and rgb-d cameras},
  author={Teed, Zachary and Deng, Jia},
  journal={Advances in neural information processing systems},
  volume={34},
  pages={16558--16569},
  year={2021}
}

@misc{zhang2024hislam2,
        title={HI-SLAM2: Geometry-Aware Gaussian SLAM for Fast Monocular Scene Reconstruction}, 
        author={Wei Zhang and Qing Cheng and David Skuddis and Niclas Zeller and Daniel Cremers and Norbert Haala},
        year={2024},
        eprint={2411.17982},
        archivePrefix={arXiv},
        primaryClass={cs.RO},
        url={https://arxiv.org/abs/2411.17982}, 
  }

