@comment{jabref-meta: databaseType:bibtex;}

@misc{IntCDC_LCR,
	Author = {IntCDC},
	Howpublished = {https://www.intcdc.uni-stuttgart.de/research/research-infrastructure/},
	Title = {IntCDC Large-Scale Construction Robotics Laboratory (LCRL)},
	Year = {2024}}

@INPROCEEDINGS{7410693,
  author={Kendall, Alex and Grimes, Matthew and Cipolla, Roberto},
  booktitle={2015 IEEE International Conference on Computer Vision (ICCV)}, 
  title={PoseNet: A Convolutional Network for Real-Time 6-DOF Camera Relocalization}, 
  year={2015},
  volume={},
  number={},
  pages={2938-2946},
  keywords={Cameras;Training;Neural networks;Robot vision systems;Simultaneous localization and mapping;Real-time systems;Quaternions},
  doi={10.1109/ICCV.2015.336}}


@inproceedings{wang2023robustloc,
  title={RobustLoc: Robust camera pose regression in challenging driving environments},
  author={Wang, Sijie and Kang, Qiyu and She, Rui and Tay, Wee Peng and Hartmannsgruber, Andreas and Navarro, Diego Navarro},
  booktitle={Proceedings of the AAAI Conference on Artificial Intelligence},
  volume={37},
  number={5},
  pages={6209--6216},
  year={2023}
}


@inproceedings{wang2020atloc,
  title={Atloc: Attention guided camera localization},
  author={Wang, Bing and Chen, Changhao and Lu, Chris Xiaoxuan and Zhao, Peijun and Trigoni, Niki and Markham, Andrew},
  booktitle={Proceedings of the AAAI Conference on Artificial Intelligence},
  volume={34},
  number={06},
  pages={10393--10401},
  year={2020}
}


@inproceedings{kendall2015posenet,
  title={Posenet: A convolutional network for real-time 6-dof camera relocalization},
  author={Kendall, Alex and Grimes, Matthew and Cipolla, Roberto},
  booktitle={Proceedings of the IEEE international conference on computer vision},
  pages={2938--2946},
  year={2015}
}


@article{brachmann2021visual,
  title={Visual camera re-localization from RGB and RGB-D images using DSAC},
  author={Brachmann, Eric and Rother, Carsten},
  journal={IEEE transactions on pattern analysis and machine intelligence},
  volume={44},
  number={9},
  pages={5847--5865},
  year={2021},
  publisher={IEEE}
}


@inproceedings{brachmann2017dsac,
  title={Dsac-differentiable ransac for camera localization},
  author={Brachmann, Eric and Krull, Alexander and Nowozin, Sebastian and Shotton, Jamie and Michel, Frank and Gumhold, Stefan and Rother, Carsten},
  booktitle={Proceedings of the IEEE conference on computer vision and pattern recognition},
  pages={6684--6692},
  year={2017}
}

@inproceedings{revaud2024sacreg,
  title={Sacreg: Scene-agnostic coordinate regression for visual localization},
  author={Revaud, Jerome and Cabon, Yohann and Br{\'e}gier, Romain and Lee, JongMin and Weinzaepfel, Philippe},
  booktitle={Proceedings of the IEEE/CVF Conference on Computer Vision and Pattern Recognition},
  pages={688--698},
  year={2024}
}
@inproceedings{yang2019sanet,
  title={Sanet: Scene agnostic network for camera localization},
  author={Yang, Luwei and Bai, Ziqian and Tang, Chengzhou and Li, Honghua and Furukawa, Yasutaka and Tan, Ping},
  booktitle={Proceedings of the IEEE/CVF international conference on computer vision},
  pages={42--51},
  year={2019}
}


@article{wang2024hscnet,
  title={Hscnet++: Hierarchical scene coordinate classification and regression for visual localization with transformer},
  author={Wang, Shuzhe and Laskar, Zakaria and Melekhov, Iaroslav and Li, Xiaotian and Zhao, Yi and Tolias, Giorgos and Kannala, Juho},
  journal={International Journal of Computer Vision},
  pages={1--21},
  year={2024},
  publisher={Springer}
}
@inproceedings{dong2022visual,
  title={Visual localization via few-shot scene region classification},
  author={Dong, Siyan and Wang, Shuzhe and Zhuang, Yixin and Kannala, Juho and Pollefeys, Marc and Chen, Baoquan},
  booktitle={2022 International Conference on 3D Vision (3DV)},
  pages={393--402},
  year={2022},
  organization={IEEE}
}


@article{li2018full,
  title={Full-frame scene coordinate regression for image-based localization},
  author={Li, Xiaotian and Ylioinas, Juha and Kannala, Juho},
  journal={arXiv preprint arXiv:1802.03237}     ,
  year={2018}
}


@inproceedings{valentin2015exploiting,
  title={Exploiting uncertainty in regression forests for accurate camera relocalization},
  author={Valentin, Julien and Nie{\ss}ner, Matthias and Shotton, Jamie and Fitzgibbon, Andrew and Izadi, Shahram and Torr, Philip HS},
  booktitle={Proceedings of the IEEE conference on computer vision and pattern recognition},
  pages={4400--4408},
  year={2015}
}

@inproceedings{shotton2013scene,
  title={Scene coordinate regression forests for camera relocalization in RGB-D images},
  author={Shotton, Jamie and Glocker, Ben and Zach, Christopher and Izadi, Shahram and Criminisi, Antonio and Fitzgibbon, Andrew},
  booktitle={Proceedings of the IEEE conference on computer vision and pattern recognition},
  pages={2930--2937},
  year={2013}
}

@article{smith1987,
	Author = {Smith, J.},
	Journal = {Photogrammetria},
	Pages = {47--56},
	Title = {Close range photogrammetry for analyzing distressed trees},
	Volume = {42},
	Number = {1},
	Year = {1987}}

@article{michalis2008,
	Author = {P. Michalis and I. Dowman},
	Journal = {Photogrammetric Engineering \& Remote Sensing},
	Pages = {303--309},
	Title = {A Generic Model for Along-Track Stereo Sensors Using Rigorous Orbit Mechanics},
	Volume = {74},
	Number = {3},
	Year = {2008}}

@inbook{foerstner2016,
	Address = {Cham},
	Author = {F{\"o}rstner, W. and Wrobel, B.},
	Publisher = {Springer Nature},
	Title = {Photogrammetric Computer Vision},
	Year = {2016}}

@inproceedings{smith2000,
	Author = {J. Smith},
	Booktitle = {Int. Arch. Photogramm. Remote Sens. Spatial Inf. Sci.},
	Pages = {456--469},
	Title = {Remote sensing to predict volcano outbursts},
	Volume = {XXVII-B1},
	Year = {2000}}

@article{maas2017,
	Author = {Maas, A. and Rottensteiner, F. and Heipke, C.},
	Journal = {ISPRS Ann. Photogramm. Remote Sens. Spatial Inf. Sci.},
	Volume = {IV-1/W1},
	Pages = {215--222},
	Url = {doi.org/10.5194/isprs-annals-IV-1-W1-215-2017}           ,
	Title = {Classification under label noise using outdated maps},
	Year = {2017}}

@article{chan2017,
	Author = {K. L. Chan and K. Qin},
	Journal = {Int. Arch. Photogramm. Remote Sens. Spatial Inf. Sci.},
	Volume = {XLII-2/W7},
	Pages = {29--36},
	Url = {doi.org/10.5194/isprs-archives-XLII-2-W7-29-2017}           ,
	Title = {Biomass burning related pollution and their contributions to the air quality in Hong Kong},
	Year = {2017}}

@misc{dubayah2013,
	Author = {Dubayah, R.O. and Swatantran, A. and Huang, W. and Duncanson, L. and Trang, H. and Johnson, K. and Dunne, J.O. and Hurtt, G.C.},
	Howpublished = {ORNL DAAC, Oak Ridge, Tennessee, USA. doi.org/10.3334/ORNLDAAC/1523}           ,
	Title = {{CMS: LiDAR-derived Biomass, Canopy Height and Cover, Sonoma County, California, 2013}},
	Year = {2017}}

@misc{grass2017,
	Author = {{GRASS Development Team}},
	Howpublished = {Open Source Geospatial Foundation. grass.osgeo.org (20 September 2017)},
	Title = {{Geographic Resources Analysis Support System (GRASS) Software}},
	Year = {2017}}

@misc{grass2015,
	Author = {{GRASS Development Team}},
	Howpublished = {Open Source Geospatial Foundation. grass.osgeo.org (1 June 2017)},
	Title = {{Geographic Resources Analysis Support System (GRASS) Software, Version 6.4}},
	Year = {2015}}

@misc{lennert2017,
	Author = {Lennert, M. and {GRASS Development Team}},
	Howpublished = {Open Source Geospatial Foundation. grass.osgeo.org/grass7/manuals/addons/i.segment.stats.html (1 June 2017)},
	Title = {{Addon i.segment.stats. Geographic Resources Analysis Support System (GRASS) Software, Version 7.2}},
	Year = {2017}}


@misc{gago2016,
	Author = {Gago-Silva, A.},
	Howpublished = {doi.org/10.6084/m9.figshare.3188950}         ,
	Title = {{GRASS GIS in Grid Environment}},
	Year = {2016}}

@misc{smith1987rep,
	Author = {Smith, J.},
	Howpublished = {Report KRL-01234, Kennedy Research Laboratories, Arlington, VA, USA.},
	Title = {{Economic printing of color orthophotos}},
	Year = {1987}}

@article{ress2024slam,
AUTHOR = {Ress, V. and Zhang, W. and Skuddis, D. and Haala, N. and Soergel, U.},
TITLE = {SLAM for Indoor Mapping of Wide Area Construction Environments},
JOURNAL = {ISPRS Annals of the Photogrammetry, Remote Sensing and Spatial Information Sciences},
VOLUME = {X-2-2024},
YEAR = {2024},
PAGES = {209--216},
URL = {https://isprs-annals.copernicus.org/articles/X-2-2024/209/2024/},
DOI = {10.5194/isprs-annals-X-2-2024-209-2024}
}

@article{teed2021droid,
  title={Droid-slam: Deep visual slam for monocular, stereo, and rgb-d cameras},
  author={Teed, Zachary and Deng, Jia},
  journal={Advances in neural information processing systems},
  volume={34},
  pages={16558--16569},
  year={2021}
}

@article{kerbl2024hierarchical,
  title={A hierarchical 3d gaussian representation for real-time rendering of very large datasets},
  author={Kerbl, Bernhard and Meuleman, Andreas and Kopanas, Georgios and Wimmer, Michael and Lanvin, Alexandre and Drettakis, George},
  journal={ACM Transactions on Graphics (TOG)},
  volume={43},
  number={4},
  pages={1--15},
  year={2024},
  publisher={ACM New York, NY, USA}
}

@article{fischler1981random,
  title={Random sample consensus: a paradigm for model fitting with applications to image analysis and automated cartography},
  author={Fischler, Martin A and Bolles, Robert C},
  journal={Communications of the ACM},
  volume={24},
  number={6},
  pages={381--395},
  year={1981},
  publisher={ACM New York, NY, USA}
}

@article{zhang2024hi,
  title={HI-SLAM: Monocular Real-Time Dense Mapping With Hybrid Implicit Fields}, 
  author={Zhang, Wei and Sun, Tiecheng and Wang, Sen and Cheng, Qing and Haala, Norbert},
  journal={IEEE Robotics and Automation Letters},
  year={2024},    
  publisher={IEEE},
  doi={10.1109/LRA.2023.3347131}
}

@misc{zhang2024hislam2,
        title={HI-SLAM2: Geometry-Aware Gaussian SLAM for Fast Monocular Scene Reconstruction}, 
        author={Wei Zhang and Qing Cheng and David Skuddis and Niclas Zeller and Daniel Cremers and Norbert Haala},
        year={2024},
        eprint={2411.17982},
        archivePrefix={arXiv},
        primaryClass={cs.RO},
        url={https://arxiv.org/abs/2411.17982}, 
  }

  @article{keetha2023anyloc,
  title={Anyloc: Towards universal visual place recognition},
  author={Keetha, Nikhil and Mishra, Avneesh and Karhade, Jay and Jatavallabhula, Krishna Murthy and Scherer, Sebastian and Krishna, Madhava and Garg, Sourav},
  journal={IEEE Robotics and Automation Letters},
  year={2023},
  publisher={IEEE}
}

@inproceedings{yu2024mip,
  title={Mip-splatting: Alias-free 3d gaussian splatting},
  author={Yu, Zehao and Chen, Anpei and Huang, Binbin and Sattler, Torsten and Geiger, Andreas},
  booktitle={Proceedings of the IEEE/CVF Conference on Computer Vision and Pattern Recognition},
  pages={19447--19456},
  year={2024}
}

@inproceedings{liu2024enhancing,
title={Enhancing Visual Relocalization with Dense Scene Coordinates Derived from 3D Gaussian Splatting},
author={Jou-Min Liu and Hsuan-Kung Yang and Tsung-Chih Chiang and Ting-Ru Liu and Chun-Wei Huang and Quan Kong and Norimasa Kobori and Chun-Yi Lee},
booktitle={RoboNerF: 1st Workshop On Neural Fields In Robotics at ICRA 2024},
year={2024},
url={https://openreview.net/forum?id=QPJGhB1sLm}
}

@article{Kaess12ijrr,
   author = {M. Kaess and H. Johannsson and R. Roberts and V. Ila and J.J.
	Leonard and F. Dellaert},
   title = {{iSAM2}: Incremental Smoothing and Mapping Using the {B}ayes Tree},
   journal = {Intl. J. of Robotics Research, IJRR},
   volume = {31},
   number = {2},
   pages = {216-235},
   month = feb,
   year = {2012}
}

@inproceedings{sivic2003VideoGoogletext,
  title      = {Video {{Google}}: A Text Retrieval Approach to Object Matching in Videos},
  booktitle  = {Proceedings {{Ninth IEEE International Conference}} on {{Computer Vision}}},
  author     = {{Sivic} and {Zisserman}},
  year       = {2003},
  pages      = {1470-1477 vol.2},
  location   = {Nice, France},
  doi        = {10.1109/ICCV.2003.1238663},
}

@inproceedings{jegou2010Aggregatinglocaldescriptors,
  title      = {Aggregating Local Descriptors into a Compact Image Representation},
  booktitle  = {2010 {{IEEE Computer Society Conference}} on {{Computer Vision}} and {{Pattern Recognition}}},
  author     = {Jegou, Herve and Douze, Matthijs and Schmid, Cordelia and Perez, Patrick},
  year       = {2010},
  pages      = {3304--3311},
  location   = {San Francisco, CA, USA},
  doi        = {10.1109/CVPR.2010.5540039},
}

@INPROCEEDINGS{dalal2005HOG,
  author={Dalal, N. and Triggs, B.},
  booktitle={2005 IEEE Computer Society Conference on Computer Vision and Pattern Recognition (CVPR'05)}, 
  title={Histograms of oriented gradients for human detection}, 
  year={2005},
  volume={},
  number={},
  pages={886-893},
  doi={10.1109/CVPR.2005.177}
}
@inproceedings{arandjelovic2016NetVLADCNNarchitecture,
  title      = {{{NetVLAD}}: {{CNN}} Architecture for Weakly Supervised Place Recognition},
  booktitle  = {Proceedings of the {{IEEE Computer Society Conference}} on {{Computer Vision}} and {{Pattern Recognition}}},
  author     = {Arandjelovic, Relja and Gronat, Petr and Torii, Akihiko and Pajdla, Tomas and Sivic, Josef},
  year       = {2016},
  pages      = {5297--5307},
  location   = {Las Vegas, USA},
  doi        = {10.1109/CVPR.2016.572},
}

@inproceedings{berton2023EigenPlacesTrainingViewpoint,
  title      = {{{EigenPlaces}}: {{Training Viewpoint Robust Models}} for {{Visual Place Recognition}}},
  shorttitle = {{{EigenPlaces}}},
  booktitle  = {Proceedings of the {{IEEE}}/{{CVF International Conference}} on {{Computer Vision}} ({{ICCV}})},
  author     = {Berton, Gabriele and Trivigno, Gabriele and Caputo, Barbara and Masone, Carlo},
  year       = {2023},
  pages      = {11046--11056},
  doi        = {10.1109/ICCV51070.2023.01017},
}

@INPROCEEDINGS{sarlin2019coarsefineRobust,
  author={Sarlin, Paul-Edouard and Cadena, Cesar and Siegwart, Roland and Dymczyk, Marcin},
  booktitle={2019 IEEE/CVF Conference on Computer Vision and Pattern Recognition (CVPR)}, 
  title={From Coarse to Fine: Robust Hierarchical Localization at Large Scale}, 
  year={2019},
  pages={12708-12717},
  doi={10.1109/CVPR.2019.01300},
}

@article{lowe2004DistinctiveImageFeatures,
  title        = {Distinctive {{Image Features}} from {{Scale-Invariant Keypoints}}},
  author       = {Lowe, David G.},
  year         = {2004},
  journal = {International Journal of Computer Vision},
  volume       = {60},
  number       = {2},
  pages        = {91--110},
}

@article{zhao2022ALIKEAccurateLightweight,
  title        = {{{ALIKE}}: {{Accurate}} and {{Lightweight Keypoint Detection}} and {{Descriptor Extraction}}},
  author       = {Zhao, Xiaoming and Wu, Xingming and Miao, Jinyu and Chen, Weihai and Chen, Peter C. Y. and Li, Zhengguo},
  year         = {2022},
  journal = {IEEE Transactions on Multimedia},
  doi          = {10.1109/TMM.2022.3155927},
}

@article{zhao2023ALIKEDLighterKeypoint,
  title        = {{{ALIKED}}: {{A Lighter Keypoint}} and {{Descriptor Extraction Network}} via {{Deformable Transformation}}},
  author       = {Zhao, Xiaoming and Wu, Xingming and Chen, Weihai and Chen, Peter C. Y. and Xu, Qingsong and Li, Zhengguo},
  year         = {2023},
  journal = {IEEE Transactions on Instrumentation and Measurement},
  shortjournal = {IEEE Trans. Instrum. Meas.},
  volume       = {72},
  pages        = {1--16},
  doi          = {10.1109/TIM.2023.3271000},

}

@inproceedings{detone2018SuperPointSelfSupervisedInterest,
  title      = {{{SuperPoint}}: {{Self-Supervised Interest Point Detection}} and {{Description}}},
  booktitle  = {Conference on {{Computer Vision}} and {{Pattern Recognition Workshops}} ({{CVPRW}})},
  author     = {Detone, Daniel and Tomasz, Malisiewicz and Rabinovich, Andrew},
  year       = {2018},
  location   = {Salt Lake City, USA},
}

@inproceedings{dusmanu2019D2NetTrainableCNN,
  title      = {D2-{{Net}}: {{A Trainable CNN}} for {{Joint Description}} and {{Detection}} of {{Local Features}}},
  booktitle  = {{{IEEE}}/{{CVF Conference}} on {{Computer Vision}} and {{Pattern Recognition}} ({{CVPR}})},
  author     = {Dusmanu, Mihai and Rocco, Ignacio and Pajdla, Tomas and Pollefeys, Marc and Sivic, Josef and Torii, Akihiko and Sattler, Torsten},
  year       = {2019},
  pages      = {8084--8093},
  location   = {Long Beach, CA, USA},
  doi        = {10.1109/CVPR.2019.00828},
}

@INPROCEEDINGS{edstedt2024roma,
  author={Edstedt, Johan and Sun, Qiyu and Bökman, Georg and Wadenbäck, Mårten and Felsberg, Michael},
  booktitle={2024 IEEE/CVF Conference on Computer Vision and Pattern Recognition (CVPR)}, 
  title={RoMa: Robust Dense Feature Matching}, 
  year={2024},
  pages={19790-19800},
  doi={10.1109/CVPR52733.2024.01871},
}

@article{cai2023HTMatchefficienthybrid,
  title        = {{{HTMatch}}: {{An}} Efficient Hybrid Transformer Based Graph Neural Network for Local Feature Matching},
  author       = {Cai, Youcheng and Li, Lin and Wang, Dong and Li, Xinjie and Liu, Xiaoping},
  year         = {2023},
  journal = {Signal Processing},
  shortjournal = {Signal Processing},
  volume       = {204},
  doi          = {10.1016/j.sigpro.2022.108859},
}

@inproceedings{lindenberger2023LightGlueLocalFeature,
  title = {{{LightGlue}}: {{Local Feature Matching}} at {{Light Speed}}},
  booktitle = {2023 {{IEEE}}/{{CVF International Conference}} on {{Computer Vision}} ({{ICCV}})},
  author = {Lindenberger, Philipp and Sarlin, Paul-Edouard and Pollefeys, Marc},
  year = {2023},
  pages = {17581--17592},
  publisher = {IEEE},
  location = {Paris, France},
  doi = {10.1109/ICCV51070.2023.01616},
}

@inproceedings{sarlin2020SuperGlueLearningFeature,
  title = {{{SuperGlue}}: {{Learning Feature Matching With Graph Neural Networks}}},
  booktitle = {2020 {{IEEE}}/{{CVF Conference}} on {{Computer Vision}} and {{Pattern Recognition}} ({{CVPR}})},
  author = {Sarlin, Paul-Edouard and DeTone, Daniel and Malisiewicz, Tomasz and Rabinovich, Andrew},
  year = {2020},
  pages = {4937--4946},
  publisher = {IEEE},
  location = {Seattle, WA, USA},
  doi = {10.1109/CVPR42600.2020.00499},
}

@inproceedings{sun2021LoFTRDetectorFreeLocal,
  title = {{{LoFTR}}: {{Detector-Free Local Feature Matching}} with {{Transformers}}},
  booktitle = {2021 {{IEEE}}/{{CVF Conference}} on {{Computer Vision}} and {{Pattern Recognition}} ({{CVPR}})},
  author = {Sun, Jiaming and Shen, Zehong and Wang, Yuang and Bao, Hujun and Zhou, Xiaowei},
  year = {2021},
  pages = {8918--8927},
  publisher = {IEEE},
  location = {Nashville, TN, USA},
  doi = {10.1109/CVPR46437.2021.00881},
}

@incollection{chen2022ASpanFormerDetectorFreeImage,
  title = {{{ASpanFormer}}: {{Detector-Free Image Matching}} with {{Adaptive Span Transformer}}},
  booktitle = {Computer {{Vision}} -- {{ECCV}} 2022},
  author = {Chen, Hongkai and Luo, Zixin and Zhou, Lei and Tian, Yurun and Zhen, Mingmin and Fang, Tian and McKinnon, David and Tsin, Yanghai and Quan, Long},
  editor = {Avidan, Shai and Brostow, Gabriel and Ciss\'e, Moustapha and Farinella, Giovanni Maria and Hassner, Tal},
  year= {2022},
  volume = {13692},
  pages = {20--36},
  publisher = {Springer Nature Switzerland},
  location = {Cham},
  doi = {10.1007/978-3-031-19824-3_2},
}

@InProceedings{panek2022Meshloc,
author="Panek, Vojtech and Kukelova, Zuzana and Sattler, Torsten",
editor="Avidan, Shai and Brostow, Gabriel and Ciss{\'e}, Moustapha and Farinella, Giovanni Maria and Hassner, Tal",
title="MeshLoc: Mesh-Based Visual Localization",
booktitle="Computer Vision -- ECCV 2022",
year="2022",
publisher="Springer Nature Switzerland",
address="Cham",
pages="589--609",
}

@INPROCEEDINGS{botashev2024GSLoc,
  author={Botashev, Kazii and Pyatov, Vladislav and Ferrer, Gonzalo and Lefkimmiatis, Stamatios},
  booktitle={2024 IEEE/RSJ International Conference on Intelligent Robots and Systems (IROS)}, 
  title={GSLoc: Visual Localization with 3D Gaussian Splatting}, 
  year={2024},
  pages={5664-5671},
  doi={10.1109/IROS58592.2024.10801919},
}

@InProceedings{zhou2025Nerfectmatch,
author="Zhou, Qunjie and Maximov, Maxim and Litany, Or and Leal-Taix{\'e}, Laura",
editor="Leonardis, Ale{\v{s}} and Ricci, Elisa and Roth, Stefan and Russakovsky, Olga and Sattler, Torsten and Varol, G{\"u}l",
title="The NeRFect Match: Exploring NeRF Features for Visual Localization",
booktitle="Computer Vision -- ECCV 2024",
year="2025",
publisher="Springer Nature Switzerland",
address="Cham",
pages="108--127",
}

@article{zhai2024splatloc,
      author={Zhai, Hongjia and Zhang, Xiyu and Zhao Boming and Li, Hai and He, Yijia and Cui, Zhaopeng and Bao, Hujun and Zhang, Guofeng},
      journal={arXiv preprint arXiv:2409.14067} , 
      title={SplatLoc: 3D Gaussian Splatting-based Visual Localization for Augmented Reality}, 
      year={2024},
}

@software{agisoftllc2023agisoft,
  title = {Agisoft {{Metashape Professional}}, {{Version}} 2.1.2},
  author = {{Agisoft LLC}},
  year = {2024},
  version = {2.1.2}
}

@misc{bellavia2024IMC24,
    author = {Fabio Bellavia and Jiri Matas and Dmytro Mishkin and Luca Morelli and Fabio Remondino and Weiwei Sun and Amy Tabb and Eduard Trulls and Kwang Moo Yi and Sohier Dane and Ashley Chow},
    title = {Image Matching Challenge 2024 - Hexathlon},
    year = {2024},
    howpublished = {\url{https://kaggle.com/competitions/image-matching-challenge-2024}},
    note = {Kaggle}
}

@article{mur2015orb,
  title={ORB-SLAM: a versatile and accurate monocular SLAM system},
  author={Mur-Artal, Raul and Montiel, Jose Maria Martinez and Tardos, Juan D},
  journal={IEEE transactions on robotics},
  volume={31},
  number={5},
  pages={1147--1163},
  year={2015},
  publisher={IEEE}
}

@inproceedings{engel2014lsd,
  title={LSD-SLAM: Large-scale direct monocular SLAM},
  author={Engel, Jakob and Sch{\"o}ps, Thomas and Cremers, Daniel},
  booktitle={European conference on computer vision},
  pages={834--849},
  year={2014},
  organization={Springer}
}

@inproceedings{newcombe2011dtam,
  title={DTAM: Dense tracking and mapping in real-time},
  author={Newcombe, Richard A and Lovegrove, Steven J and Davison, Andrew J},
  booktitle={2011 international conference on computer vision},
  pages={2320--2327},
  year={2011},
  organization={IEEE}
}

@article{engel2017direct,
  title={Direct sparse odometry},
  author={Engel, Jakob and Koltun, Vladlen and Cremers, Daniel},
  journal={IEEE transactions on pattern analysis and machine intelligence},
  volume={40},
  number={3},
  pages={611--625},
  year={2017},
  publisher={IEEE}
}

@ARTICLE{gao2003pnp,
  author={Xiao-Shan Gao and Xiao-Rong Hou and Jianliang Tang and Hang-Fei Cheng},
  journal={IEEE Transactions on Pattern Analysis and Machine Intelligence}, 
  title={Complete solution classification for the perspective-three-point problem}, 
  year={2003},
  volume={25},
  number={8},
  pages={930-943},
  doi={10.1109/TPAMI.2003.1217599},
}

@article{meyer2020LongTermVL,
  title = {Long-Term visual Localization in Large Scale Urban Environments Exploiting Street Level Imagery},
  author = {Meyer, J. and Rettenmund, D. and Nebiker, S.},
  year = {2020},
  journal = {ISPRS Annals of the Photogrammetry, Remote Sensing and Spatial Information Sciences},
  volume = {5},
  number = {2},
  pages = {57--63},
  doi = {10.5194/isprs-annals-V-2-2020-57-2020},
}

@INPROCEEDINGS{schoenberger2016colmap,
  author={Schönberger, Johannes L. and Frahm, Jan-Michael},
  booktitle={2016 IEEE Conference on Computer Vision and Pattern Recognition (CVPR)}, 
  title={Structure-from-Motion Revisited}, 
  year={2016},
  volume={},
  number={},
  pages={4104-4113},
  doi={10.1109/CVPR.2016.445},
}

@article{pan2024dense,
  title={Dense collaborative mapping with deep visual SLAM method},
  author={Pan, Peiwei and Zhang, Wei and Haala, Norbert},
  journal={The International Archives of the Photogrammetry, Remote Sensing and Spatial Information Sciences},
  volume={48},
  pages={547--554},
  year={2024},
  publisher={Copernicus GmbH}
}