@inproceedings{agarwal2020contextual,
  title={Contextual diversity for active learning},
  author={Agarwal, Sharat and Arora, Himanshu and Anand, Saket and Arora, Chetan},
  booktitle={Computer Vision--ECCV 2020: 16th European Conference, Glasgow, UK, August 23--28, 2020, Proceedings, Part XVI 16},
  pages={137--153},
  year={2020},
  organization={Springer}
}

@article{bayer2024activellm,
  title={ActiveLLM: Large Language Model-based Active Learning for Textual Few-Shot Scenarios},
  author={Bayer, Markus and Reuter, Christian},
  journal={arXiv preprint arXiv:2405.10808},
  year={2024}
}

@inproceedings{beluch2018power,
  title={The power of ensembles for active learning in image classification},
  author={Beluch, William H and Genewein, Tim and N{\"u}rnberger, Andreas and K{\"o}hler, Jan M},
  booktitle={Proceedings of the IEEE conference on computer vision and pattern recognition},
  pages={9368--9377},
  year={2018}
}

@inproceedings{gidiotis2022should,
  title={Should We Trust This Summary? Bayesian Abstractive Summarization to The Rescue},
  author={Gidiotis, Alexios and Tsoumakas, Grigorios},
  booktitle={Findings of the Association for Computational Linguistics: ACL 2022},
  pages={4119--4131},
  year={2022}
}

@article{hasan2018context,
  title={Context-aware query selection for active learning in event recognition},
  author={Hasan, Mahmudul and Paul, Sujoy and Mourikis, Anastasios I and Roy-Chowdhury, Amit K},
  journal={IEEE transactions on pattern analysis and machine intelligence},
  volume={42},
  number={3},
  pages={554--567},
  year={2018},
  publisher={IEEE}
}

@inproceedings{karamcheti2021mind,
  title={Mind Your Outliers! Investigating the Negative Impact of Outliers on Active Learning for Visual Question Answering},
  author={Karamcheti, Siddharth and Krishna, Ranjay and Fei-Fei, Li and Manning, Christopher D},
  booktitle={Proceedings of the 59th Annual Meeting of the Association for Computational Linguistics and the 11th International Joint Conference on Natural Language Processing (Volume 1: Long Papers)},
  pages={7265--7281},
  year={2021}
}

@inproceedings{kholodna2024llms,
  title={Llms in the loop: Leveraging large language model annotations for active learning in low-resource languages},
  author={Kholodna, Nataliia and Julka, Sahib and Khodadadi, Mohammad and Gumus, Muhammed Nurullah and Granitzer, Michael},
  booktitle={Joint European Conference on Machine Learning and Knowledge Discovery in Databases},
  pages={397--412},
  year={2024},
  organization={Springer}
}

@inproceedings{li2024active,
  title={Active Learning for Abstractive Text Summarization via LLM-Determined Curriculum and Certainty Gain Maximization},
  author={Li, Dongyuan and Zhang, Ying and Wang, Zhen and Tan, Shiyin and Kosugi, Satoshi and Okumura, Manabu},
  booktitle={Findings of the Association for Computational Linguistics: EMNLP 2024},
  pages={8959--8971},
  year={2024}
}

@inproceedings{liu2021influence,
  title={Influence selection for active learning},
  author={Liu, Zhuoming and Ding, Hao and Zhong, Huaping and Li, Weijia and Dai, Jifeng and He, Conghui},
  booktitle={Proceedings of the IEEE/CVF international conference on computer vision},
  pages={9274--9283},
  year={2021}
}

@inproceedings{maekawa2022low,
  title={Low-resource interactive active labeling for fine-tuning language models},
  author={Maekawa, Seiji and Zhang, Dan and Kim, Hannah and Rahman, Sajjadur and Hruschka, Estevam},
  booktitle={Findings of the Association for Computational Linguistics: EMNLP 2022},
  pages={3230--3242},
  year={2022}
}

@inproceedings{margatina2023active,
  title={Active Learning Principles for In-Context Learning with Large Language Models},
  author={Margatina, Katerina and Schick, Timo and Aletras, Nikolaos and Dwivedi-Yu, Jane},
  booktitle={Findings of the Association for Computational Linguistics: EMNLP 2023},
  pages={5011--5034},
  year={2023}
}

@inproceedings{padmakumar2021dialog,
  title={Dialog policy learning for joint clarification and active learning queries},
  author={Padmakumar, Aishwarya and Mooney, Raymond J},
  booktitle={Proceedings of the AAAI Conference on Artificial Intelligence},
  volume={35},
  number={15},
  pages={13604--13612},
  year={2021}
}

@inproceedings{rouzegar2024enhancing,
  title={Enhancing Text Classification through LLM-Driven Active Learning and Human Annotation},
  author={Rouzegar, Hamidreza and Makrehchi, Masoud},
  booktitle={Proceedings of The 18th Linguistic Annotation Workshop (LAW-XVIII)},
  pages={98--111},
  year={2024}
}

@article{schroder2021revisiting,
  title={Revisiting uncertainty-based query strategies for active learning with transformers},
  author={Schr{\"o}der, Christopher and Niekler, Andreas and Potthast, Martin},
  journal={arXiv preprint arXiv:2107.05687},
  year={2021}
}

@inproceedings{sinha2019variational,
  title={Variational adversarial active learning},
  author={Sinha, Samarth and Ebrahimi, Sayna and Darrell, Trevor},
  booktitle={Proceedings of the IEEE/CVF international conference on computer vision},
  pages={5972--5981},
  year={2019}
}

@article{tan2024large,
  title={Large language models for data annotation: A survey},
  author={Tan, Zhen and Li, Dawei and Wang, Song and Beigi, Alimohammad and Jiang, Bohan and Bhattacharjee, Amrita and Karami, Mansooreh and Li, Jundong and Cheng, Lu and Liu, Huan},
  journal={arXiv preprint arXiv:2402.13446},
  year={2024}
}

@inproceedings{taneja2024can,
  title={Can Active Label Correction Improve LLM-based Modular AI Systems?},
  author={Taneja, Karan and Goel, Ashok},
  booktitle={Proceedings of the 2024 Conference on Empirical Methods in Natural Language Processing},
  pages={9019--9031},
  year={2024}
}

@inproceedings{tsvigun2022active,
  title={Active Learning for Abstractive Text Summarization},
  author={Tsvigun, Akim and Lysenko, Ivan and Sedashov, Danila and Lazichny, Ivan and Damirov, Eldar and Karlov, Vladimir and Belousov, Artemy and Sanochkin, Leonid and Panov, Maxim and Panchenko, Alexander and others},
  booktitle={Findings of the Association for Computational Linguistics: EMNLP 2022},
  pages={5128--5152},
  year={2022}
}

@inproceedings{xiao2023freeal,
  title={FreeAL: Towards Human-Free Active Learning in the Era of Large Language Models},
  author={Xiao, Ruixuan and Dong, Yiwen and Zhao, Junbo and Wu, Runze and Lin, Minmin and Chen, Gang and Wang, Haobo},
  booktitle={Proceedings of the 2023 Conference on Empirical Methods in Natural Language Processing},
  pages={14520--14535},
  year={2023}
}

@inproceedings{xie2023active,
  title={Active finetuning: Exploiting annotation budget in the pretraining-finetuning paradigm},
  author={Xie, Yichen and Lu, Han and Yan, Junchi and Yang, Xiaokang and Tomizuka, Masayoshi and Zhan, Wei},
  booktitle={Proceedings of the IEEE/CVF Conference on Computer Vision and Pattern Recognition},
  pages={23715--23724},
  year={2023}
}

@article{xu2024activerag,
  title={Activerag: Revealing the treasures of knowledge via active learning},
  author={Xu, Zhipeng and Liu, Zhenghao and Liu, Yibin and Xiong, Chenyan and Yan, Yukun and Wang, Shuo and Yu, Shi and Liu, Zhiyuan and Yu, Ge},
  journal={arXiv preprint arXiv:2402.13547},
  year={2024}
}

@inproceedings{yan2020active,
  title={Active learning with query generation for cost-effective text classification},
  author={Yan, Yi-Fan and Huang, Sheng-Jun and Chen, Shaoyi and Liao, Meng and Xu, Jin},
  booktitle={Proceedings of the AAAI Conference on Artificial Intelligence},
  volume={34},
  number={04},
  pages={6583--6590},
  year={2020}
}

@inproceedings{zhang2023llmaaa,
  title={LLMaAA: Making Large Language Models as Active Annotators},
  author={Zhang, Ruoyu and Li, Yanzeng and Ma, Yongliang and Zhou, Ming and Zou, Lei},
  booktitle={Findings of the Association for Computational Linguistics: EMNLP 2023},
  pages={13088--13103},
  year={2023}
}

