@inproceedings{common:conv-lstm,
  title={Convolutional LSTM network: A machine learning approach for precipitation nowcasting},
  author={Shi, Xingjian and Chen, Zhourong and Wang, Hao and Yeung, Dit-Yan and Wong, Wai-Kin and Woo, Wang-chun},
  booktitle={Advances in neural information processing systems (NeurIPS)},
  volume={28},
  pages={802},
  year={2015}
}

@inproceedings{cp:Dair-v2x,
  author        = "H. Yu and Y. Luo and M. Shu and Y. Huo and Z. Yang and Y. Shi and Z. Guo and H. Li and X. Hu and J. Yuan and Z. Nie",
  title         = "Dair-v2x: A large-scale dataset for vehicle-infrastructure cooperative 3d object detection",
  booktitle     = "Proceedings of the IEEE/CVF Conference on Computer Vision and Pattern Recognition (CVPR)",
  pages         ={21329--21338},
  month         = Jun,
  year          = "2022",
}

@inproceedings{cp:FFNet,
  author        = "Yu, Haibao and Tang, Yingjuan and Xie, Enze and Mao, Jilei and Luo, Ping and Nie, Zaiqing",
  title         = "Flow-based feature fusion for vehicle-infrastructure cooperative 3d object detection",
  booktitle     = "Advances in Neural Information Processing Systems (NeurIPS)",
  pages         = {34493--34503},
  volume        = {36},
  year          = "2023",
}

@inproceedings{cp:OPV2V,
  author        = "Runsheng Xu and Hao Xiang and Xin Xia and Xu Han, Jinlong Li and Jiaqi Ma",
  title         = "Opv2v: An open benchmark dataset and fusion pipeline for perception with vehicle-to-vehicle communication",
  booktitle     = "Proceedings of the International Conference on Robotics and Automation (ICRA)",

  year          = "2022",
  pages         = "2583-2589"

}

@inproceedings{cp:SyncNet,
  title={Latency-aware collaborative perception},
  author={Lei, Zixing and Ren, Shunli and Hu, Yue and Zhang, Wenjun and Chen, Siheng},
  booktitle={Proceedings of the European Conference on Computer Vision (ECCV)},
  pages={316--332},
  organization={Springer},
  year={2022},
}

@inproceedings{cp:coalign,
  title={Robust collaborative 3d object detection in presence of pose errors},
  author={Lu, Yifan and Li, Quanhao and Liu, Baoan and Dianati, Mehrdad and Feng, Chen and Chen, Siheng and Wang, Yanfeng},
  booktitle={Proceedings of the International Conference on Robotics and Automation (ICRA)},
  pages={4812--4818},
  year={2023},
  organization={IEEE}
}

@inproceedings{cp:cobevflow,
  author        = "Wei, Sizhe and Wei, Yuxi and Hu, Yue and Lu, Yifan and Zhong, Yiqi and Chen, Siheng and Zhang, Ya",
  title         = "Asynchrony-robust collaborative perception via bird's eye view flow",
  booktitle     = "Advances in Neural Information Processing Systems (NeurIPS)",
  pages         = {28462--28477},
  volume        = {36},
  year          = "2023",
}

@inproceedings{cp:disconet,
  title={Learning distilled collaboration graph for multi-agent perception},
  author={Li, Yiming and Ren, Shunli and Wu, Pengxiang and Chen, Siheng and Feng, Chen and Zhang, Wenjun},
  booktitle={Advances in Neural Information Processing Systems (NeurIPS)},
  volume={34},
  pages={29541--29552},
  year={2021}
}

@article{cp:mot-cup,
  title={Collaborative multi-object tracking with conformal uncertainty propagation},
  author={Su, Sanbao and Han, Songyang and Li, Yiming and Zhang, Zhili and Feng, Chen and Ding, Caiwen and Miao, Fei},
  journal={IEEE Robotics and Automation Letters},
  year={2024},
  publisher={IEEE}
}

@inproceedings{cp:v2vnet,
  title={V2vnet: Vehicle-to-vehicle communication for joint perception and prediction},
  author={Wang, Tsun-Hsuan and Manivasagam, Sivabalan and Liang, Ming and Yang, Bin and Zeng, Wenyuan and Urtasun, Raquel},
  booktitle={Proceedings of the European Conference on Computer Vision (ECCV)},
  pages={605--621},
  year={2020},
  organization={Springer}
}

@article{cp:v2x-sim,
  title={V2X-Sim: Multi-agent collaborative perception dataset and benchmark for autonomous driving},
  author={Li, Yiming and Ma, Dekun and An, Ziyan and Wang, Zixun and Zhong, Yiqi and Chen, Siheng and Feng, Chen},
  journal={IEEE Robotics and Automation Letters},
  volume={7},
  number={4},
  pages={10914--10921},
  year={2022},
  publisher={IEEE}
}

@inproceedings{cp:v2xvit,
  title         = "V2x-vit: Vehicle-to-everything cooperative perception with vision transformer",
  booktitle     = "Proceedings of the European Conference on Computer Vision (ECCV)",

  year          = "2022",
  author={Xu, Runsheng and Xiang, Hao and Tu, Zhengzhong and Xia, Xin and Yang, Ming-Hsuan and Ma, Jiaqi},
  pages={107--124},
  organization={Springer}
}

@inproceedings{unc:UMoE,
  title={Uncertainty-Encoded Multi-Modal Fusion for Robust Object Detection in Autonomous Driving},
  author={Lou, Yang and Song, Qun and Xu, Qian and Tan, Rui and Wang, Jianping},
  booktitle={European Conference on Artificial Intelligence (ECAI)},
  pages={1593--1600},
  year={2023},
  publisher={IOS Press}
}

@inproceedings{unc:deepensemble,
  title={Simple and scalable predictive uncertainty estimation using deep ensembles},
  author={Lakshminarayanan, Balaji and Pritzel, Alexander and Blundell, Charles},
  booktitle={Advances in neural information processing systems (NeurIPS)},
  volume={30},
  pages={6405--6416},
  year={2017}
}

@article{unc:dm,
  title={Uncertainty in deep learning},
  author={Gal, Yarin and others},
  year={2016},
  journal={phd thesis, University of Cambridge}
}

@inproceedings{unc:doubleM,
  title={Uncertainty quantification of collaborative detection for self-driving},
  author={Su, Sanbao and Li, Yiming and He, Sihong and Han, Songyang and Feng, Chen and Ding, Caiwen and Miao, Fei},
  booktitle={Proceedings of the International Conference on Robotics and Automation (ICRA)},
  pages={5588--5594},
  year={2023},
  organization={IEEE}
}

@inproceedings{unc:mcdropout,
  title={Dropout as a bayesian approximation: Representing model uncertainty in deep learning},
  author={Gal, Yarin and Ghahramani, Zoubin},
  booktitle={international conference on machine learning},
  pages={1050--1059},
  year={2016},
  organization={PMLR}
}

@inproceedings{unc:multi-modal_DiFeng,
  title={Leveraging uncertainties for deep multi-modal object detection in autonomous driving},
  author={Feng, Di and Cao, Yifan and Rosenbaum, Lars and Timm, Fabian and Dietmayer, Klaus},
  booktitle={2020 IEEE Intelligent Vehicles Symposium (IV)},
  pages={877--884},
  year={2020},
  organization={IEEE}
}

