@Article{Mocanu2022,
AUTHOR = {Mocanu I.G. and Yang Z. and Belle V.},
TITLE = {Breaking CAPTCHA with Capsule Networks},
JOURNAL = {Neural Networks},
VOLUME = {154},
YEAR = {2022}
}

@inproceedings{Plesner2024,
   title={Breaking reCAPTCHAv2},
   volume={14},
   url={http://dx.doi.org/10.1109/COMPSAC61105.2024.00142},
   DOI={10.1109/compsac61105.2024.00142},
   booktitle={2024 IEEE 48th Annual Computers, Software, and Applications Conference (COMPSAC)},
   publisher={IEEE},
   author={Plesner, Andreas and Vontobel, Tobias and Wattenhofer, Roger},
   year={2024},
   month=jul, pages={1047â€“1056}
}

@inproceedings{Shu_Xu,
   title={End-to-End Captcha Recognition Using Deep CNN-RNN Network},
   booktitle={2019 IEEE 3rd Advanced Information Management, Communicates, Electronic and Automation Control Conference (IMCEC)},
   publisher={IEEE},
   author={Shu Y. and Xu Y.},
   year={2019}
}

@inproceedings{Walia2023,
  author={Walia, Jaskaran Singh and Odugoudar, Aryan},
  booktitle={2023 IEEE International Conference on ICT in Business Industry \& Government (ICTBIG)}, 
  title={Vulnerability Analysis for Captchas Using Deep Learning}, 
  year={2023},
  pages={1-7},
  doi={10.1109/ICTBIG59752.2023.10456218}
}

@article{Zahra2020,
  author       = {Zahra Noury and
                  Mahdi Rezaei},
  title        = {Deep-CAPTCHA: a deep learning based {CAPTCHA} solver for vulnerability
                  assessment},
  journal      = {CoRR},
  volume       = {abs/2006.08296},
  year         = {2020},
  url          = {https://arxiv.org/abs/2006.08296},
  eprinttype    = {arXiv},
  eprint       = {2006.08296},
  timestamp    = {Sun, 06 Sep 2020 22:24:20 +0200},
  biburl       = {https://dblp.org/rec/journals/corr/abs-2006-08296.bib},
  bibsource    = {dblp computer science bibliography, https://dblp.org}
}

@inproceedings{Zhang2020,
   title={A Generative Adversarial Learning Framework for Breaking Text-Based CAPTCHA in the Dark Web},
   booktitle={2020 IEEE International Conference on Intelligence and Security Informatics (ISI)},
   publisher={IEEE},
   author={Zhang N. and Ebrahimi M. and Li W. and Chen H.},
   year={2020}
}

