@InProceedings{vonAhn2003,
author="von Ahn, Luis
and Blum, Manuel
and Hopper, Nicholas J.
and Langford, John",
editor="Biham, Eli",
title="CAPTCHA: Using Hard AI Problems for Security",
booktitle="Advances in Cryptology --- EUROCRYPT 2003",
year="2003",
publisher="Springer Berlin Heidelberg",
address="Berlin, Heidelberg",
pages="294--311",
isbn="978-3-540-39200-2"
}

@article{Kumar2004Aiips,
  title={Using Machine Learning to Break Visual
Human Interaction Proofs (HIPs)},
  author={Kumar Chellapilla and Patrice Y. Simard},
  journal={ Advances in neural information processing systems},
  year={2004},
}

@article{Jing2019,
title = {CAPTCHA recognition based on deep convolutional neural network},
journal = {Mathematical Biosciences and Engineering},
volume = {16},
number = {5},
pages = {5851-5861},
year = {2019},
issn = {1551-0018},
doi = {10.3934/mbe.2019292},
url = {https://www.aimspress.com/article/doi/10.3934/mbe.2019292},
author = {Jing Wang and  Jiaohua Qin and  Xuyu Xiang and  Yun Tan and  Nan Pan},
keywords = {CAPTCHA recognition, deep learning, convolutional neural network, DenseNet, ResNet},
}

@inproceedings{Bursztein2014,
  title={The End is Nigh: Generic Solving of Text-based CAPTCHAs },
  author={Elie Bursztein and Jonathan Aigrain and Angelika Moscicki and John C. Mitchell},
  journal={8th USENIX Workshop on Offensive
Technologies (WOOT 14)},
  year={2014},
  url={https://api.semanticscholar.org/CorpusID:255684275}
}

@article{Algwil2023, 
title={A SURVEY ON CAPTCHA: ORIGIN, APPLICATIONS AND CLASSIFICATION}, 
volume={36}, url={https://journals.asmarya.edu.ly/jbs/index.php/jbs/article/view/208}, 
number={1}, 
journal={Journal of Basic Sciences}, 
author={Algwil, Abdalnaser Muhammad}, 
year={2023}, month={Jun.}, 
pages={1–37} }

@article{JRed2015,
  author       = {Joseph Redmon and
                  Santosh Kumar Divvala and
                  Ross B. Girshick and
                  Ali Farhadi},
  title        = {You Only Look Once: Unified, Real-Time Object Detection},
  journal      = {CoRR},
  volume       = {abs/1506.02640},
  year         = {2015},
  url          ={http://arxiv.org/abs/1506.02640},
  eprinttype    = {arXiv},
  eprint       = {1506.02640},
  timestamp    = {Mon, 13 Aug 2018 16:48:08 +0200},
  biburl       = {https://dblp.org/rec/journals/corr/RedmonDGF15.bib},
  bibsource    = {dblp computer science bibliography, https://dblp.org}
}

@article{Zahra2020,
  author       = {Zahra Noury and
                  Mahdi Rezaei},
  title        = {Deep-CAPTCHA: a deep learning based {CAPTCHA} solver for vulnerability
                  assessment},
  journal      = {CoRR},
  volume       = {abs/2006.08296},
  year         = {2020},
  url          = {https://arxiv.org/abs/2006.08296},
  eprinttype    = {arXiv},
  eprint       = {2006.08296},
  timestamp    = {Sun, 06 Sep 2020 22:24:20 +0200},
  biburl       = {https://dblp.org/rec/journals/corr/abs-2006-08296.bib},
  bibsource    = {dblp computer science bibliography, https://dblp.org}
}
@inproceedings{Walia2023,
  author={Walia, Jaskaran Singh and Odugoudar, Aryan},
  booktitle={2023 IEEE International Conference on ICT in Business Industry \& Government (ICTBIG)}, 
  title={Vulnerability Analysis for Captchas Using Deep Learning}, 
  year={2023},
  pages={1-7},
  doi={10.1109/ICTBIG59752.2023.10456218}
}

@article{Jiang2022,
author = {Jiang, Peiyuan and Ergu, Daji and Liu, Fangyao and Ying, Cai and Ma, Bo},
year = {2022},
month = {02},
pages = {1066-1073},
title = {A Review of Yolo Algorithm Developments},
volume = {199},
journal = {Procedia Computer Science},
doi = {10.1016/j.procs.2022.01.135}
}

@inproceedings{Wang2020,
author = {Wang, Dylan and Moh, Melody and Moh, Teng-Sheng},
year = {2020},
month = {01},
pages = {1-5},
title = {Using Deep Learning to Solve Google reCAPTCHA v2’s Image Challenges},
doi = {10.1109/IMCOM48794.2020.9001774}
}

@inproceedings{Singh2014,
  title={Survey of Different Types of CAPTCHA},
  author={Ved Prakash Singh and P. Pal},
  year={2014},
  url={{https://api.semanticscholar.org/CorpusID:18390330}
}}

@inbook{yolov8eval,
author = {Sohan, Mupparaju and Ram, Thotakura and Ch, Venkata},
year = {2024},
month = {01},
pages = {529-545},
title = {A Review on YOLOv8 and Its Advancements},
isbn = {978-981-99-7999-8},
doi = {10.1007/978-981-99-7962-2_39}
}

@Article{anchorvsnon,
AUTHOR = {Zamboni, Pedro and Junior, José Marcato and Silva, Jonathan de Andrade and Miyoshi, Gabriela Takahashi and Matsubara, Edson Takashi and Nogueira, Keiller and Gonçalves, Wesley Nunes},
TITLE = {Benchmarking Anchor-Based and Anchor-Free State-of-the-Art Deep Learning Methods for Individual Tree Detection in RGB High-Resolution Images},
JOURNAL = {Remote Sensing},
VOLUME = {13},
YEAR = {2021},
NUMBER = {13},
ARTICLE-NUMBER = {2482},
URL = {https://www.mdpi.com/2072-4292/13/13/2482},
ISSN = {2072-4292},
DOI = {10.3390/rs13132482}
}

@inproceedings{Plesner2024,
   title={Breaking reCAPTCHAv2},
   volume={14},
   url={http://dx.doi.org/10.1109/COMPSAC61105.2024.00142},
   DOI={10.1109/compsac61105.2024.00142},
   booktitle={2024 IEEE 48th Annual Computers, Software, and Applications Conference (COMPSAC)},
   publisher={IEEE},
   author={Plesner, Andreas and Vontobel, Tobias and Wattenhofer, Roger},
   year={2024},
   month=jul, pages={1047–1056}
}

@misc{Pcap,
  title = {Puzzle Captcha dataset},
  howpublished ={https://www.kaggle.com/datasets/riybot/puzzle-captcha-dataset},
  note = {Accessed: 2024-09-18}
}

@misc{DarkTcap,
  title = {Captcha Collected from darknet websites},
  howpublished = {https://www.kaggle.com/datasets/njznjz/captcha-collected-from-darknet-websites},
  note = {Accessed: 2024-09-18}
}

@misc{Creg,
  title = {Captcha Recognition 2.0},
  howpublished = {https://universe.roboflow.com/samip-timalsena/captcha-recognition-2.0},
  note = {Accessed: 2024-09-18}
}

@misc{Rob2,
    title = {Recaptcha seg 2},
     url = {https://universe.roboflow.com/joao-escribano/recaptcha-seg2},
    note = {Acessed:2024-09-18}
}

@misc{Rob3,
    title = {Slide captcha},
   url ={https://universe.roboflow.com/jarvis-umwee/slide\_captcha-0kux4},
    note = {Acessed:2024-09-18}
}

@misc{WebRank,
  title = {Top 10 million Websites},
  howpublished ={https://www.domcop.com/top-10-million-websites},
  note = {Accessed: 2024-09-18}
}

@misc{CloudCaptcha,
    title = {Cloudflare CAPTCHA},
    url = {https://www.cloudflare.com/products/turnstile/},
    note = {Acessd: 2024-09-18}
}

@misc{Hcaptcha,
    title = {hCaptcha},
    url={https://accounts.hcaptcha.com/demo},
    note = {Acessed:2024-09-18}
}
@misc{WikiCaptcha,
    title = {Wikipedia CAPTCHA},
   url = {https://en.wikipedia.org/w/index.php?title=Special:CreateAccount&returnto=Main+Page},
    note = {Acessed:2024-09-18}
}
@misc{PuzzleAmazon,
    TITLE = {Amazon CAPTCHA},
    url = {https://docs.aws.amazon.com/waf/latest/developerguide/waf-captcha-puzzle.html} ,
    note = {Acessed:2024-09-18}
}
@misc{CaptchaKaggle,
    title = {Captcha images},
    url = {https://www.kaggle.com/datasets/aadhavvignesh/captcha-images},
    note = {Accesed:2024-09-18}
}
@misc{CaptchaKaggle2,
    title = {Captcha images dataset},
     url ={https://www.kaggle.com/datasets/amroelgar7ay/captcha-images-dataset},
    note = {Accesed:2024-09-18}
}

@misc{CaptchaKaggle3,
    title = {Captcha dataset},
     url ={https://www.kaggle.com/datasets/parsasam/captcha-dataset},
    note = {Accesed:2024-09-18}
}

@misc{dataset,
author = {Wilhelmy, Rodrigo and Rosas, Horacio},
year = {2013},
month = {07},
pages = {},
title = {captcha dataset}
}

@misc{torProxy,
    title = {dperson/torproxy},
    url = {https://hub.docker.com/r/dperson/torproxy/},
    note = {Accesed:2024-09-18}
}
}

@misc{CeasefireWeb,
    title = {Ceasefire project page},
    url = {https://ceasefire-project.eu/},
    note = {Accesed:2024-09-18}
}

@misc{Yolov5,
    title = {YOLOv5 by Ultralytics},
    author = {Glen Jocher},
    url = {"https://github.com/ultralytics/yolov5 and https://docs.ultralytics.com/models/yolov5/}
}

@misc{UltralyticsYOLO,
    title = {Ultralitics YOLO},
    author = {Glen Jocher and Ayush Chauraisa and Qiu Jing},
    url = {'https://ultralytics.com' and 'https://github.com/ultralytics/ultralytics'}
}

@misc{wang2024yolov10realtimeendtoendobject,
      title={YOLOv10: Real-Time End-to-End Object Detection}, 
      author={Ao Wang and Hui Chen and Lihao Liu and Kai Chen and Zijia Lin and Jungong Han and Guiguang Ding},
      year={2024},
      eprint={2405.14458},
      archivePrefix={arXiv},
      primaryClass={cs.CV},
      url={https://arxiv.org/abs/2405.14458}, 
}

@misc{sapkota2024comprehensiveperformanceevaluationyolov10,
      title={Comprehensive Performance Evaluation of YOLOv10, YOLOv9 and YOLOv8 on Detecting and Counting Fruitlet in Complex Orchard Environments}, 
      author={Ranjan Sapkota and Zhichao Meng and Martin Churuvija and Xiaoqiang Du and Zenghong Ma and Manoj Karkee},
      year={2024},
      eprint={2407.12040},
      archivePrefix={arXiv},
      primaryClass={cs.CV},
      url={https://arxiv.org/abs/2407.12040}, 
}

@misc{Weibo,
    title = {Weibo webpage},
    url ={https://m.weibo.cn/},
    note = {Acessed:2024-09-18}
}

@misc{Shopee,
    title = {Shopee Philippines},
    url ={https://shopee.ph/},
    note = {Acessed:2024-09-18}
}

@misc{Selenium,
    title = {Selenium web driver},
    url ={https://github.com/SeleniumHQ/selenium/},
    note = {Acessed:2024-09-18}
}

@misc{Webpagedataset,
    title = {Webpage Element Detection - COCO JSON},
    url ={https://www.kaggle.com/datasets/desolationofsmaug/webpage-element-detection},
    note = {Acessed:2024-09-18}
}

@misc{Webpagedataset2,
    title = {Webpage elements annotated data},
    url ={https://www.kaggle.com/datasets/nilanjandebnath/webpage-elements-annotated-data},
    note = {Acessed:2024-09-18}
}

@misc{PyCap,
    title = {PyCaptcha},
    url ={https://github.com/DrMint/PyCaptcha},
    note = {Acessed:2024-09-18}
}

@inproceedings{Shu_Xu,
   title={End-to-End Captcha Recognition Using Deep CNN-RNN Network},
   booktitle={2019 IEEE 3rd Advanced Information Management, Communicates, Electronic and Automation Control Conference (IMCEC)},
   publisher={IEEE},
   author={Shu Y. and Xu Y.},
   year={2019}
}

@inproceedings{Zhang2020,
   title={A Generative Adversarial Learning Framework for Breaking Text-Based CAPTCHA in the Dark Web},
   booktitle={2020 IEEE International Conference on Intelligence and Security Informatics (ISI)},
   publisher={IEEE},
   author={Zhang N. and Ebrahimi M. and Li W. and Chen H.},
   year={2020}
}

@Article{Mocanu2022,
AUTHOR = {Mocanu I.G. and Yang Z. and Belle V.},
TITLE = {Breaking CAPTCHA with Capsule Networks},
JOURNAL = {Neural Networks},
VOLUME = {154},
YEAR = {2022}
}
