@article{albergo2022building,
  title={Building normalizing flows with stochastic interpolants},
  author={Albergo, Michael S and Vanden-Eijnden, Eric},
  journal={arXiv preprint arXiv:2209.15571},
  year={2022}
}

@article{bengio2013generalized,
  title={Generalized denoising auto-encoders as generative models},
  author={Bengio, Yoshua and Yao, Li and Alain, Guillaume and Vincent, Pascal},
  journal={Advances in neural information processing systems},
  volume={26},
  year={2013}
}

@article{bose2023se,
  title={Se (3)-stochastic flow matching for protein backbone generation},
  author={Bose, Avishek Joey and Akhound-Sadegh, Tara and Huguet, Guillaume and Fatras, Kilian and Rector-Brooks, Jarrid and Liu, Cheng-Hao and Nica, Andrei Cristian and Korablyov, Maksym and Bronstein, Michael and Tong, Alexander},
  journal={arXiv preprint arXiv:2310.02391},
  year={2023}
}

@article{chen2018neural,
  title={Neural ordinary differential equations},
  author={Chen, Ricky TQ and Rubanova, Yulia and Bettencourt, Jesse and Duvenaud, David K},
  journal={Advances in neural information processing systems},
  volume={31},
  year={2018}
}

@article{esser2403scaling,
  title={Scaling rectified flow transformers for high-resolution image synthesis, 2024},
  author={Esser, Patrick and Kulal, Sumith and Blattmann, Andreas and Entezari, Rahim and M{\"u}ller, Jonas and Saini, Harry and Levi, Yam and Lorenz, Dominik and Sauer, Axel and Boesel, Frederic and others},
  journal={URL https://arxiv. org/abs/2403.03206},
  volume={2}
}

@inproceedings{he2017neural,
  title={Neural collaborative filtering},
  author={He, Xiangnan and Liao, Lizi and Zhang, Hanwang and Nie, Liqiang and Hu, Xia and Chua, Tat-Seng},
  booktitle={Proceedings of the 26th international conference on world wide web},
  pages={173--182},
  year={2017}
}

@inproceedings{he2020lightgcn,
  title={Lightgcn: Simplifying and powering graph convolution network for recommendation},
  author={He, Xiangnan and Deng, Kuan and Wang, Xiang and Li, Yan and Zhang, Yongdong and Wang, Meng},
  booktitle={Proceedings of the 43rd International ACM SIGIR conference on research and development in Information Retrieval},
  pages={639--648},
  year={2020}
}

@article{ho2020denoising,
  title={Denoising diffusion probabilistic models},
  author={Ho, Jonathan and Jain, Ajay and Abbeel, Pieter},
  journal={Advances in neural information processing systems},
  volume={33},
  pages={6840--6851},
  year={2020}
}

@inproceedings{hou2024collaborative,
  title={Collaborative filtering based on diffusion models: Unveiling the potential of high-order connectivity},
  author={Hou, Yu and Park, Jin-Duk and Shin, Won-Yong},
  booktitle={Proceedings of the 47th International ACM SIGIR Conference on Research and Development in Information Retrieval},
  pages={1360--1369},
  year={2024}
}

@article{jing2022torsional,
  title={Torsional diffusion for molecular conformer generation},
  author={Jing, Bowen and Corso, Gabriele and Chang, Jeffrey and Barzilay, Regina and Jaakkola, Tommi},
  journal={Advances in Neural Information Processing Systems},
  volume={35},
  pages={24240--24253},
  year={2022}
}

@article{kingma2013auto,
  title={Auto-encoding variational bayes},
  author={Kingma, Diederik P},
  journal={arXiv preprint arXiv:1312.6114},
  year={2013}
}

@article{li2023diffurec,
  title={Diffurec: A diffusion model for sequential recommendation},
  author={Li, Zihao and Sun, Aixin and Li, Chenliang},
  journal={ACM Transactions on Information Systems},
  volume={42},
  number={3},
  pages={1--28},
  year={2023},
  publisher={ACM New York, NY}
}

@inproceedings{liang2018variational,
  title={Variational autoencoders for collaborative filtering},
  author={Liang, Dawen and Krishnan, Rahul G and Hoffman, Matthew D and Jebara, Tony},
  booktitle={Proceedings of the 2018 world wide web conference},
  pages={689--698},
  year={2018}
}

@inproceedings{lin2022improving,
  title={Improving graph collaborative filtering with neighborhood-enriched contrastive learning},
  author={Lin, Zihan and Tian, Changxin and Hou, Yupeng and Zhao, Wayne Xin},
  booktitle={Proceedings of the ACM web conference 2022},
  pages={2320--2329},
  year={2022}
}

@article{lin2024survey,
  title={A Survey on Diffusion Models for Recommender Systems},
  author={Lin, Jianghao and Liu, Jiaqi and Zhu, Jiachen and Xi, Yunjia and Liu, Chengkai and Zhang, Yangtian and Yu, Yong and Zhang, Weinan},
  journal={arXiv preprint arXiv:2409.05033},
  year={2024}
}

@article{lipman2022flow,
  title={Flow matching for generative modeling},
  author={Lipman, Yaron and Chen, Ricky TQ and Ben-Hamu, Heli and Nickel, Maximilian and Le, Matt},
  journal={arXiv preprint arXiv:2210.02747},
  year={2022}
}

@article{liu2022flow,
  title={Flow straight and fast: Learning to generate and transfer data with rectified flow},
  author={Liu, Xingchao and Gong, Chengyue and Liu, Qiang},
  journal={arXiv preprint arXiv:2209.03003},
  year={2022}
}

@article{liu2024twincl,
  title={TwinCL: A Twin Graph Contrastive Learning Model for Collaborative Filtering},
  author={Liu, Chengkai and Wang, Jianling and Caverlee, James},
  journal={arXiv preprint arXiv:2409.19169},
  year={2024}
}

@article{ma2019learning,
  title={Learning disentangled representations for recommendation},
  author={Ma, Jianxin and Zhou, Chang and Cui, Peng and Yang, Hongxia and Zhu, Wenwu},
  journal={Advances in neural information processing systems},
  volume={32},
  year={2019}
}

@article{polyak2024movie,
  title={Movie gen: A cast of media foundation models},
  author={Polyak, Adam and Zohar, Amit and Brown, Andrew and Tjandra, Andros and Sinha, Animesh and Lee, Ann and Vyas, Apoorv and Shi, Bowen and Ma, Chih-Yao and Chuang, Ching-Yao and others},
  journal={arXiv preprint arXiv:2410.13720},
  year={2024}
}

@article{rendle2012bpr,
  title={BPR: Bayesian personalized ranking from implicit feedback},
  author={Rendle, Steffen and Freudenthaler, Christoph and Gantner, Zeno and Schmidt-Thieme, Lars},
  journal={arXiv preprint arXiv:1205.2618},
  year={2012}
}

@inproceedings{rombach2022high,
  title={High-resolution image synthesis with latent diffusion models},
  author={Rombach, Robin and Blattmann, Andreas and Lorenz, Dominik and Esser, Patrick and Ommer, Bj{\"o}rn},
  booktitle={Proceedings of the IEEE/CVF conference on computer vision and pattern recognition},
  pages={10684--10695},
  year={2022}
}

@inproceedings{shenbin2020recvae,
  title={Recvae: A new variational autoencoder for top-n recommendations with implicit feedback},
  author={Shenbin, Ilya and Alekseev, Anton and Tutubalina, Elena and Malykh, Valentin and Nikolenko, Sergey I},
  booktitle={Proceedings of the 13th international conference on web search and data mining},
  pages={528--536},
  year={2020}
}

@inproceedings{sohl2015deep,
  title={Deep unsupervised learning using nonequilibrium thermodynamics},
  author={Sohl-Dickstein, Jascha and Weiss, Eric and Maheswaranathan, Niru and Ganguli, Surya},
  booktitle={International conference on machine learning},
  pages={2256--2265},
  year={2015},
  organization={PMLR}
}

@article{song2019generative,
  title={Generative modeling by estimating gradients of the data distribution},
  author={Song, Yang and Ermon, Stefano},
  journal={Advances in neural information processing systems},
  volume={32},
  year={2019}
}

@article{song2020score,
  title={Score-based generative modeling through stochastic differential equations},
  author={Song, Yang and Sohl-Dickstein, Jascha and Kingma, Diederik P and Kumar, Abhishek and Ermon, Stefano and Poole, Ben},
  journal={arXiv preprint arXiv:2011.13456},
  year={2020}
}

@article{tong2023improving,
  title={Improving and generalizing flow-based generative models with minibatch optimal transport},
  author={Tong, Alexander and Fatras, Kilian and Malkin, Nikolay and Huguet, Guillaume and Zhang, Yanlei and Rector-Brooks, Jarrid and Wolf, Guy and Bengio, Yoshua},
  journal={arXiv preprint arXiv:2302.00482},
  year={2023}
}

@inproceedings{vincent2008extracting,
  title={Extracting and composing robust features with denoising autoencoders},
  author={Vincent, Pascal and Larochelle, Hugo and Bengio, Yoshua and Manzagol, Pierre-Antoine},
  booktitle={Proceedings of the 25th international conference on Machine learning},
  pages={1096--1103},
  year={2008}
}

@inproceedings{wang2019neural,
  title={Neural graph collaborative filtering},
  author={Wang, Xiang and He, Xiangnan and Wang, Meng and Feng, Fuli and Chua, Tat-Seng},
  booktitle={Proceedings of the 42nd international ACM SIGIR conference on Research and development in Information Retrieval},
  pages={165--174},
  year={2019}
}

@inproceedings{wang2023diffusion,
  title={Diffusion recommender model},
  author={Wang, Wenjie and Xu, Yiyan and Feng, Fuli and Lin, Xinyu and He, Xiangnan and Chua, Tat-Seng},
  booktitle={Proceedings of the 46th International ACM SIGIR Conference on Research and Development in Information Retrieval},
  pages={832--841},
  year={2023}
}

@inproceedings{wu2016collaborative,
  title={Collaborative denoising auto-encoders for top-n recommender systems},
  author={Wu, Yao and DuBois, Christopher and Zheng, Alice X and Ester, Martin},
  booktitle={Proceedings of the ninth ACM international conference on web search and data mining},
  pages={153--162},
  year={2016}
}

@inproceedings{wujc2021self,
  title={Self-supervised graph learning for recommendation},
  author={Wu, Jiancan and Wang, Xiang and Feng, Fuli and He, Xiangnan and Chen, Liang and Lian, Jianxun and Xie, Xing},
  booktitle={Proceedings of the 44th International ACM SIGIR Conference on Research and Development in Information Retrieval},
  pages={726--735},
  year={2021}
}

@article{xu2022geodiff,
  title={Geodiff: A geometric diffusion model for molecular conformation generation},
  author={Xu, Minkai and Yu, Lantao and Song, Yang and Shi, Chence and Ermon, Stefano and Tang, Jian},
  journal={arXiv preprint arXiv:2203.02923},
  year={2022}
}

@article{yang2024generate,
  title={Generate what you prefer: Reshaping sequential recommendation via guided diffusion},
  author={Yang, Zhengyi and Wu, Jiancan and Wang, Zhicai and Wang, Xiang and Yuan, Yancheng and He, Xiangnan},
  journal={Advances in Neural Information Processing Systems},
  volume={36},
  year={2024}
}

@article{yi2024directional,
  title={A Directional Diffusion Graph Transformer for Recommendation},
  author={Yi, Zixuan and Wang, Xi and Ounis, Iadh},
  journal={arXiv preprint arXiv:2404.03326},
  year={2024}
}

@inproceedings{yu2022graph,
  title={Are graph augmentations necessary? simple graph contrastive learning for recommendation},
  author={Yu, Junliang and Yin, Hongzhi and Xia, Xin and Chen, Tong and Cui, Lizhen and Nguyen, Quoc Viet Hung},
  booktitle={Proceedings of the 45th international ACM SIGIR conference on research and development in information retrieval},
  pages={1294--1303},
  year={2022}
}

@inproceedings{zhao2024denoising,
  title={Denoising diffusion recommender model},
  author={Zhao, Jujia and Wenjie, Wang and Xu, Yiyan and Sun, Teng and Feng, Fuli and Chua, Tat-Seng},
  booktitle={Proceedings of the 47th International ACM SIGIR Conference on Research and Development in Information Retrieval},
  pages={1370--1379},
  year={2024}
}

@inproceedings{zhu2024graph,
  title={Graph signal diffusion model for collaborative filtering},
  author={Zhu, Yunqin and Wang, Chao and Zhang, Qi and Xiong, Hui},
  booktitle={Proceedings of the 47th International ACM SIGIR Conference on Research and Development in Information Retrieval},
  pages={1380--1390},
  year={2024}
}

