@article{liu2022flow,
  title={Flow straight and fast: Learning to generate and transfer data with rectified flow},
  author={Liu, Xingchao and Gong, Chengyue and Liu, Qiang},
  journal={arXiv preprint arXiv:2209.03003},
  year={2022}
}

@article{srivastava2014dropout,
  title={Dropout: a simple way to prevent neural networks from overfitting},
  author={Srivastava, Nitish and Hinton, Geoffrey and Krizhevsky, Alex and Sutskever, Ilya and Salakhutdinov, Ruslan},
  journal={The journal of machine learning research},
  volume={15},
  number={1},
  pages={1929--1958},
  year={2014},
  publisher={JMLR. org}
}

@article{esser2403scaling,
  title={Scaling rectified flow transformers for high-resolution image synthesis, 2024},
  author={Esser, Patrick and Kulal, Sumith and Blattmann, Andreas and Entezari, Rahim and M{\"u}ller, Jonas and Saini, Harry and Levi, Yam and Lorenz, Dominik and Sauer, Axel and Boesel, Frederic and others},
  journal={URL https://arxiv. org/abs/2403.03206},
  volume={2}
}

@inproceedings{he2017neural,
  title={Neural collaborative filtering},
  author={He, Xiangnan and Liao, Lizi and Zhang, Hanwang and Nie, Liqiang and Hu, Xia and Chua, Tat-Seng},
  booktitle={Proceedings of the 26th international conference on world wide web},
  pages={173--182},
  year={2017}
}

@article{yu2023self,
  title={Self-supervised learning for recommender systems: A survey},
  author={Yu, Junliang and Yin, Hongzhi and Xia, Xin and Chen, Tong and Li, Jundong and Huang, Zi},
  journal={IEEE Transactions on Knowledge and Data Engineering},
  volume={36},
  number={1},
  pages={335--355},
  year={2023},
  publisher={IEEE}
}

@article{yi2024directional,
  title={A Directional Diffusion Graph Transformer for Recommendation},
  author={Yi, Zixuan and Wang, Xi and Ounis, Iadh},
  journal={arXiv preprint arXiv:2404.03326},
  year={2024}
}

@inproceedings{wang2021denoising,
  title={Denoising implicit feedback for recommendation},
  author={Wang, Wenjie and Feng, Fuli and He, Xiangnan and Nie, Liqiang and Chua, Tat-Seng},
  booktitle={Proceedings of the 14th ACM international conference on web search and data mining},
  pages={373--381},
  year={2021}
}

@article{kingma2013auto,
  title={Auto-encoding variational bayes},
  author={Kingma, Diederik P},
  journal={arXiv preprint arXiv:1312.6114},
  year={2013}
}

@inproceedings{chen2022generative,
  title={Generative adversarial framework for cold-start item recommendation},
  author={Chen, Hao and Wang, Zefan and Huang, Feiran and Huang, Xiao and Xu, Yue and Lin, Yishi and He, Peng and Li, Zhoujun},
  booktitle={Proceedings of the 45th International ACM SIGIR Conference on Research and Development in Information Retrieval},
  pages={2565--2571},
  year={2022}
}

@article{harper2015movielens,
  title={The movielens datasets: History and context},
  author={Harper, F Maxwell and Konstan, Joseph A},
  journal={Acm transactions on interactive intelligent systems (tiis)},
  volume={5},
  number={4},
  pages={1--19},
  year={2015},
  publisher={Acm New York, NY, USA}
}

@inproceedings{zhao2021recbole,
  title={Recbole: Towards a unified, comprehensive and efficient framework for recommendation algorithms},
  author={Zhao, Wayne Xin and Mu, Shanlei and Hou, Yupeng and Lin, Zihan and Chen, Yushuo and Pan, Xingyu and Li, Kaiyuan and Lu, Yujie and Wang, Hui and Tian, Changxin and others},
  booktitle={proceedings of the 30th acm international conference on information \& knowledge management},
  pages={4653--4664},
  year={2021}
}

@article{koren2021advances,
  title={Advances in collaborative filtering},
  author={Koren, Yehuda and Rendle, Steffen and Bell, Robert},
  journal={Recommender systems handbook},
  pages={91--142},
  year={2021},
  publisher={Springer}
}

@incollection{schafer2007collaborative,
  title={Collaborative filtering recommender systems},
  author={Schafer, J Ben and Frankowski, Dan and Herlocker, Jon and Sen, Shilad},
  booktitle={The adaptive web: methods and strategies of web personalization},
  pages={291--324},
  year={2007},
  publisher={Springer}
}

@inproceedings{ying2018graph,
  title={Graph convolutional neural networks for web-scale recommender systems},
  author={Ying, Rex and He, Ruining and Chen, Kaifeng and Eksombatchai, Pong and Hamilton, William L and Leskovec, Jure},
  booktitle={Proceedings of the 24th ACM SIGKDD international conference on knowledge discovery \& data mining},
  pages={974--983},
  year={2018}
}

@inproceedings{yao2021self,
  title={Self-supervised learning for large-scale item recommendations},
  author={Yao, Tiansheng and Yi, Xinyang and Cheng, Derek Zhiyuan and Yu, Felix and Chen, Ting and Menon, Aditya and Hong, Lichan and Chi, Ed H and Tjoa, Steve and Kang, Jieqi and others},
  booktitle={Proceedings of the 30th ACM international conference on information \& knowledge management},
  pages={4321--4330},
  year={2021}
}

@article{lipman2022flow,
  title={Flow matching for generative modeling},
  author={Lipman, Yaron and Chen, Ricky TQ and Ben-Hamu, Heli and Nickel, Maximilian and Le, Matt},
  journal={arXiv preprint arXiv:2210.02747},
  year={2022}
}

@inproceedings{sohl2015deep,
  title={Deep unsupervised learning using nonequilibrium thermodynamics},
  author={Sohl-Dickstein, Jascha and Weiss, Eric and Maheswaranathan, Niru and Ganguli, Surya},
  booktitle={International conference on machine learning},
  pages={2256--2265},
  year={2015},
  organization={PMLR}
}

@inproceedings{wu2016collaborative,
  title={Collaborative denoising auto-encoders for top-n recommender systems},
  author={Wu, Yao and DuBois, Christopher and Zheng, Alice X and Ester, Martin},
  booktitle={Proceedings of the ninth ACM international conference on web search and data mining},
  pages={153--162},
  year={2016}
}

@inproceedings{liang2018variational,
  title={Variational autoencoders for collaborative filtering},
  author={Liang, Dawen and Krishnan, Rahul G and Hoffman, Matthew D and Jebara, Tony},
  booktitle={Proceedings of the 2018 world wide web conference},
  pages={689--698},
  year={2018}
}

@article{ma2019learning,
  title={Learning disentangled representations for recommendation},
  author={Ma, Jianxin and Zhou, Chang and Cui, Peng and Yang, Hongxia and Zhu, Wenwu},
  journal={Advances in neural information processing systems},
  volume={32},
  year={2019}
}

@inproceedings{shenbin2020recvae,
  title={Recvae: A new variational autoencoder for top-n recommendations with implicit feedback},
  author={Shenbin, Ilya and Alekseev, Anton and Tutubalina, Elena and Malykh, Valentin and Nikolenko, Sergey I},
  booktitle={Proceedings of the 13th international conference on web search and data mining},
  pages={528--536},
  year={2020}
}

@inproceedings{hou2024collaborative,
  title={Collaborative filtering based on diffusion models: Unveiling the potential of high-order connectivity},
  author={Hou, Yu and Park, Jin-Duk and Shin, Won-Yong},
  booktitle={Proceedings of the 47th International ACM SIGIR Conference on Research and Development in Information Retrieval},
  pages={1360--1369},
  year={2024}
}

@article{kipf2016semi,
  title={Semi-supervised classification with graph convolutional networks},
  author={Kipf, Thomas N and Welling, Max},
  journal={arXiv preprint arXiv:1609.02907},
  year={2016}
}

@inproceedings{zhu2024graph,
  title={Graph signal diffusion model for collaborative filtering},
  author={Zhu, Yunqin and Wang, Chao and Zhang, Qi and Xiong, Hui},
  booktitle={Proceedings of the 47th International ACM SIGIR Conference on Research and Development in Information Retrieval},
  pages={1380--1390},
  year={2024}
}

@article{lin2024survey,
  title={A Survey on Diffusion Models for Recommender Systems},
  author={Lin, Jianghao and Liu, Jiaqi and Zhu, Jiachen and Xi, Yunjia and Liu, Chengkai and Zhang, Yangtian and Yu, Yong and Zhang, Weinan},
  journal={arXiv preprint arXiv:2409.05033},
  year={2024}
}

@inproceedings{lin2022improving,
  title={Improving graph collaborative filtering with neighborhood-enriched contrastive learning},
  author={Lin, Zihan and Tian, Changxin and Hou, Yupeng and Zhao, Wayne Xin},
  booktitle={Proceedings of the ACM web conference 2022},
  pages={2320--2329},
  year={2022}
}

@inproceedings{chae2018cfgan,
  title={CFGAN: A generic collaborative filtering framework based on generative adversarial networks},
  author={Chae, Dong-Kyu and Kang, Jin-Soo and Kim, Sang-Wook and Lee, Jung-Tae},
  booktitle={Proceedings of the 27th ACM international conference on information and knowledge management},
  pages={137--146},
  year={2018}
}

@article{goodfellow2020generative,
  title={Generative adversarial networks},
  author={Goodfellow, Ian and Pouget-Abadie, Jean and Mirza, Mehdi and Xu, Bing and Warde-Farley, David and Ozair, Sherjil and Courville, Aaron and Bengio, Yoshua},
  journal={Communications of the ACM},
  volume={63},
  number={11},
  pages={139--144},
  year={2020},
  publisher={ACM New York, NY, USA}
}

@article{li2023diffurec,
  title={Diffurec: A diffusion model for sequential recommendation},
  author={Li, Zihao and Sun, Aixin and Li, Chenliang},
  journal={ACM Transactions on Information Systems},
  volume={42},
  number={3},
  pages={1--28},
  year={2023},
  publisher={ACM New York, NY}
}

@article{jing2022torsional,
  title={Torsional diffusion for molecular conformer generation},
  author={Jing, Bowen and Corso, Gabriele and Chang, Jeffrey and Barzilay, Regina and Jaakkola, Tommi},
  journal={Advances in Neural Information Processing Systems},
  volume={35},
  pages={24240--24253},
  year={2022}
}

@article{albergo2022building,
  title={Building normalizing flows with stochastic interpolants},
  author={Albergo, Michael S and Vanden-Eijnden, Eric},
  journal={arXiv preprint arXiv:2209.15571},
  year={2022}
}

@article{polyak2024movie,
  title={Movie gen: A cast of media foundation models},
  author={Polyak, Adam and Zohar, Amit and Brown, Andrew and Tjandra, Andros and Sinha, Animesh and Lee, Ann and Vyas, Apoorv and Shi, Bowen and Ma, Chih-Yao and Chuang, Ching-Yao and others},
  journal={arXiv preprint arXiv:2410.13720},
  year={2024}
}

@article{bose2023se,
  title={Se (3)-stochastic flow matching for protein backbone generation},
  author={Bose, Avishek Joey and Akhound-Sadegh, Tara and Huguet, Guillaume and Fatras, Kilian and Rector-Brooks, Jarrid and Liu, Cheng-Hao and Nica, Andrei Cristian and Korablyov, Maksym and Bronstein, Michael and Tong, Alexander},
  journal={arXiv preprint arXiv:2310.02391},
  year={2023}
}

@article{he2024calmflow,
  title={CaLMFlow: Volterra Flow Matching using Causal Language Models},
  author={He, Sizhuang and Levine, Daniel and Vrkic, Ivan and Bressana, Marco Francesco and Zhang, David and Rizvi, Syed Asad and Zhang, Yangtian and Zappala, Emanuele and van Dijk, David},
  journal={arXiv preprint arXiv:2410.05292},
  year={2024}
}

@article{campbell2024generative,
  title={Generative flows on discrete state-spaces: Enabling multimodal flows with applications to protein co-design},
  author={Campbell, Andrew and Yim, Jason and Barzilay, Regina and Rainforth, Tom and Jaakkola, Tommi},
  journal={arXiv preprint arXiv:2402.04997},
  year={2024}
}

@article{kingma2014adam,
  title={Adam: A method for stochastic optimization},
  author={Kingma, Diederik P},
  journal={arXiv preprint arXiv:1412.6980},
  year={2014}
}

@article{gat2024discrete,
  title={Discrete flow matching},
  author={Gat, Itai and Remez, Tal and Shaul, Neta and Kreuk, Felix and Chen, Ricky TQ and Synnaeve, Gabriel and Adi, Yossi and Lipman, Yaron},
  journal={arXiv preprint arXiv:2407.15595},
  year={2024}
}

@inproceedings{mcauley2015image,
  title={Image-based recommendations on styles and substitutes},
  author={McAuley, Julian and Targett, Christopher and Shi, Qinfeng and Van Den Hengel, Anton},
  booktitle={Proceedings of the 38th international ACM SIGIR conference on research and development in information retrieval},
  pages={43--52},
  year={2015}
}

@article{tong2023improving,
  title={Improving and generalizing flow-based generative models with minibatch optimal transport},
  author={Tong, Alexander and Fatras, Kilian and Malkin, Nikolay and Huguet, Guillaume and Zhang, Yanlei and Rector-Brooks, Jarrid and Wolf, Guy and Bengio, Yoshua},
  journal={arXiv preprint arXiv:2302.00482},
  year={2023}
}

@article{xu2022geodiff,
  title={Geodiff: A geometric diffusion model for molecular conformation generation},
  author={Xu, Minkai and Yu, Lantao and Song, Yang and Shi, Chence and Ermon, Stefano and Tang, Jian},
  journal={arXiv preprint arXiv:2203.02923},
  year={2022}
}

@article{yang2024generate,
  title={Generate what you prefer: Reshaping sequential recommendation via guided diffusion},
  author={Yang, Zhengyi and Wu, Jiancan and Wang, Zhicai and Wang, Xiang and Yuan, Yancheng and He, Xiangnan},
  journal={Advances in Neural Information Processing Systems},
  volume={36},
  year={2024}
}

@inproceedings{rombach2022high,
  title={High-resolution image synthesis with latent diffusion models},
  author={Rombach, Robin and Blattmann, Andreas and Lorenz, Dominik and Esser, Patrick and Ommer, Bj{\"o}rn},
  booktitle={Proceedings of the IEEE/CVF conference on computer vision and pattern recognition},
  pages={10684--10695},
  year={2022}
}

@article{austin2021structured,
  title={Structured denoising diffusion models in discrete state-spaces},
  author={Austin, Jacob and Johnson, Daniel D and Ho, Jonathan and Tarlow, Daniel and Van Den Berg, Rianne},
  journal={Advances in Neural Information Processing Systems},
  volume={34},
  pages={17981--17993},
  year={2021}
}

@article{song2019generative,
  title={Generative modeling by estimating gradients of the data distribution},
  author={Song, Yang and Ermon, Stefano},
  journal={Advances in neural information processing systems},
  volume={32},
  year={2019}
}

@article{ho2020denoising,
  title={Denoising diffusion probabilistic models},
  author={Ho, Jonathan and Jain, Ajay and Abbeel, Pieter},
  journal={Advances in neural information processing systems},
  volume={33},
  pages={6840--6851},
  year={2020}
}

@article{song2020score,
  title={Score-based generative modeling through stochastic differential equations},
  author={Song, Yang and Sohl-Dickstein, Jascha and Kingma, Diederik P and Kumar, Abhishek and Ermon, Stefano and Poole, Ben},
  journal={arXiv preprint arXiv:2011.13456},
  year={2020}
}

@inproceedings{wang2023diffusion,
  title={Diffusion recommender model},
  author={Wang, Wenjie and Xu, Yiyan and Feng, Fuli and Lin, Xinyu and He, Xiangnan and Chua, Tat-Seng},
  booktitle={Proceedings of the 46th International ACM SIGIR Conference on Research and Development in Information Retrieval},
  pages={832--841},
  year={2023}
}

@inproceedings{zhao2024denoising,
  title={Denoising diffusion recommender model},
  author={Zhao, Jujia and Wenjie, Wang and Xu, Yiyan and Sun, Teng and Feng, Fuli and Chua, Tat-Seng},
  booktitle={Proceedings of the 47th International ACM SIGIR Conference on Research and Development in Information Retrieval},
  pages={1370--1379},
  year={2024}
}

@inproceedings{wang2019neural,
  title={Neural graph collaborative filtering},
  author={Wang, Xiang and He, Xiangnan and Wang, Meng and Feng, Fuli and Chua, Tat-Seng},
  booktitle={Proceedings of the 42nd international ACM SIGIR conference on Research and development in Information Retrieval},
  pages={165--174},
  year={2019}
}

@inproceedings{he2020lightgcn,
  title={Lightgcn: Simplifying and powering graph convolution network for recommendation},
  author={He, Xiangnan and Deng, Kuan and Wang, Xiang and Li, Yan and Zhang, Yongdong and Wang, Meng},
  booktitle={Proceedings of the 43rd International ACM SIGIR conference on research and development in Information Retrieval},
  pages={639--648},
  year={2020}
}

@inproceedings{chen2020simple,
  title={A simple framework for contrastive learning of visual representations},
  author={Chen, Ting and Kornblith, Simon and Norouzi, Mohammad and Hinton, Geoffrey},
  booktitle={International conference on machine learning},
  pages={1597--1607},
  year={2020},
  organization={PMLR}
}

@inproceedings{vincent2008extracting,
  title={Extracting and composing robust features with denoising autoencoders},
  author={Vincent, Pascal and Larochelle, Hugo and Bengio, Yoshua and Manzagol, Pierre-Antoine},
  booktitle={Proceedings of the 25th international conference on Machine learning},
  pages={1096--1103},
  year={2008}
}

@article{bengio2013generalized,
  title={Generalized denoising auto-encoders as generative models},
  author={Bengio, Yoshua and Yao, Li and Alain, Guillaume and Vincent, Pascal},
  journal={Advances in neural information processing systems},
  volume={26},
  year={2013}
}

@article{papamakarios2021normalizing,
  title={Normalizing flows for probabilistic modeling and inference},
  author={Papamakarios, George and Nalisnick, Eric and Rezende, Danilo Jimenez and Mohamed, Shakir and Lakshminarayanan, Balaji},
  journal={Journal of Machine Learning Research},
  volume={22},
  number={57},
  pages={1--64},
  year={2021}
}

@article{chen2018neural,
  title={Neural ordinary differential equations},
  author={Chen, Ricky TQ and Rubanova, Yulia and Bettencourt, Jesse and Duvenaud, David K},
  journal={Advances in neural information processing systems},
  volume={31},
  year={2018}
}

@inproceedings{wujc2021self,
  title={Self-supervised graph learning for recommendation},
  author={Wu, Jiancan and Wang, Xiang and Feng, Fuli and He, Xiangnan and Chen, Liang and Lian, Jianxun and Xie, Xing},
  booktitle={Proceedings of the 44th International ACM SIGIR Conference on Research and Development in Information Retrieval},
  pages={726--735},
  year={2021}
}

@article{liu2024twincl,
  title={TwinCL: A Twin Graph Contrastive Learning Model for Collaborative Filtering},
  author={Liu, Chengkai and Wang, Jianling and Caverlee, James},
  journal={arXiv preprint arXiv:2409.19169},
  year={2024}
}

@inproceedings{yu2022graph,
  title={Are graph augmentations necessary? simple graph contrastive learning for recommendation},
  author={Yu, Junliang and Yin, Hongzhi and Xia, Xin and Chen, Tong and Cui, Lizhen and Nguyen, Quoc Viet Hung},
  booktitle={Proceedings of the 45th international ACM SIGIR conference on research and development in information retrieval},
  pages={1294--1303},
  year={2022}
}

@article{rendle2012bpr,
  title={BPR: Bayesian personalized ranking from implicit feedback},
  author={Rendle, Steffen and Freudenthaler, Christoph and Gantner, Zeno and Schmidt-Thieme, Lars},
  journal={arXiv preprint arXiv:1205.2618},
  year={2012}
}

