@inproceedings{abbeel2004apprenticeship,
  title={Apprenticeship learning via inverse reinforcement learning},
  author={Abbeel, Pieter and Ng, Andrew Y},
  booktitle={Proceedings of the twenty-first international conference on Machine learning},
  pages={1},
  year={2004}
}

@article{alayrac2022flamingo,
  title={Flamingo: a visual language model for few-shot learning},
  author={Alayrac, Jean-Baptiste and Donahue, Jeff and Luc, Pauline and Miech, Antoine and Barr, Iain and Hasson, Yana and Lenc, Karel and Mensch, Arthur and Millican, Katherine and Reynolds, Malcolm and others},
  journal={Advances in neural information processing systems},
  volume={35},
  pages={23716--23736},
  year={2022}
}

@inproceedings{ameur2024leveraging,
  title={Leveraging LLMs to explain DRL decisions for transparent 6G network slicing},
  author={Ameur, Mazene and Brik, Bouziane and Ksentini, Adlen},
  booktitle={2024 IEEE 10th International Conference on Network Softwarization (NetSoft)},
  pages={204--212},
  year={2024},
  organization={IEEE}
}

@article{argall2009survey,
  title={A survey of robot learning from demonstration},
  author={Argall, Brenna D and Chernova, Sonia and Veloso, Manuela and Browning, Brett},
  journal={Robotics and autonomous systems},
  volume={57},
  number={5},
  pages={469--483},
  year={2009},
  publisher={Elsevier}
}

@article{arrieta2020explainable,
  title={Explainable Artificial Intelligence (XAI): Concepts, taxonomies, opportunities and challenges toward responsible AI},
  author={Arrieta, Alejandro Barredo and D{\'\i}az-Rodr{\'\i}guez, Natalia and Del Ser, Javier and Bennetot, Adrien and Tabik, Siham and Barbado, Alberto and Garc{\'\i}a, Salvador and Gil-L{\'o}pez, Sergio and Molina, Daniel and Benjamins, Richard and others},
  journal={Information fusion},
  volume={58},
  pages={82--115},
  year={2020},
  publisher={Elsevier}
}

@article{cai2024driving,
  title={Driving with Regulation: Interpretable Decision-Making for Autonomous Vehicles with Retrieval-Augmented Reasoning via LLM},
  author={Cai, Tianhui and Liu, Yifan and Zhou, Zewei and Ma, Haoxuan and Zhao, Seth Z and Wu, Zhiwen and Ma, Jiaqi},
  journal={arXiv preprint arXiv:2410.04759},
  year={2024}
}

@article{cao2024survey,
  title={A survey on generative diffusion models},
  author={Cao, Hanqun and Tan, Cheng and Gao, Zhangyang and Xu, Yilun and Chen, Guangyong and Heng, Pheng-Ann and Li, Stan Z},
  journal={IEEE Transactions on Knowledge and Data Engineering},
  year={2024},
  publisher={IEEE}
}

@article{carvalho2019machine,
  title={Machine learning interpretability: A survey on methods and metrics},
  author={Carvalho, Diogo V and Pereira, Eduardo M and Cardoso, Jaime S},
  journal={Electronics},
  volume={8},
  number={8},
  pages={832},
  year={2019},
  publisher={MDPI}
}

@inproceedings{ceylan2023pix2video,
  title={Pix2video: Video editing using image diffusion},
  author={Ceylan, Duygu and Huang, Chun-Hao P and Mitra, Niloy J},
  booktitle={Proceedings of the IEEE/CVF International Conference on Computer Vision},
  pages={23206--23217},
  year={2023}
}

@article{chen2018neural,
  title={Neural ordinary differential equations},
  author={Chen, Ricky TQ and Rubanova, Yulia and Bettencourt, Jesse and Duvenaud, David K},
  journal={Advances in neural information processing systems},
  volume={31},
  year={2018}
}

@inproceedings{danesh2021re,
  title={Re-understanding finite-state representations of recurrent policy networks},
  author={Danesh, Mohamad H and Koul, Anurag and Fern, Alan and Khorram, Saeed},
  booktitle={International Conference on Machine Learning},
  pages={2388--2397},
  year={2021},
  organization={PMLR}
}

@article{dhariwal2021diffusion,
  title={Diffusion models beat gans on image synthesis},
  author={Dhariwal, Prafulla and Nichol, Alexander},
  journal={Advances in neural information processing systems},
  volume={34},
  pages={8780--8794},
  year={2021}
}

@inproceedings{ehsan2018rationalization,
  title={Rationalization: A neural machine translation approach to generating natural language explanations},
  author={Ehsan, Upol and Harrison, Brent and Chan, Larry and Riedl, Mark O},
  booktitle={Proceedings of the 2018 AAAI/ACM Conference on AI, Ethics, and Society},
  pages={81--87},
  year={2018}
}

@inproceedings{ehsan2019automated,
  title={Automated rationale generation: a technique for explainable AI and its effects on human perceptions},
  author={Ehsan, Upol and Tambwekar, Pradyumna and Chan, Larry and Harrison, Brent and Riedl, Mark O},
  booktitle={Proceedings of the 24th International Conference on Intelligent User Interfaces},
  pages={263--274},
  year={2019}
}

@inproceedings{esser2024scaling,
  title={Scaling rectified flow transformers for high-resolution image synthesis},
  author={Esser, Patrick and Kulal, Sumith and Blattmann, Andreas and Entezari, Rahim and M{\"u}ller, Jonas and Saini, Harry and Levi, Yam and Lorenz, Dominik and Sauer, Axel and Boesel, Frederic and others},
  booktitle={Forty-first International Conference on Machine Learning},
  year={2024}
}

@inproceedings{gilpin2018explaining,
  title={Explaining explanations: An overview of interpretability of machine learning},
  author={Gilpin, Leilani H and Bau, David and Yuan, Ben Z and Bajwa, Ayesha and Specter, Michael and Kagal, Lalana},
  booktitle={2018 IEEE 5th International Conference on data science and advanced analytics (DSAA)},
  pages={80--89},
  year={2018},
  organization={IEEE}
}

@article{gruver2024protein,
  title={Protein design with guided discrete diffusion},
  author={Gruver, Nate and Stanton, Samuel and Frey, Nathan and Rudner, Tim GJ and Hotzel, Isidro and Lafrance-Vanasse, Julien and Rajpal, Arvind and Cho, Kyunghyun and Wilson, Andrew G},
  journal={Advances in neural information processing systems},
  volume={36},
  year={2024}
}

@article{gunning2017explainable,
  title={Explainable artificial intelligence (xai)},
  author={Gunning, David},
  journal={Defense advanced research projects agency (DARPA), nd Web},
  volume={2},
  number={2},
  pages={1},
  year={2017}
}

@inproceedings{hatamizadeh2025diffit,
  title={Diffit: Diffusion vision transformers for image generation},
  author={Hatamizadeh, Ali and Song, Jiaming and Liu, Guilin and Kautz, Jan and Vahdat, Arash},
  booktitle={European Conference on Computer Vision},
  pages={37--55},
  year={2025},
  organization={Springer}
}

@article{ho2020denoising,
  title={Denoising diffusion probabilistic models},
  author={Ho, Jonathan and Jain, Ajay and Abbeel, Pieter},
  journal={Advances in neural information processing systems},
  volume={33},
  pages={6840--6851},
  year={2020}
}

@article{ho2022imagen,
  title={Imagen video: High definition video generation with diffusion models},
  author={Ho, Jonathan and Chan, William and Saharia, Chitwan and Whang, Jay and Gao, Ruiqi and Gritsenko, Alexey and Kingma, Diederik P and Poole, Ben and Norouzi, Mohammad and Fleet, David J and others},
  journal={arXiv preprint arXiv:2210.02303},
  year={2022}
}

@article{ho2022video,
  title={Video diffusion models},
  author={Ho, Jonathan and Salimans, Tim and Gritsenko, Alexey and Chan, William and Norouzi, Mohammad and Fleet, David J},
  journal={Advances in Neural Information Processing Systems},
  volume={35},
  pages={8633--8646},
  year={2022}
}

@inproceedings{koa2024learning,
  title={Learning to generate explainable stock predictions using self-reflective large language models},
  author={Koa, Kelvin JL and Ma, Yunshan and Ng, Ritchie and Chua, Tat-Seng},
  booktitle={Proceedings of the ACM on Web Conference 2024},
  pages={4304--4315},
  year={2024}
}

@inproceedings{koul2018learning,
  title={Learning Finite State Representations of Recurrent Policy Networks},
  author={Koul, Anurag and Fern, Alan and Greydanus, Sam},
  booktitle={International Conference on Learning Representations},
  year={2018}
}

@article{krishna2024post,
  title={Post hoc explanations of language models can improve language models},
  author={Krishna, Satyapriya and Ma, Jiaqi and Slack, Dylan and Ghandeharioun, Asma and Singh, Sameer and Lakkaraju, Himabindu},
  journal={Advances in Neural Information Processing Systems},
  volume={36},
  year={2024}
}

@inproceedings{li2023blip,
  title={Blip-2: Bootstrapping language-image pre-training with frozen image encoders and large language models},
  author={Li, Junnan and Li, Dongxu and Savarese, Silvio and Hoi, Steven},
  booktitle={International conference on machine learning},
  pages={19730--19742},
  year={2023},
  organization={PMLR}
}

@inproceedings{lipman2022flow,
  title={Flow Matching for Generative Modeling},
  author={Lipman, Yaron and Chen, Ricky TQ and Ben-Hamu, Heli and Nickel, Maximilian and Le, Matthew},
  booktitle={The Eleventh International Conference on Learning Representations},
    year={2023}
}

@article{liu2022flow,
  title={Flow straight and fast: Learning to generate and transfer data with rectified flow},
  author={Liu, Xingchao and Gong, Chengyue and Liu, Qiang},
  journal={arXiv preprint arXiv:2209.03003},
  year={2022}
}

@inproceedings{lou2024discrete,
  title={Discrete Diffusion Modeling by Estimating the Ratios of the Data Distribution},
  author={Lou, Aaron and Meng, Chenlin and Ermon, Stefano},
  booktitle={Forty-first International Conference on Machine Learning},
  year={2024}
}

@inproceedings{lu2023closer,
  title={A closer look at reward decomposition for high-level robotic explanations},
  author={Lu, Wenhao and Zhao, Xufeng and Magg, Sven and Gromniak, Martin and Li, Mengdi and Wermter, Stefan},
  booktitle={2023 IEEE International Conference on Development and Learning (ICDL)},
  pages={429--436},
  year={2023},
  organization={IEEE}
}

@inproceedings{lubos2024llm,
  title={Llm-generated explanations for recommender systems},
  author={Lubos, Sebastian and Tran, Thi Ngoc Trang and Felfernig, Alexander and Polat Erdeniz, Seda and Le, Viet-Man},
  booktitle={Adjunct Proceedings of the 32nd ACM Conference on User Modeling, Adaptation and Personalization},
  pages={276--285},
  year={2024}
}

@inproceedings{mou2024t2i,
  title={T2i-adapter: Learning adapters to dig out more controllable ability for text-to-image diffusion models},
  author={Mou, Chong and Wang, Xintao and Xie, Liangbin and Wu, Yanze and Zhang, Jian and Qi, Zhongang and Shan, Ying},
  booktitle={Proceedings of the AAAI Conference on Artificial Intelligence},
  volume={38},
  number={5},
  pages={4296--4304},
  year={2024}
}

@inproceedings{radford2021learning,
  title={Learning transferable visual models from natural language supervision},
  author={Radford, Alec and Kim, Jong Wook and Hallacy, Chris and Ramesh, Aditya and Goh, Gabriel and Agarwal, Sandhini and Sastry, Girish and Askell, Amanda and Mishkin, Pamela and Clark, Jack and others},
  booktitle={International conference on machine learning},
  pages={8748--8763},
  year={2021},
  organization={PMLR}
}

@article{rajagopal2021selfexplain,
  title={Selfexplain: A self-explaining architecture for neural text classifiers},
  author={Rajagopal, Dheeraj and Balachandran, Vidhisha and Hovy, Eduard and Tsvetkov, Yulia},
  journal={arXiv preprint arXiv:2103.12279},
  year={2021}
}

@incollection{ras2018explanation,
  title={Explanation methods in deep learning: Users, values, concerns and challenges},
  author={Ras, Gabri{\"e}lle and van Gerven, Marcel and Haselager, Pim},
  booktitle={Explainable and interpretable models in computer vision and machine learning},
  pages={19--36},
  year={2018},
  publisher={Springer}
}

@inproceedings{rombach2022high,
  title={High-resolution image synthesis with latent diffusion models},
  author={Rombach, Robin and Blattmann, Andreas and Lorenz, Dominik and Esser, Patrick and Ommer, Bj{\"o}rn},
  booktitle={Proceedings of the IEEE/CVF conference on computer vision and pattern recognition},
  pages={10684--10695},
  year={2022}
}

@article{singh2023explaining,
  title={Explaining black box text modules in natural language with language models},
  author={Singh, Chandan and Hsu, Aliyah R and Antonello, Richard and Jain, Shailee and Huth, Alexander G and Yu, Bin and Gao, Jianfeng},
  journal={arXiv preprint arXiv:2305.09863},
  year={2023}
}

@article{song2019generative,
  title={Generative modeling by estimating gradients of the data distribution},
  author={Song, Yang and Ermon, Stefano},
  journal={Advances in neural information processing systems},
  volume={32},
  year={2019}
}

@inproceedings{trigg2024natural,
  title={Natural Language Explanation for Autonomous Navigation},
  author={Trigg, Lena and Morgan, Brandon and Stringer, Alexander and Schley, Lacey and Hougen, Dean F},
  booktitle={2024 AIAA DATC/IEEE 43rd Digital Avionics Systems Conference (DASC)},
  pages={1--9},
  year={2024},
  organization={IEEE}
}

@inproceedings{trung2024reft,
  title={Reft: Reasoning with reinforced fine-tuning},
  author={Trung, Luong and Zhang, Xinbo and Jie, Zhanming and Sun, Peng and Jin, Xiaoran and Li, Hang},
  booktitle={Proceedings of the 62nd Annual Meeting of the Association for Computational Linguistics (Volume 1: Long Papers)},
  pages={7601--7614},
  year={2024}
}

@article{ulhaq2022efficient,
  title={Efficient diffusion models for vision: A survey},
  author={Ulhaq, Anwaar and Akhtar, Naveed},
  journal={arXiv preprint arXiv:2210.09292},
  year={2022}
}

@inproceedings{wang2019verbal,
  title={Verbal explanations for deep reinforcement learning neural networks with attention on extracted features},
  author={Wang, Xinzhi and Yuan, Shengcheng and Zhang, Hui and Lewis, Michael and Sycara, Katia},
  booktitle={2019 28th IEEE International Conference on Robot and Human Interactive Communication (RO-MAN)},
  pages={1--7},
  year={2019},
  organization={IEEE}
}

@article{wei2022chain,
  title={Chain-of-thought prompting elicits reasoning in large language models},
  author={Wei, Jason and Wang, Xuezhi and Schuurmans, Dale and Bosma, Maarten and Xia, Fei and Chi, Ed and Le, Quoc V and Zhou, Denny and others},
  journal={Advances in neural information processing systems},
  volume={35},
  pages={24824--24837},
  year={2022}
}

@article{wu2024vmix,
  title={VMix: Improving Text-to-Image Diffusion Model with Cross-Attention Mixing Control},
  author={Wu, Shaojin and Ding, Fei and Huang, Mengqi and Liu, Wei and He, Qian},
  journal={arXiv preprint arXiv:2412.20800},
  year={2024}
}

@article{yang2023diffusion,
  title={Diffusion models: A comprehensive survey of methods and applications},
  author={Yang, Ling and Zhang, Zhilong and Song, Yang and Hong, Shenda and Xu, Runsheng and Zhao, Yue and Zhang, Wentao and Cui, Bin and Yang, Ming-Hsuan},
  journal={ACM Computing Surveys},
  volume={56},
  number={4},
  pages={1--39},
  year={2023},
  publisher={ACM New York, NY, USA}
}

@article{zelikman2022star,
  title={Star: Bootstrapping reasoning with reasoning},
  author={Zelikman, Eric and Wu, Yuhuai and Mu, Jesse and Goodman, Noah},
  journal={Advances in Neural Information Processing Systems},
  volume={35},
  pages={15476--15488},
  year={2022}
}

