%Entries
@incollection{Bengio+chapter2007,
author = {Bengio, Yoshua and LeCun, Yann},
booktitle = {Large Scale Kernel Machines},
publisher = {MIT Press},
title = {Scaling Learning Algorithms Towards {AI}},
year = {2007}
}

@article{Hinton06,
author = {Hinton, Geoffrey E. and Osindero, Simon and Teh, Yee Whye},
journal = {Neural Computation},
pages = {1527--1554},
title = {A Fast Learning Algorithm for Deep Belief Nets},
volume = {18},
year = {2006}
}

@book{goodfellow2016deep,
title={Deep learning},
author={Goodfellow, Ian and Bengio, Yoshua and Courville, Aaron and Bengio, Yoshua},
volume={1},
year={2016},
publisher={MIT Press}
}

% LLM agents

@inproceedings{yao2022react,
  title={ReAct: Synergizing Reasoning and Acting in Language Models},
  author={Yao, Shunyu and Zhao, Jeffrey and Yu, Dian and Du, Nan and Shafran, Izhak and Narasimhan, Karthik R and Cao, Yuan},
  booktitle={The Eleventh International Conference on Learning Representations},
  year={2022}
}

@article{shinn2024reflexion,
  title={Reflexion: Language agents with verbal reinforcement learning},
  author={Shinn, Noah and Cassano, Federico and Gopinath, Ashwin and Narasimhan, Karthik and Yao, Shunyu},
  journal={Advances in Neural Information Processing Systems},
  volume={36},
  year={2024}
}

@article{wang2023voyager,
  title={Voyager: An open-ended embodied agent with large language models},
  author={Wang, Guanzhi and Xie, Yuqi and Jiang, Yunfan and Mandlekar, Ajay and Xiao, Chaowei and Zhu, Yuke and Fan, Linxi and Anandkumar, Anima},
  journal={arXiv preprint arXiv:2305.16291},
  year={2023}
}

@article{ton2024understanding,
  title={Understanding Chain-of-Thought in LLMs through Information Theory},
  author={Ton, Jean-Francois and Taufiq, Muhammad Faaiz and Liu, Yang},
  journal={arXiv preprint arXiv:2411.11984},
  year={2024}
}

% UNet
@inproceedings{ronneberger2015unet,
  title={U-net: Convolutional networks for biomedical image segmentation},
  author={Ronneberger, Olaf and Fischer, Philipp and Brox, Thomas},
  booktitle={Medical image computing and computer-assisted intervention--MICCAI 2015: 18th international conference, Munich, Germany, October 5-9, 2015, proceedings, part III 18},
  pages={234--241},
  year={2015},
  organization={Springer}
}
 
%%%% Single agent exploration with theoretical guarantee
% %%%% UCB

@article{jaksch2010near,
  title={Near-optimal regret bounds for reinforcement learning},
  author={Jaksch, Thomas and Ortner, Ronald and Auer, Peter},
  journal={Journal of Machine Learning Research},
  volume={11},
  number={Apr},
  pages={1563--1600},
  year={2010}
}

@inproceedings{azar2017minimax,
  title={Minimax regret bounds for reinforcement learning},
  author={Azar, Mohammad Gheshlaghi and Osband, Ian and Munos, R{\'e}mi},
  booktitle={Proceedings of the 34th International Conference on Machine Learning-Volume 70},
  pages={263--272},
  year={2017},
  organization={JMLR. org}
}

@inproceedings{jin2018is,
  title={Is q-learning provably efficient?},
  author={Jin, Chi and Allen-Zhu, Zeyuan and Bubeck, Sebastien and Jordan, Michael I},
  booktitle={Advances in Neural Information Processing Systems},
  pages={4863--4873},
  year={2018}
}

@book{braun2012thematic,
  title={Thematic analysis.},
  author={Braun, Virginia and Clarke, Victoria},
  year={2012},
  publisher={American Psychological Association}
}

% %%% PSRL

@inproceedings{strens2000bayesian,
  title={A Bayesian framework for reinforcement learning},
  author={Strens, Malcolm},
  booktitle={ICML},
  volume={2000},
  pages={943--950},
  year={2000}
}

@inproceedings{osband2013more,
  title={(More) efficient reinforcement learning via posterior sampling},
  author={Osband, Ian and Russo, Daniel and Van Roy, Benjamin},
  booktitle={Advances in Neural Information Processing Systems},
  pages={3003--3011},
  year={2013}
}

@article{osband2016lower,
  title={On lower bounds for regret in reinforcement learning},
  author={Osband, Ian and Van Roy, Benjamin},
  journal={arXiv preprint arXiv:1608.02732},
  year={2016}
}

@inproceedings{agrawal2017optimistic,
  title={Optimistic posterior sampling for reinforcement learning: worst-case regret bounds},
  author={Agrawal, Shipra and Jia, Randy},
  booktitle={Advances in Neural Information Processing Systems},
  pages={1184--1194},
  year={2017}
}

% model-based value estimate
@article{feinberg2018model,
  title={Model-based value estimation for efficient model-free reinforcement learning},
  author={Feinberg, Vladimir and Wan, Alvin and Stoica, Ion and Jordan, Michael I and Gonzalez, Joseph E and Levine, Sergey},
  journal={arXiv preprint arXiv:1803.00101},
  year={2018}
}

% %%% epsilon-greedy takes exponential time

@article{kearns2002near,
  title={Near-optimal reinforcement learning in polynomial time},
  author={Kearns, Michael and Singh, Satinder},
  journal={Machine learning},
  volume={49},
  number={2-3},
  pages={209--232},
  year={2002},
  publisher={Springer}
}

%%%%  Single agent exploration based on intrinsic rewards

@inproceedings{gupta2018meta,
  title={Meta-reinforcement learning of structured exploration strategies},
  author={Gupta, Abhishek and Mendonca, Russell and Liu, YuXuan and Abbeel, Pieter and Levine, Sergey},
  booktitle={Advances in Neural Information Processing Systems},
  pages={5302--5311},
  year={2018}
}

@article{florensa2017stochastic,
  title={Stochastic neural networks for hierarchical reinforcement learning},
  author={Florensa, Carlos and Duan, Yan and Abbeel, Pieter},
  journal={arXiv preprint arXiv:1704.03012},
  year={2017}
}

@inproceedings{schmidhuber1991possibility,
  title={A possibility for implementing curiosity and boredom in model-building neural controllers},
  author={Schmidhuber, J{\"u}rgen},
  booktitle={Proc. of the international conference on simulation of adaptive behavior: From animals to animats},
  pages={222--227},
  year={1991}
}

@article{oudeyer2007intrinsic,
  title={Intrinsic motivation systems for autonomous mental development},
  author={Oudeyer, Pierre-Yves and Kaplan, Frdric and Hafner, Verena V},
  journal={IEEE transactions on evolutionary computation},
  volume={11},
  number={2},
  pages={265--286},
  year={2007},
  publisher={IEEE}
}

@incollection{barto2013intrinsic,
  title={Intrinsic motivation and reinforcement learning},
  author={Barto, Andrew G},
  booktitle={Intrinsically motivated learning in natural and artificial systems},
  pages={17--47},
  year={2013},
  publisher={Springer}
}
    
@inproceedings{bellemare2016unifying,
  title={Unifying count-based exploration and intrinsic motivation},
  author={Bellemare, Marc and Srinivasan, Sriram and Ostrovski, Georg and Schaul, Tom and Saxton, David and Munos, Remi},
  booktitle={Advances in Neural Information Processing Systems},
  pages={1471--1479},
  year={2016}
}

@inproceedings{tang2017exploration,
  title={\# Exploration: A study of count-based exploration for deep reinforcement learning},
  author={Tang, Haoran and Houthooft, Rein and Foote, Davis and Stooke, Adam and Chen, OpenAI Xi and Duan, Yan and Schulman, John and DeTurck, Filip and Abbeel, Pieter},
  booktitle={Advances in neural information processing systems},
  pages={2753--2762},
  year={2017}
}

@inproceedings{pathak2017curiosity,
  title={Curiosity-driven Exploration by Self-supervised Prediction},
  author={Pathak, Deepak and Agrawal, Pulkit and Efros, Alexei A and Darrell, Trevor},
  booktitle={International Conference on Machine Learning},
  pages={2778--2787},
  year={2017}
}

@inproceedings{ostrovski2017count,
  title={Count-based exploration with neural density models},
  author={Ostrovski, Georg and Bellemare, Marc G and van den Oord, A{\"a}ron and Munos, R{\'e}mi},
  booktitle={Proceedings of the 34th International Conference on Machine Learning-Volume 70},
  pages={2721--2730},
  year={2017},
  organization={JMLR. org}
}

@article{burda2018large,
  title={Large-scale study of curiosity-driven learning},
  author={Burda, Yuri and Edwards, Harri and Pathak, Deepak and Storkey, Amos and Darrell, Trevor and Efros, Alexei A},
  journal={arXiv preprint arXiv:1808.04355},
  year={2018}
}

@article{burda2018exploration,
  title={Exploration by random network distillation},
  author={Burda, Yuri and Edwards, Harrison and Storkey, Amos and Klimov, Oleg},
  journal={arXiv preprint arXiv:1810.12894},
  year={2018}
}

@inproceedings{kim2019emi,
  title={EMI: Exploration with Mutual Information},
  author={Kim, Hyoungseok and Kim, Jaekyeom and Jeong, Yeonwoo and Levine, Sergey and Song, Hyun Oh},
  booktitle={International Conference on Machine Learning},
  pages={3360--3369},
  year={2019}
}

@article{badia2020never,
  title={Never give up: Learning directed exploration strategies},
  author={Badia, Adri{\`a} Puigdom{\`e}nech and Sprechmann, Pablo and Vitvitskyi, Alex and Guo, Daniel and Piot, Bilal and Kapturowski, Steven and Tieleman, Olivier and Arjovsky, Mart{\'\i}n and Pritzel, Alexander and Bolt, Andew and others},
  journal={arXiv preprint arXiv:2002.06038},
  year={2020}
}

%%%%%%% single-agent deep RL application

@article{mnih2015human,
  title={Human-level control through deep reinforcement learning},
  author={Mnih, Volodymyr and Kavukcuoglu, Koray and Silver, David and Rusu, Andrei A and Veness, Joel and Bellemare, Marc G and Graves, Alex and Riedmiller, Martin and Fidjeland, Andreas K and Ostrovski, Georg and others},
  journal={Nature},
  volume={518},
  number={7540},
  pages={529},
  year={2015},
  publisher={Nature Publishing Group}
}

@article{silver2016mastering,
  title={Mastering the game of Go with deep neural networks and tree search},
  author={Silver, David and Huang, Aja and Maddison, Chris J and Guez, Arthur and Sifre, Laurent and Van Den Driessche, George and Schrittwieser, Julian and Antonoglou, Ioannis and Panneershelvam, Veda and Lanctot, Marc and others},
  journal={nature},
  volume={529},
  number={7587},
  pages={484--489},
  year={2016},
  publisher={Nature Publishing Group}
}

@article{mirowski2016learning,
  title={Learning to navigate in complex environments},
  author={Mirowski, Piotr and Pascanu, Razvan and Viola, Fabio and Soyer, Hubert and Ballard, Andrew J and Banino, Andrea and Denil, Misha and Goroshin, Ross and Sifre, Laurent and Kavukcuoglu, Koray and others},
  journal={arXiv preprint arXiv:1611.03673},
  year={2016}
}

@inproceedings{badia2020agent57,
  title={Agent57: Outperforming the atari human benchmark},
  author={Badia, Adri{\`a} Puigdom{\`e}nech and Piot, Bilal and Kapturowski, Steven and Sprechmann, Pablo and Vitvitskyi, Alex and Guo, Zhaohan Daniel and Blundell, Charles},
  booktitle={International Conference on Machine Learning},
  pages={507--517},
  year={2020},
  organization={PMLR}
}

@inproceedings{wu2016training,
  title={Training agent for first-person shooter game with actor-critic curriculum learning},
  author={Wu, Yuxin and Tian, Yuandong},
  booktitle={Proceedings of the International Conference on Learning Representations (ICLR)},
  year={2016}
}

@article{wu2018building,
  title={Building generalizable agents with a realistic and rich 3d environment},
  author={Wu, Yi and Wu, Yuxin and Gkioxari, Georgia and Tian, Yuandong},
  journal={arXiv preprint arXiv:1801.02209},
  year={2018}
}

@article{riedmiller2018learning,
  title={Learning by playing-solving sparse reward tasks from scratch},
  author={Riedmiller, Martin and Hafner, Roland and Lampe, Thomas and Neunert, Michael and Degrave, Jonas and Van de Wiele, Tom and Mnih, Volodymyr and Heess, Nicolas and Springenberg, Jost Tobias},
  journal={arXiv preprint arXiv:1802.10567},
  year={2018}
}

@inproceedings{pathak2018zero,
  title={Zero-shot visual imitation},
  author={Pathak, Deepak and Mahmoudieh, Parsa and Luo, Guanghao and Agrawal, Pulkit and Chen, Dian and Shentu, Yide and Shelhamer, Evan and Malik, Jitendra and Efros, Alexei A and Darrell, Trevor},
  booktitle={Proceedings of the IEEE Conference on Computer Vision and Pattern Recognition Workshops},
  pages={2050--2053},
  year={2018}
}

@misc{ OpenAI_dota,
      author = {OpenAI},
      title = {OpenAI Five},
      howpublished = {\url{https://blog.openai.com/openai-five/}},
      year = {2018}}

@inproceedings{Schaul2016, 
  title={Prioritized experience replay},
  author={Schaul, T., Quan, J., Antonoglou, I., Silver, D., Deepmind, G.} ,
  year={2016},
  pages={1--21},
  booktitle={Proceedings of the International Conference on Learning Representations (ICLR)}
}
%%%%%%% Weakly-coupled Dec-POMDP
@inproceedings{witwicki2010influence,
  title={Influence-Based Policy Abstraction for Weakly-Coupled Dec-POMDPs},
  author={Witwicki, Stefan John and Durfee, Edmund Howell},
  booktitle={Twentieth International Conference on Automated Planning and Scheduling},
  year={2010}
}

@inproceedings{mostafa2011compact,
  title={Compact mathematical programs For DEC-MDPs With structured agent interactions},
  author={Mostafa, Hala and Lesser, Victor},
  booktitle={Proceedings of the Twenty-Seventh Conference on Uncertainty in Artificial Intelligence},
  pages={523--530},
  year={2011},
  organization={AUAI Press}
}

@article{zhou2017multiagent,
  title={Multiagent reinforcement learning with sparse interactions by negotiation and knowledge transfer},
  author={Zhou, Luowei and Yang, Pei and Chen, Chunlin and Gao, Yang},
  journal={IEEE transactions on cybernetics},
  volume={47},
  number={5},
  pages={1238--1250},
  year={2017},
  publisher={IEEE}
}


%%%%%% Multi-agent exploration

@inproceedings{dimakopoulou2018coordinated,
  title={Coordinated Exploration in Concurrent Reinforcement Learning},
  author={Dimakopoulou, Maria and Van Roy, Benjamin},
  booktitle={International Conference on Machine Learning},
  pages={1270--1278},
  year={2018}
}

@inproceedings{dimakopoulou2018scalable,
  title={Scalable coordinated exploration in concurrent reinforcement learning},
  author={Dimakopoulou, Maria and Osband, Ian and Van Roy, Benjamin},
  booktitle={Advances in Neural Information Processing Systems},
  pages={4219--4227},
  year={2018}
}

@article{iqbal2019coordinated,
  title={Coordinated Exploration via Intrinsic Rewards for Multi-Agent Reinforcement Learning},
  author={Iqbal, Shariq and Sha, Fei},
  journal={arXiv preprint arXiv:1905.12127},
  year={2019}
}

%%%%%%%%  Multi-Agent Applications
@article{cao2012overview,
  title={An overview of recent progress in the study of distributed multi-agent coordination},
  author={Cao, Yongcan and Yu, Wenwu and Ren, Wei and Chen, Guanrong},
  journal={IEEE Transactions on Industrial informatics},
  volume={9},
  number={1},
  pages={427--438},
  year={2012},
  publisher={IEEE}
}

@incollection{nowe2012game,
  title={Game theory and multi-agent reinforcement learning},
  author={Now{\'e}, Ann and Vrancx, Peter and De Hauwere, Yann-Micha{\"e}l},
  booktitle={Reinforcement Learning},
  pages={441--470},
  year={2012},
  publisher={Springer}
}

@inproceedings{zhang2011coordinated,
  title={Coordinated multi-agent reinforcement learning in networked distributed POMDPs},
  author={Zhang, Chongjie and Lesser, Victor},
  booktitle={Twenty-Fifth AAAI Conference on Artificial Intelligence},
  year={2011}
}

@article{zhao2024bandit,
  title={The bandit whisperer: Communication learning for restless bandits},
  author={Zhao, Yunfan and Wang, Tonghan and Nagaraj, Dheeraj and Taneja, Aparna and Tambe, Milind},
  journal={arXiv preprint arXiv:2408.05686},
  year={2024}
}

@article{buford2006multi,
  title={Multi-agent situation management for supporting large-scale disaster relief operations},
  author={Buford, John F and Jakobson, Gabriel and Lewis, Lundy},
  journal={International Journal of Intelligent Control and Systems},
  volume={11},
  number={4},
  pages={284--295},
  year={2006}
}

@inproceedings{pipattanasomporn2009multi,
  title={Multi-agent systems in a distributed smart grid: Design and implementation},
  author={Pipattanasomporn, Manisa and Feroze, Hassan and Rahman, Saifur},
  booktitle={2009 IEEE/PES Power Systems Conference and Exposition},
  pages={1--8},
  year={2009},
  organization={IEEE}
}

@misc{pham2018cooperative,
    title={Cooperative and Distributed Reinforcement Learning of Drones for Field Coverage},
    author={Huy Xuan Pham and Hung Manh La and David Feil-Seifer and Aria Nefian},
    year={2018},
    eprint={1803.07250},
    archivePrefix={arXiv},
    primaryClass={cs.RO}
}

@article{zhao2018multi,
   title={Multi-vehicle Flocking Control with Deep Deterministic Policy Gradient Method},
   ISBN={9781538660898},
   url={http://dx.doi.org/10.1109/ICCA.2018.8444355},
   DOI={10.1109/icca.2018.8444355},
   journal={2018 IEEE 14th International Conference on Control and Automation (ICCA)},
   publisher={IEEE},
   author={Xu, Zhao and Lyu, Yang and Pan, Quan and Hu, Jinwen and Zhao, Chunhui and Liu, Shuai},
   year={2018},
   month={Jun}
}

@inproceedings{stranders2009decentralised,
  title={Decentralised coordination of mobile sensors using the max-sum algorithm},
  author={Stranders, Ruben and Farinelli, Alessandro and Rogers, Alex and Jennings, Nick},
  booktitle={Twenty-First International Joint Conference on Artificial Intelligence},
  year={2009}
}

@book{lesser2012distributed,
  title={Distributed sensor networks: A multiagent perspective},
  author={Lesser, Victor and Ortiz Jr, Charles L and Tambe, Milind},
  volume={9},
  year={2012},
  publisher={Springer Science \& Business Media}
}

@article{huttenrauch2017guided,
  title={Guided deep reinforcement learning for swarm systems},
  author={H{\"u}ttenrauch, Maximilian and {\v{S}}o{\v{s}}i{\'c}, Adrian and Neumann, Gerhard},
  journal={arXiv preprint arXiv:1709.06011},
  year={2017}
} % Coordination of robot swarms

% Multi-Agent Individuality
@article{jiang2020emergence,
  title={The Emergence of Individuality in Multi-Agent Reinforcement Learning},
  author={Jiang, Jiechuan and Lu, Zongqing},
  journal={arXiv preprint arXiv:2006.05842},
  year={2020}
}

%%%%%%%%  Mutual information - intrinsically-motivated 
@incollection{rubin2012trading,
  title={Trading value and information in MDPs},
  author={Rubin, Jonathan and Shamir, Ohad and Tishby, Naftali},
  booktitle={Decision Making with Imperfect Decision Makers},
  pages={57--74},
  year={2012},
  publisher={Springer}
}

@article{still2012information,
  title={An information-theoretic approach to curiosity-driven reinforcement learning},
  author={Still, Susanne and Precup, Doina},
  journal={Theory in Biosciences},
  volume={131},
  number={3},
  pages={139--148},
  year={2012},
  publisher={Springer}
}

@article{salge2014changing,
  title={Changing the environment based on empowerment as intrinsic motivation},
  author={Salge, Christoph and Glackin, Cornelius and Polani, Daniel},
  journal={Entropy},
  volume={16},
  number={5},
  pages={2789--2819},
  year={2014},
  publisher={Multidisciplinary Digital Publishing Institute}
}

@inproceedings{mohamed2015variational,
  title={Variational information maximisation for intrinsically motivated reinforcement learning},
  author={Mohamed, Shakir and Rezende, Danilo Jimenez},
  booktitle={Advances in neural information processing systems},
  pages={2125--2133},
  year={2015}
}

%%%%%  Mutual Information Application
@book{cover2012elements,
  title={Elements of information theory},
  author={Cover, Thomas M and Thomas, Joy A},
  year={2012},
  publisher={John Wiley \& Sons}
}

@inproceedings{buhmann2011information,
  title={Information theoretic model selection for pattern analysis},
  author={Buhmann, Joachim M and Chehreghani, Morteza Haghir and Frank, Mario and Streich, Andreas P},
  booktitle={Proceedings of the 2011 International Conference on Unsupervised and Transfer Learning workshop-Volume 27},
  pages={51--65},
  year={2011},
  organization={JMLR. org}
}

%%% . %%%

%%% Multi-agent intrinsic reward
@inproceedings{jaques2019social,
  title={Social Influence as Intrinsic Motivation for Multi-Agent Deep Reinforcement Learning},
  author={Jaques, Natasha and Lazaridou, Angeliki and Hughes, Edward and Gulcehre, Caglar and Ortega, Pedro and Strouse, Dj and Leibo, Joel Z and De Freitas, Nando},
  booktitle={International Conference on Machine Learning},
  pages={3040--3049},
  year={2019}
}

@inproceedings{strouse2018learning,
  title={Learning to share and hide intentions using information regularization},
  author={Strouse, DJ and Kleiman-Weiner, Max and Tenenbaum, Josh and Botvinick, Matt and Schwab, David J},
  booktitle={Advances in Neural Information Processing Systems},
  pages={10249--10259},
  year={2018}
}

@inproceedings{hughes2018inequity,
  title={Inequity aversion improves cooperation in intertemporal social dilemmas},
  author={Hughes, Edward and Leibo, Joel Z and Phillips, Matthew and Tuyls, Karl and Due{\~n}ez-Guzman, Edgar and Casta{\~n}eda, Antonio Garc{\'\i}a and Dunning, Iain and Zhu, Tina and McKee, Kevin and Koster, Raphael and others},
  booktitle={Advances in Neural Information Processing Systems},
  pages={3330--3340},
  year={2018}
}

% %% Multi-Agent Reinfrocement Learning
@inproceedings{tan1993multi,
  title={Multi-agent reinforcement learning: Independent vs. cooperative agents},
  author={Tan, Ming},
  booktitle={Proceedings of the tenth international conference on machine learning},
  pages={330--337},
  year={1993}
}

@article{claus1998dynamics,
  title={The dynamics of reinforcement learning in cooperative multiagent systems},
  author={Claus, Caroline and Boutilier, Craig},
  journal={AAAI/IAAI},
  volume={1998},
  number={746-752},
  pages={2},
  year={1998}
}

@inproceedings{foerster2018counterfactual,
  title={Counterfactual multi-agent policy gradients},
  author={Foerster, Jakob N and Farquhar, Gregory and Afouras, Triantafyllos and Nardelli, Nantas and Whiteson, Shimon},
  booktitle={Thirty-Second AAAI Conference on Artificial Intelligence},
  year={2018}
}

@inproceedings{wang2021off,
  title={DOP: Off-Policy Multi-Agent Decomposed Policy Gradients},
  author={Wang, Yihan and Han, Beining and Wang, Tonghan and Dong, Heng and Zhang, Chongjie},
  booktitle={Proceedings of the International Conference on Learning Representations (ICLR)},
  year={2021}
}

@inproceedings{lowe2017multi,
  title={Multi-agent actor-critic for mixed cooperative-competitive environments},
  author={Lowe, Ryan and Wu, Yi and Tamar, Aviv and Harb, Jean and Abbeel, OpenAI Pieter and Mordatch, Igor},
  booktitle={Advances in Neural Information Processing Systems},
  pages={6379--6390},
  year={2017}
}

@inproceedings{yang2018mean,
  title={Mean Field Multi-Agent Reinforcement Learning},
  author={Yang, Yaodong and Luo, Rui and Li, Minne and Zhou, Ming and Zhang, Weinan and Wang, Jun},
  booktitle={International Conference on Machine Learning},
  pages={5571--5580},
  year={2018}
}

@inproceedings{iqbal2019actor,
  title={Actor-Attention-Critic for Multi-Agent Reinforcement Learning},
  author={Iqbal, Shariq and Sha, Fei},
  booktitle={International Conference on Machine Learning},
  pages={2961--2970},
  year={2019}
}

@inproceedings{zhang2018fully,
  title={Fully Decentralized Multi-Agent Reinforcement Learning with Networked Agents},
  author={Zhang, Kaiqing and Yang, Zhuoran and Liu, Han and Zhang, Tong and Basar, Tamer},
  booktitle={International Conference on Machine Learning},
  pages={5872--5881},
  year={2018}
}

@article{cassano2018multi,
  title={Multi-Agent Fully Decentralized Value Function Learning with Linear Convergence Rates},
  author={Cassano, Lucas and Yuan, Kun and Sayed, Ali H},
  journal={arXiv preprint arXiv:1810.07792},
  year={2018}
}

@article{suttle2019multi,
  title={A multi-agent off-policy actor-critic algorithm for distributed reinforcement learning},
  author={Suttle, Wesley and Yang, Zhuoran and Zhang, Kaiqing and Wang, Zhaoran and Basar, Tamer and Liu, Ji},
  journal={arXiv preprint arXiv:1903.06372},
  year={2019}
}

@article{zhang2019distributed,
  title={Distributed off-policy actor-critic reinforcement learning with policy consensus},
  author={Zhang, Yan and Zavlanos, Michael M},
  journal={arXiv preprint arXiv:1903.09255},
  year={2019}
}

@article{tampuu2017multiagent,
  title={Multiagent cooperation and competition with deep reinforcement learning},
  author={Tampuu, Ardi and Matiisen, Tambet and Kodelja, Dorian and Kuzovkin, Ilya and Korjus, Kristjan and Aru, Juhan and Aru, Jaan and Vicente, Raul},
  journal={PloS one},
  volume={12},
  number={4},
  pages={e0172395},
  year={2017},
  publisher={Public Library of Science}
}

@inproceedings{wen2019probabilistic,
  title={Probabilistic recursive reasoning for multi-agent reinforcement learning},
  author={Wen, Ying and Yang, Yaodong and Luo, Rui and Wang, Jun and Pan, Wei},
  booktitle={Proceedings of the International Conference on Learning Representations (ICLR)},
  year={2019}
}

@article{macua2017diff,
  title={Diff-dac: Distributed actor-critic for multitask deep reinforcement learning},
  author={Macua, Sergio Valcarcel and Tukiainen, Aleksi and Hern{\'a}ndez, Daniel Garc{\'\i}a-Oca{\~n}a and Baldazo, David and de Cote, Enrique Munoz and Zazo, Santiago},
  journal={arXiv preprint arXiv:1710.10363},
  year={2017}
}


%%%%%%%Single-agent PG
@inproceedings{sutton2000policy,
  title={Policy gradient methods for reinforcement learning with function approximation},
  author={Sutton, Richard S and McAllester, David A and Singh, Satinder P and Mansour, Yishay},
  booktitle={Advances in neural information processing systems},
  pages={1057--1063},
  year={2000}
}

% %%%%%%% 

@inproceedings{klyubin2005empowerment,
  title={Empowerment: A universal agent-centric measure of control},
  author={Klyubin, Alexander S and Polani, Daniel and Nehaniv, Chrystopher L},
  booktitle={2005 IEEE Congress on Evolutionary Computation},
  volume={1},
  pages={128--135},
  year={2005},
  organization={IEEE}
}

@inproceedings{houthooft2016vime,
  title={Vime: Variational information maximizing exploration},
  author={Houthooft, Rein and Chen, Xi and Duan, Yan and Schulman, John and De Turck, Filip and Abbeel, Pieter},
  booktitle={Advances in Neural Information Processing Systems},
  pages={1109--1117},
  year={2016}
}

@article{barron2018information,
  title={Information Maximizing Exploration with a Latent Dynamics Model},
  author={Barron, Trevor and Obst, Oliver and Amor, Heni Ben},
  journal={arXiv preprint arXiv:1804.01238},
  year={2018}
}

@inproceedings{foerster2018learning,
  title={Learning with opponent-learning awareness},
  author={Foerster, Jakob and Chen, Richard Y and Al-Shedivat, Maruan and Whiteson, Shimon and Abbeel, Pieter and Mordatch, Igor},
  booktitle={Proceedings of the 17th International Conference on Autonomous Agents and MultiAgent Systems},
  pages={122--130},
  year={2018},
  organization={International Foundation for Autonomous Agents and Multiagent Systems}
}

@inproceedings{teh2017distral,
  title={Distral: Robust multitask reinforcement learning},
  author={Teh, Yee and Bapst, Victor and Czarnecki, Wojciech M and Quan, John and Kirkpatrick, James and Hadsell, Raia and Heess, Nicolas and Pascanu, Razvan},
  booktitle={Advances in Neural Information Processing Systems},
  pages={4496--4506},
  year={2017}
}

@inproceedings{foerster2017stabilising,
  title={Stabilising experience replay for deep multi-agent reinforcement learning},
  author={Foerster, Jakob and Nardelli, Nantas and Farquhar, Gregory and Afouras, Triantafyllos and Torr, Philip HS and Kohli, Pushmeet and Whiteson, Shimon},
  booktitle={Proceedings of the 34th International Conference on Machine Learning-Volume 70},
  pages={1146--1155},
  year={2017},
  organization={JMLR. org}
}

@inproceedings{chentanez2005intrinsically,
  title={Intrinsically motivated reinforcement learning},
  author={Chentanez, Nuttapong and Barto, Andrew G and Singh, Satinder P},
  booktitle={Advances in neural information processing systems},
  pages={1281--1288},
  year={2005}
}

@inproceedings{leibo2017multi,
  title={Multi-agent reinforcement learning in sequential social dilemmas},
  author={Leibo, Joel Z and Zambaldi, Vinicius and Lanctot, Marc and Marecki, Janusz and Graepel, Thore},
  booktitle={Proceedings of the 16th Conference on Autonomous Agents and MultiAgent Systems},
  pages={464--473},
  year={2017},
  organization={International Foundation for Autonomous Agents and Multiagent Systems}
}

@article{schulman2017proximal,
  title={Proximal policy optimization algorithms},
  author={Schulman, John and Wolski, Filip and Dhariwal, Prafulla and Radford, Alec and Klimov, Oleg},
  journal={arXiv preprint arXiv:1707.06347},
  year={2017}
}

@article{williams1992simple,
  title={Simple statistical gradient-following algorithms for connectionist reinforcement learning},
  author={Williams, Ronald J},
  journal={Machine learning},
  volume={8},
  number={3-4},
  pages={229--256},
  year={1992},
  publisher={Springer}
}

@inproceedings{chen2016infogan,
  title={Infogan: Interpretable representation learning by information maximizing generative adversarial nets},
  author={Chen, Xi and Duan, Yan and Houthooft, Rein and Schulman, John and Sutskever, Ilya and Abbeel, Pieter},
  booktitle={Advances in neural information processing systems},
  pages={2172--2180},
  year={2016}
}

@article{kingma2013auto,
  title={Auto-encoding variational bayes},
  author={Kingma, Diederik P and Welling, Max},
  booktitle={Proceedings of International Conference on Learning Representations},
  year={2014}
}

@article{rezende2014stochastic,
  title={Stochastic backpropagation and approximate inference in deep generative models},
  author={Rezende, Danilo Jimenez and Mohamed, Shakir and Wierstra, Daan},
  journal={arXiv preprint arXiv:1401.4082},
  year={2014}
}

@article{oudeyer2009intrinsic,
  title={What is intrinsic motivation? A typology of computational approaches},
  author={Oudeyer, Pierre-Yves and Kaplan, Frederic},
  journal={Frontiers in neurorobotics},
  volume={1},
  pages={6},
  year={2009},
  publisher={Frontiers}
}

@misc{baselines,
  author = {Dhariwal, Prafulla and Hesse, Christopher and Klimov, Oleg and Nichol, Alex and Plappert, Matthias and Radford, Alec and Schulman, John and Sidor, Szymon and Wu, Yuhuai and Zhokhov, Peter},
  title = {OpenAI Baselines},
  year = {2017},
  publisher = {GitHub},
  journal = {GitHub repository},
  howpublished = {\url{https://github.com/openai/baselines}},
}

@article{Kingma2014Adam,
  title={Adam: A Method for Stochastic Optimization},
  author={Kingma, Diederik and Ba, Jimmy},
  journal={Computer Science},
  year={2014},
}

@inproceedings{zhang2013coordinating,
  title={Coordinating multi-agent reinforcement learning with limited communication},
  author={Zhang, Chongjie and Lesser, Victor},
  booktitle={Proceedings of the 2013 international conference on Autonomous agents and multi-agent systems},
  pages={1101--1108},
  year={2013},
  organization={International Foundation for Autonomous Agents and Multiagent Systems}
}

@inproceedings{kim2019learning,
  title={Learning to Schedule Communication in Multi-agent Reinforcement Learning},
  author={Kim, Daewoo and Moon, Sangwoo and Hostallero, David and Kang, Wan Ju and Lee, Taeyoung and Son, Kyunghwan and Yi, Yung},
  booktitle={Proceedings of the International Conference on Learning Representations (ICLR)},
  year={2019}
}

@article{fox2012tutorial,
  title={A tutorial on variational Bayesian inference},
  author={Fox, Charles W and Roberts, Stephen J},
  journal={Artificial intelligence review},
  volume={38},
  number={2},
  pages={85--95},
  year={2012},
  publisher={Springer}
}

@inproceedings{Chalkiadakis:2003:CMR:860575.860689,
 author = {Chalkiadakis, Georgios and Boutilier, Craig},
 title = {Coordination in Multiagent Reinforcement Learning: A Bayesian Approach},
 booktitle = {Proceedings of the Second International Joint Conference on Autonomous Agents and Multiagent Systems},
 series = {AAMAS '03},
 year = {2003},
 isbn = {1-58113-683-8},
 location = {Melbourne, Australia},
 pages = {709--716},
 numpages = {8},
 url = {http://doi.acm.org/10.1145/860575.860689},
 doi = {10.1145/860575.860689},
 acmid = {860689},
 publisher = {ACM},
 address = {New York, NY, USA},
 keywords = {Bayesian methods, multiagent learning, reinforcement learning},
}

@article{kang2020incorporating,
  title={Incorporating Pragmatic Reasoning Communication into Emergent Language},
  author={Kang, Yipeng and Wang, Tonghan and de Melo, Gerard},
  journal={Advances in Neural Information Processing Systems},
  volume={33},
  year={2020}
}

% Dec-POMDPs

@book{oliehoek2016concise,
  title={A concise introduction to decentralized POMDPs},
  author={Oliehoek, Frans A and Amato, Christopher and others},
  volume={1},
  year={2016},
  publisher={Springer}
}

@inproceedings{Decpomdp2002complexity,
    title={The complexity of decentralized control of Markov decision processes},
    author={Bernstein, D. S., Givan, R., Immerman, N.,  Zilberstein, S},  booktitle={Mathematics of Operations Research},
    year={2002},
    pages={819--840}
}
% Difference rewards or reward assignment

@incollection{wolpert2002optimal,
  title={Optimal payoff functions for members of collectives},
  author={Wolpert, David H and Tumer, Kagan},
  booktitle={Modeling complexity in economic and social systems},
  pages={355--369},
  year={2002},
  publisher={World Scientific}
}

@inproceedings{nguyen2018credit,
  title={Credit assignment for collective multiagent RL with global rewards},
  author={Nguyen, Duc Thien and Kumar, Akshat and Lau, Hoong Chuin},
  booktitle={Advances in Neural Information Processing Systems},
  pages={8102--8113},
  year={2018}
}

@inproceedings{tumer2002learning,
author = {Tumer, Kagan and Agogino, Adrian K. and Wolpert, David H.},
title = {Learning Sequences of Actions in Collectives of Autonomous Agents},
year = {2002},
isbn = {1581134800},
publisher = {Association for Computing Machinery},
address = {New York, NY, USA},
url = {https://doi.org/10.1145/544741.544832},
doi = {10.1145/544741.544832},
booktitle = {Proceedings of the First International Joint Conference on Autonomous Agents and Multiagent Systems: Part 1},
pages = {378–385},
numpages = {8},
keywords = {Q-learning, MAS, reinforcement learning},
location = {Bologna, Italy},
series = {AAMAS ’02}
}

@inproceedings{agogino2004unifying,
author = {Agogino, Adrian K. and Tumer, Kagan},
title = {Unifying Temporal and Structural Credit Assignment Problems},
year = {2004},
isbn = {1581138644},
publisher = {IEEE Computer Society},
address = {USA},
booktitle = {Proceedings of the Third International Joint Conference on Autonomous Agents and Multiagent Systems - Volume 2},
pages = {980–987},
numpages = {8},
location = {New York, New York},
series = {AAMAS ’04}
}

% Stag Hunt game

@inproceedings{peysakhovich2018prosocial,
  title={Prosocial learning agents solve generalized stag hunts better than selfish ones},
  author={Peysakhovich, Alexander and Lerer, Adam},
  booktitle={Proceedings of the 17th International Conference on Autonomous Agents and MultiAgent Systems},
  pages={2043--2044},
  year={2018},
  organization={International Foundation for Autonomous Agents and Multiagent Systems}
}

% centralized training and decentralized execution
% Value decomposition
@inproceedings{guestrin2002coordinated,
  title={Coordinated reinforcement learning},
  author={Guestrin, Carlos and Lagoudakis, Michail and Parr, Ronald},
  booktitle={ICML},
  volume={2},
  pages={227--234},
  year={2002},
  organization={Citeseer}
}

@inproceedings{castellini2019representational,
  title={The representational capacity of action-value networks for multi-agent reinforcement learning},
  author={Castellini, Jacopo and Oliehoek, Frans A and Savani, Rahul and Whiteson, Shimon},
  booktitle={Proceedings of the 18th International Conference on Autonomous Agents and MultiAgent Systems},
  pages={1862--1864},
  year={2019},
  organization={International Foundation for Autonomous Agents and Multiagent Systems}
}

@inproceedings{rashid2018qmix,
  title={QMIX: Monotonic Value Function Factorisation for Deep Multi-Agent Reinforcement Learning},
  author={Rashid, Tabish and Samvelyan, Mikayel and Witt, Christian Schroeder and Farquhar, Gregory and Foerster, Jakob and Whiteson, Shimon},
  booktitle={International Conference on Machine Learning},
  pages={4292--4301},
  year={2018}
}

@article{rashid2020monotonic,
  title={Monotonic Value Function Factorisation for Deep Multi-Agent Reinforcement Learning},
  author={Rashid, Tabish and Samvelyan, Mikayel and De Witt, Christian Schroeder and Farquhar, Gregory and Foerster, Jakob and Whiteson, Shimon},
  journal={arXiv preprint arXiv:2003.08839},
  year={2020}
}

@inproceedings{wang2020learning,
  title={Learning Nearly Decomposable Value Functions with Communication Minimization},
  author={Wang, Tonghan and Wang, Jianhao and Zheng, Chongyi and Zhang, Chongjie},
  booktitle={Proceedings of the International Conference on Learning Representations (ICLR)},
  year={2020}
}

@inproceedings{sunehag2018value,
  title={Value-decomposition networks for cooperative multi-agent learning based on team reward},
  author={Sunehag, Peter and Lever, Guy and Gruslys, Audrunas and Czarnecki, Wojciech Marian and Zambaldi, Vinicius and Jaderberg, Max and Lanctot, Marc and Sonnerat, Nicolas and Leibo, Joel Z and Tuyls, Karl and others},
  booktitle={Proceedings of the 17th International Conference on Autonomous Agents and MultiAgent Systems},
  pages={2085--2087},
  year={2018},
  organization={International Foundation for Autonomous Agents and Multiagent Systems}
}

@article{wang2020qplex,
  title={QPLEX: Duplex Dueling Multi-Agent Q-Learning},
  author={Wang, Jianhao and Ren, Zhizhou and Liu, Terry and Yu, Yang and Zhang, Chongjie},
  journal={International Conference on Learning Representations (ICLR)},
  year={2021}
}

@article{rashid2020weighted,
  title={Weighted QMIX: Expanding Monotonic Value Function Factorisation for Deep Multi-Agent Reinforcement Learning},
  author={Rashid, Tabish and Farquhar, Gregory and Peng, Bei and Whiteson, Shimon},
  journal={Advances in Neural Information Processing Systems},
  volume={33},
  year={2020}
}

@article{iqbal2020ai,
  title={AI-QMIX: Attention and Imagination for Dynamic Multi-Agent Reinforcement Learning},
  author={Iqbal, Shariq and de Witt, Christian A Schroeder and Peng, Bei and B{\"o}hmer, Wendelin and Whiteson, Shimon and Sha, Fei},
  journal={arXiv preprint arXiv:2006.04222},
  year={2020}
}

@inproceedings{wang2019action,
  title={Action Semantics Network: Considering the Effects of Actions in Multiagent Systems},
  author={Wang, Weixun and Liu, Tianpei Yang Yong and Hao, Jianye and Hao, Xiaotian and Hu, Yujing and Chen, Yingfeng and Fan, Changjie and Gao, Yang},
  booktitle={Proceedings of the International Conference on Learning Representations (ICLR)},
  year={2020}
}

@article{roy2020promoting,
  title={Promoting Coordination through Policy Regularization in Multi-Agent Deep Reinforcement Learning},
  author={Roy, Julien and Barde, Paul and Harvey, F{\'e}lix and Nowrouzezahrai, Derek and Pal, Chris},
  journal={Advances in Neural Information Processing Systems},
  volume={33},
  year={2020}
}

@inproceedings{mao2020neighborhood,
  title={Neighborhood cognition consistent multi-agent reinforcement learning},
  author={Mao, Hangyu and Liu, Wulong and Hao, Jianye and Luo, Jun and Li, Dong and Zhang, Zhengchao and Wang, Jun and Xiao, Zhen},
  booktitle={Proceedings of the AAAI Conference on Artificial Intelligence},
  volume={34},
  number={05},
  pages={7219--7226},
  year={2020}
}

@article{arslan2016decentralized,
  title={Decentralized Q-learning for stochastic teams and games},
  author={Arslan, G{\"u}rdal and Y{\"u}ksel, Serdar},
  journal={IEEE Transactions on Automatic Control},
  volume={62},
  number={4},
  pages={1545--1558},
  year={2016},
  publisher={IEEE}
}

@inproceedings{gupta2017cooperative,
  title={Cooperative multi-agent control using deep reinforcement learning},
  author={Gupta, Jayesh K and Egorov, Maxim and Kochenderfer, Mykel},
  booktitle={International Conference on Autonomous Agents and Multiagent Systems},
  pages={66--83},
  year={2017},
  organization={Springer}
}

% QTRAN
@inproceedings{son2019qtran,
  title={QTRAN: Learning to Factorize with Transformation for Cooperative Multi-Agent Reinforcement Learning},
  author={Son, Kyunghwan and Kim, Daewoo and Kang, Wan Ju and Hostallero, David Earl and Yi, Yung},
  booktitle={International Conference on Machine Learning},
  pages={5887--5896},
  year={2019}
}

@misc{son2020qtran,
      title={QTRAN++: Improved Value Transformation for Cooperative Multi-Agent Reinforcement Learning}, 
      author={Kyunghwan Son and Sungsoo Ahn and Roben Delos Reyes and Jinwoo Shin and Yung Yi},
      year={2020},
      eprint={2006.12010},
      archivePrefix={arXiv},
      primaryClass={cs.LG}
}

@inproceedings{mahajan2019maven,
  title={MAVEN: Multi-Agent Variational Exploration},
  author={Mahajan, Anuj and Rashid, Tabish and Samvelyan, Mikayel and Whiteson, Shimon},
  booktitle={Advances in Neural Information Processing Systems},
  pages={7611--7622},
  year={2019}
}

@inproceedings{wang2020influence,
  title={Influence-Based Multi-Agent Exploration},
  author={Wang, Tonghan and Wang, Jianhao and Yi, Wu and Zhang, Chongjie},
  booktitle={Proceedings of the International Conference on Learning Representations (ICLR)},
  year={2020}
}

@inproceedings{baker2020emergent,
  title={Emergent tool use from multi-agent autocurricula},
  author={Baker, Bowen and Kanitscheider, Ingmar and Markov, Todor and Wu, Yi and Powell, Glenn and McGrew, Bob and Mordatch, Igor},
  booktitle={Proceedings of the International Conference on Learning Representations (ICLR)},
  year={2020}
}

@article{vinyals2019grandmaster,
  title={Grandmaster level in StarCraft II using multi-agent reinforcement learning},
  author={Vinyals, Oriol and Babuschkin, Igor and Czarnecki, Wojciech M and Mathieu, Micha{\"e}l and Dudzik, Andrew and Chung, Junyoung and Choi, David H and Powell, Richard and Ewalds, Timo and Georgiev, Petko and others},
  journal={Nature},
  volume={575},
  number={7782},
  pages={350--354},
  year={2019},
  publisher={Nature Publishing Group}
}

@article{schrittwieser2020muzero,
  title={MuZero: Mastering Go, chess, shogi and Atari without rules},
  author={Schrittwieser, Julian and Antonoglou, Ioannis and Hubert, Thomas and Simonyan, K and Sifre, L and Schmitt, S and Guez, A and Lockhart, E and Hassabis, D and Graepel, T and others},
  journal={DeepMind, December},
  volume={23},
  year={2020}
}

@article{jaderberg2019human,
  title={Human-level performance in 3D multiplayer games with population-based reinforcement learning},
  author={Jaderberg, Max and Czarnecki, Wojciech M and Dunning, Iain and Marris, Luke and Lever, Guy and Castaneda, Antonio Garcia and Beattie, Charles and Rabinowitz, Neil C and Morcos, Ari S and Ruderman, Avraham and others},
  journal={Science},
  volume={364},
  number={6443},
  pages={859--865},
  year={2019},
  publisher={American Association for the Advancement of Science}
}

@article{berner2019dota,
  title={Dota 2 with Large Scale Deep Reinforcement Learning},
  author={Berner, Christopher and Brockman, Greg and Chan, Brooke and Cheung, Vicki and Debiak, Przemyslaw and Dennison, Christy and Farhi, David and Fischer, Quirin and Hashme, Shariq and Hesse, Chris and others},
  journal={arXiv preprint arXiv:1912.06680},
  year={2019}
}

@article{morales2021survey,
  title={A survey on deep learning and deep reinforcement learning in robotics with a tutorial on deep reinforcement learning},
  author={Morales, Eduardo F and Murrieta-Cid, Rafael and Becerra, Israel and Esquivel-Basaldua, Marco A},
  journal={Intelligent Service Robotics},
  volume={14},
  number={5},
  pages={773--805},
  year={2021},
  publisher={Springer}
}

@article{zhu2021deep,
  title={Deep reinforcement learning based mobile robot navigation: A review},
  author={Zhu, Kai and Zhang, Tao},
  journal={Tsinghua Science and Technology},
  volume={26},
  number={5},
  pages={674--691},
  year={2021},
  publisher={TUP}
}

@article{zhou2021wireless,
  title={Wireless access control in edge-aided disaster response: A deep reinforcement learning-based approach},
  author={Zhou, Hang and Wang, Xiaoyan and Umehira, Masahiro and Chen, Xianfu and Wu, Celimuge and Ji, Yusheng},
  journal={IEEE Access},
  volume={9},
  pages={46600--46611},
  year={2021},
  publisher={IEEE}
}

@inproceedings{lee2021ikea,
  title={IKEA furniture assembly environment for long-horizon complex manipulation tasks},
  author={Lee, Youngwoon and Hu, Edward S and Lim, Joseph J},
  booktitle={2021 IEEE International Conference on Robotics and Automation (ICRA)},
  pages={6343--6349},
  year={2021},
  organization={IEEE}
}

@article{koratamaddi2021market,
  title={Market sentiment-aware deep reinforcement learning approach for stock portfolio allocation},
  author={Koratamaddi, Prahlad and Wadhwani, Karan and Gupta, Mridul and Sanjeevi, Sriram G},
  journal={Engineering Science and Technology, an International Journal},
  volume={24},
  number={4},
  pages={848--859},
  year={2021},
  publisher={Elsevier}
}

@article{ning2021intelligent,
  title={Intelligent resource allocation in mobile blockchain for privacy and security transactions: a deep reinforcement learning based approach},
  author={Ning, Zhaolong and Sun, Shouming and Wang, Xiaojie and Guo, Lei and Wang, Guoyin and Gao, Xinbo and Kwok, Ricky YK},
  journal={Science China Information Sciences},
  volume={64},
  number={6},
  pages={1--16},
  year={2021},
  publisher={Springer}
}

@inproceedings{reddy2017accelerating,
  title={Accelerating human learning with deep reinforcement learning},
  author={Reddy, Siddharth and Levine, Sergey and Dragan, Anca},
  booktitle={NIPS’17 Workshop: Teaching Machines, Robots, and Humans},
  pages={5--9},
  year={2017}
}

@inproceedings{jokinen2017modelling,
  title={Modelling learning of new keyboard layouts},
  author={Jokinen, Jussi PP and Sarcar, Sayan and Oulasvirta, Antti and Silpasuwanchai, Chaklam and Wang, Zhenxin and Ren, Xiangshi},
  booktitle={Proceedings of the 2017 CHI conference on human factors in computing systems},
  pages={4203--4215},
  year={2017}
}

@article{jokinen2020adaptive,
  title={Adaptive feature guidance: Modelling visual search with graphical layouts},
  author={Jokinen, Jussi PP and Wang, Zhenxin and Sarcar, Sayan and Oulasvirta, Antti and Ren, Xiangshi},
  journal={International Journal of Human-Computer Studies},
  volume={136},
  pages={102376},
  year={2020},
  publisher={Elsevier}
}

@article{kiran2021deep,
  title={Deep reinforcement learning for autonomous driving: A survey},
  author={Kiran, B Ravi and Sobh, Ibrahim and Talpaert, Victor and Mannion, Patrick and Al Sallab, Ahmad A and Yogamani, Senthil and P{\'e}rez, Patrick},
  journal={IEEE Transactions on Intelligent Transportation Systems},
  year={2021},
  publisher={IEEE}
}

@article{boutilier2017optimizing,
  title={Optimizing a drone network to deliver automated external defibrillators},
  author={Boutilier, Justin J and Brooks, Steven C and Janmohamed, Alyf and Byers, Adam and Buick, Jason E and Zhan, Cathy and Schoellig, Angela P and Cheskes, Sheldon and Morrison, Laurie J and Chan, Timothy CY},
  journal={Circulation},
  volume={135},
  number={25},
  pages={2454--2465},
  year={2017},
  publisher={Am Heart Assoc}
}

% Explainable RL
@article{bastani2018verifiable,
  title={Verifiable reinforcement learning via policy extraction},
  author={Bastani, Osbert and Pu, Yewen and Solar-Lezama, Armando},
  journal={Advances in neural information processing systems},
  volume={31},
  year={2018}
}

@inproceedings{bewley2021tripletree,
  title={Tripletree: A versatile interpretable representation of black box agents and their environments},
  author={Bewley, Tom and Lawry, Jonathan},
  booktitle={Proceedings of the AAAI Conference on Artificial Intelligence},
  volume={35},
  number={13},
  pages={11415--11422},
  year={2021}
}

@inproceedings{koul2018learning,
  title={Learning Finite State Representations of Recurrent Policy Networks},
  author={Koul, Anurag and Fern, Alan and Greydanus, Sam},
  booktitle={International Conference on Learning Representations},
  year={2018}
}

@inproceedings{greydanus2018visualizing,
  title={Visualizing and understanding atari agents},
  author={Greydanus, Samuel and Koul, Anurag and Dodge, Jonathan and Fern, Alan},
  booktitle={International conference on machine learning},
  pages={1792--1801},
  year={2018},
  organization={PMLR}
}

@inproceedings{atrey2019exploratory,
  title={Exploratory Not Explanatory: Counterfactual Analysis of Saliency Maps for Deep Reinforcement Learning},
  author={Atrey, Akanksha and Clary, Kaleigh and Jensen, David},
  booktitle={International Conference on Learning Representations},
  year={2019}
}

@inproceedings{hasanbeig2021deepsynth,
  title={Deepsynth: Automata synthesis for automatic task segmentation in deep reinforcement learning},
  author={Hasanbeig, Mohammadhosein and Jeppu, Natasha Yogananda and Abate, Alessandro and Melham, Tom and Kroening, Daniel},
  booktitle={Proceedings of the AAAI Conference on Artificial Intelligence},
  volume={35},
  number={9},
  pages={7647--7656},
  year={2021}
}

@inproceedings{topin2019generation,
  title={Generation of policy-level explanations for reinforcement learning},
  author={Topin, Nicholay and Veloso, Manuela},
  booktitle={Proceedings of the AAAI Conference on Artificial Intelligence},
  volume={33},
  number={01},
  pages={2514--2521},
  year={2019}
}

@inproceedings{verma2018programmatically,
  title={Programmatically interpretable reinforcement learning},
  author={Verma, Abhinav and Murali, Vijayaraghavan and Singh, Rishabh and Kohli, Pushmeet and Chaudhuri, Swarat},
  booktitle={International Conference on Machine Learning},
  pages={5045--5054},
  year={2018},
  organization={PMLR}
}

@inproceedings{ehsan2018rationalization,
  title={Rationalization: A neural machine translation approach to generating natural language explanations},
  author={Ehsan, Upol and Harrison, Brent and Chan, Larry and Riedl, Mark O},
  booktitle={Proceedings of the 2018 AAAI/ACM Conference on AI, Ethics, and Society},
  pages={81--87},
  year={2018}
}

% Sharing in multi-agent RL

@article{christianos2020shared,
  title={Shared Experience Actor-Critic for Multi-Agent Reinforcement Learning},
  author={Christianos, Filippos and Sch{\"a}fer, Lukas and Albrecht, Stefano},
  journal={Advances in Neural Information Processing Systems},
  volume={33},
  year={2020}
}

@article{fu2020auto,
  title={Auto-Agent-Distiller: Towards Efficient Deep Reinforcement Learning Agents via Neural Architecture Search},
  author={Fu, Yonggan and Yu, Zhongzhi and Zhang, Yongan and Lin, Yingyan},
  journal={arXiv preprint arXiv:2012.13091},
  year={2020}
}

@article{zhu2020q,
  title={A Q-values Sharing Framework for Multiagent Reinforcement Learning under Budget Constraint},
  author={Zhu, Changxi and Leung, Ho-fung and Hu, Shuyue and Cai, Yi},
  journal={arXiv preprint arXiv:2011.14281},
  year={2020}
}

@inproceedings{zhu2019q,
  title={A Q-values sharing framework for multiple independent Q-learners},
  author={Zhu, Changxi and Leung, Ho-fung and Hu, Shuyue and Cai, Yi},
  booktitle={Proceedings of the 18th International Conference on Autonomous Agents and MultiAgent Systems},
  pages={2324--2326},
  year={2019}
}

@article{liang2020parallel,
  title={Parallel Knowledge Transfer in Multi-Agent Reinforcement Learning},
  author={Liang, Yongyuan and Li, Bangwei},
  journal={arXiv preprint arXiv:2003.13085},
  year={2020}
}

% Distributional 
@inproceedings{bellemare2017distributional,
  title={A distributional perspective on reinforcement learning},
  author={Bellemare, Marc G and Dabney, Will and Munos, R{\'e}mi},
  booktitle={Proceedings of the 34th International Conference on Machine Learning-Volume 70},
  pages={449--458},
  year={2017},
  organization={JMLR. org}
}

% Deep VIB
@inproceedings{alemi2017deep,
  title={Deep Variational Information Bottleneck},
  author={Alemi, Alexander A and Fischer, Ian and Dillon, Joshua V and Murphy, Kevin},
  booktitle={Proceedings of the International Conference on Learning Representations (ICLR)},
  year={2017}
}

@article{wainwright2008graphical,
  title={Graphical models, exponential families, and variational inference},
  author={Wainwright, Martin J and Jordan, Michael I and others},
  journal={Foundations and Trends{\textregistered} in Machine Learning},
  volume={1},
  number={1--2},
  pages={1--305},
  year={2008},
  publisher={Now Publishers, Inc.}
}

% Communication
@inproceedings{singh2019learning,
  title={Learning when to Communicate at Scale in Multiagent Cooperative and Competitive Tasks},
  author={Singh, Amanpreet and Jain, Tushar and Sukhbaatar, Sainbayar},
  booktitle={Proceedings of the International Conference on Learning Representations (ICLR)},
  year={2019}
}

@inproceedings{das2019tarmac,
  title={TarMAC: Targeted Multi-Agent Communication},
  author={Das, Abhishek and Gervet, Th{\'e}ophile and Romoff, Joshua and Batra, Dhruv and Parikh, Devi and Rabbat, Mike and Pineau, Joelle},
  booktitle={International Conference on Machine Learning},
  pages={1538--1546},
  year={2019}
}

@inproceedings{foerster2016learning,
  title={Learning to communicate with deep multi-agent reinforcement learning},
  author={Foerster, Jakob and Assael, Ioannis Alexandros and de Freitas, Nando and Whiteson, Shimon},
  booktitle={Advances in Neural Information Processing Systems},
  pages={2137--2145},
  year={2016}
}

@inproceedings{mordatch2018emergence,
  title={Emergence of grounded compositional language in multi-agent populations},
  author={Mordatch, Igor and Abbeel, Pieter},
  booktitle={Thirty-Second AAAI Conference on Artificial Intelligence},
  year={2018}
}

@inproceedings{sukhbaatar2016learning,
  title={Learning multiagent communication with backpropagation},
  author={Sukhbaatar, Sainbayar and Fergus, Rob and others},
  booktitle={Advances in Neural Information Processing Systems},
  pages={2244--2252},
  year={2016}
}

@inproceedings{jiang2018learning,
  title={Learning attentional communication for multi-agent cooperation},
  author={Jiang, Jiechuan and Lu, Zongqing},
  booktitle={Advances in Neural Information Processing Systems},
  pages={7254--7264},
  year={2018}
}

@inproceedings{hoshen2017vain,
  title={Vain: Attentional multi-agent predictive modeling},
  author={Hoshen, Yedid},
  booktitle={Advances in Neural Information Processing Systems},
  pages={2701--2711},
  year={2017}
}

@article{lazaridou2020emergent,
  title={Emergent Multi-Agent Communication in the Deep Learning Era},
  author={Lazaridou, Angeliki and Baroni, Marco},
  journal={arXiv preprint arXiv:2006.02419},
  year={2020}
}

% Multi-Agent Factorized MDPs
@inproceedings{guestrin2002multiagent,
  title={Multiagent planning with factored MDPs},
  author={Guestrin, Carlos and Koller, Daphne and Parr, Ronald},
  booktitle={Advances in neural information processing systems},
  pages={1523--1530},
  year={2002}
}

% StarCraft 2
@article{samvelyan2019starcraft,
  title={The starcraft multi-agent challenge},
  author={Samvelyan, Mikayel and Rashid, Tabish and de Witt, Christian Schroeder and Farquhar, Gregory and Nardelli, Nantas and Rudner, Tim GJ and Hung, Chia-Man and Torr, Philip HS and Foerster, Jakob and Whiteson, Shimon},
  journal={arXiv preprint arXiv:1902.04043},
  year={2019}
}

@article{vinyals2017starcraft,
  title={Starcraft ii: A new challenge for reinforcement learning},
  author={Vinyals, Oriol and Ewalds, Timo and Bartunov, Sergey and Georgiev, Petko and Vezhnevets, Alexander Sasha and Yeo, Michelle and Makhzani, Alireza and K{\"u}ttler, Heinrich and Agapiou, John and Schrittwieser, Julian and others},
  journal={arXiv preprint arXiv:1708.04782},
  year={2017}
}

@inproceedings{usunier2017episodic,
  title={Episodic exploration for deep deterministic policies: An application to starcraft micromanagement tasks},
  author={Usunier, Nicolas and Synnaeve, Gabriel and Lin, Zeming and Chintala, Soumith},
  booktitle={Proceedings of the International Conference on Learning Representations (ICLR)},
  year={2017}
}

@article{peng2017multiagent,
  title={Multiagent bidirectionally-coordinated nets: Emergence of human-level coordination in learning to play starcraft combat games},
  author={Peng, Peng and Wen, Ying and Yang, Yaodong and Yuan, Quan and Tang, Zhenkun and Long, Haitao and Wang, Jun},
  journal={arXiv preprint arXiv:1703.10069},
  year={2017}
}

% Google football
@inproceedings{kurach2020google,
  title={Google research football: A novel reinforcement learning environment},
  author={Kurach, Karol and Raichuk, Anton and Sta{\'n}czyk, Piotr and Zaj{\k{a}}c, Micha{\l} and Bachem, Olivier and Espeholt, Lasse and Riquelme, Carlos and Vincent, Damien and Michalski, Marcin and Bousquet, Olivier and others},
  booktitle={Proceedings of the AAAI Conference on Artificial Intelligence},
  volume={34},
  number={04},
  pages={4501--4510},
  year={2020}
}

% Reminiscent
@inproceedings{kumar2011scalable,
  title={Scalable multiagent planning using probabilistic inference},
  author={Kumar, Akshat and Zilberstein, Shlomo and Toussaint, Marc},
  booktitle={Twenty-Second International Joint Conference on Artificial Intelligence},
  year={2011}
}

@inproceedings{goyal2019infobot,
  title={Infobot: Transfer and exploration via the information bottleneck},
  author={Goyal, Anirudh and Islam, Riashat and Strouse, Daniel and Ahmed, Zafarali and Botvinick, Matthew and Larochelle, Hugo and Levine, Sergey and Bengio, Yoshua},
  booktitle={Proceedings of the International Conference on Learning Representations (ICLR)},
  year={2019}
}

% Role & Division of labor from other disciplinary
@article{gordon1996organization,
  title={The organization of work in social insect colonies},
  author={Gordon, Deborah M},
  journal={Nature},
  volume={380},
  number={6570},
  pages={121--124},
  year={1996},
  publisher={Springer}
}

@article{jeanson2005emergence,
  title={Emergence of division of labour in halictine bees: contributions of social interactions and behavioural variance},
  author={Jeanson, Rapha{\"e}l and Kukuk, Penelope F and Fewell, Jennifer H},
  journal={Animal behaviour},
  volume={70},
  number={5},
  pages={1183--1193},
  year={2005},
  publisher={Elsevier}
}

@book{butler2012condensed,
  title={The condensed wealth of nations},
  author={Butler, Eamonn},
  year={2012},
  publisher={Centre for Independent Studies}
}


% Roles
@incollection{zhu2008role,
  title={Role-based multi-agent systems},
  author={Zhu, Haibin and Zhou, MengChu},
  booktitle={Personalized Information Retrieval and Access: Concepts, Methods and Practices},
  pages={254--285},
  year={2008},
  publisher={Igi Global}
}

@inproceedings{becht1999rope,
  title={ROPE: Role oriented programming environment for multiagent systems},
  author={Becht, Michael and Gurzki, Thorsten and Klarmann, J{\"u}rgen and Muscholl, Matthias},
  booktitle={Proceedings Fourth IFCIS International Conference on Cooperative Information Systems. CoopIS 99 (Cat. No. PR00384)},
  pages={325--333},
  year={1999},
  organization={IEEE}
}

@article{stone1999task,
  title={Task decomposition, dynamic role assignment, and low-bandwidth communication for real-time strategic teamwork},
  author={Stone, Peter and Veloso, Manuela},
  journal={Artificial Intelligence},
  volume={110},
  number={2},
  pages={241--273},
  year={1999},
  publisher={Elsevier}
}

@article{depke2001roles,
  title={Roles in agent-oriented modeling},
  author={Depke, Ralph and Heckel, Reiko and K{\"u}ster, Jochen Malte},
  journal={International Journal of Software engineering and Knowledge engineering},
  volume={11},
  number={03},
  pages={281--302},
  year={2001},
  publisher={World Scientific}
}

@article{wooldridge2000gaia,
  title={The Gaia methodology for agent-oriented analysis and design},
  author={Wooldridge, Michael and Jennings, Nicholas R and Kinny, David},
  journal={Autonomous Agents and multi-agent systems},
  volume={3},
  number={3},
  pages={285--312},
  year={2000},
  publisher={Springer}
}

@article{zambonelli2003developing,
  title={Developing multiagent systems: The Gaia methodology},
  author={Zambonelli, Franco and Jennings, Nicholas R and Wooldridge, Michael},
  journal={ACM Transactions on Software Engineering and Methodology (TOSEM)},
  volume={12},
  number={3},
  pages={317--370},
  year={2003},
  publisher={ACM New York, NY, USA}
}

@inproceedings{ferber2003agents,
  title={From agents to organizations: an organizational view of multi-agent systems},
  author={Ferber, Jacques and Gutknecht, Olivier and Michel, Fabien},
  booktitle={International workshop on agent-oriented software engineering},
  pages={214--230},
  year={2003},
  organization={Springer}
}

@inproceedings{odell2002role,
  title={The role of roles in designing effective agent organizations},
  author={Odell, James J and Parunak, H Van Dyke and Fleischer, Mitchell},
  booktitle={International Workshop on Software Engineering for Large-Scale Multi-agent Systems},
  pages={27--38},
  year={2002},
  organization={Springer}
}

@inproceedings{odell2004metamodel,
  title={A metamodel for agents, roles, and groups},
  author={Odell, James and Nodine, Marian and Levy, Renato},
  booktitle={International Workshop on Agent-Oriented Software Engineering},
  pages={78--92},
  year={2004},
  organization={Springer}
}

@misc{smith1937wealth,
  title={The wealth of nations [1776]},
  author={Smith, Adam},
  year={1937},
  publisher={na}
}

@article{wilson1979evolution,
  title={The evolution of caste systems in social insects},
  author={Wilson, Edward O},
  journal={Proceedings of the American Philosophical Society},
  volume={123},
  number={4},
  pages={204--210},
  year={1979},
  publisher={JSTOR}
}

@article{lhaksmana2018role,
  title={Role-Based Modeling for Designing Agent Behavior in Self-Organizing Multi-Agent Systems},
  author={Lhaksmana, Kemas M and Murakami, Yohei and Ishida, Toru},
  journal={International Journal of Software Engineering and Knowledge Engineering},
  volume={28},
  number={01},
  pages={79--96},
  year={2018},
  publisher={World Scientific}
}

@misc{bonjean2014adelfe,
  title={ADELFE 2.0: Handbook on Agent-Oriented Design Processes, M. Cossentino, V. Hilaire, A. Molesini, and V. Seidita},
  author={Bonjean, N and Mefteh, W and Gleizes, MP and Maurel, C and Migeon, F},
  year={2014},
  publisher={Berlin, Heidelberg, Springer Berlin Heidelberg}
}

@inproceedings{omicini2000soda,
  title={SODA: Societies and infrastructures in the analysis and design of agent-based systems},
  author={Omicini, Andrea},
  booktitle={International Workshop on Agent-Oriented Software Engineering},
  pages={185--193},
  year={2000},
  organization={Springer}
}

@inproceedings{padgham2002prometheus,
  title={Prometheus: A methodology for developing intelligent agents},
  author={Padgham, Lin and Winikoff, Michael},
  booktitle={International Workshop on Agent-Oriented Software Engineering},
  pages={174--185},
  year={2002},
  organization={Springer}
}

@inproceedings{pavon2003agent,
  title={Agent oriented software engineering with INGENIAS},
  author={Pav{\'o}n, Juan and G{\'o}mez-Sanz, Jorge},
  booktitle={International Central and Eastern European Conference on Multi-Agent Systems},
  pages={394--403},
  year={2003},
  organization={Springer}
}

@article{bresciani2004tropos,
  title={Tropos: An agent-oriented software development methodology},
  author={Bresciani, Paolo and Perini, Anna and Giorgini, Paolo and Giunchiglia, Fausto and Mylopoulos, John},
  journal={Autonomous Agents and Multi-Agent Systems},
  volume={8},
  number={3},
  pages={203--236},
  year={2004},
  publisher={Springer}
}

@inproceedings{cossentino2005passi,
  title={The PASSI and agile PASSI MAS meta-models compared with a unifying proposal},
  author={Cossentino, Massimo and Gaglio, Salvatore and Sabatucci, Luca and Seidita, Valeria},
  booktitle={International Central and Eastern European Conference on Multi-Agent Systems},
  pages={183--192},
  year={2005},
  organization={Springer}
}

@inproceedings{spanoudakis2010using,
  title={Using ASEME methodology for model-driven agent systems development},
  author={Spanoudakis, Nikolaos and Moraitis, Pavlos},
  booktitle={International Workshop on Agent-Oriented Software Engineering},
  pages={106--127},
  year={2010},
  organization={Springer}
}

@article{deloach2010mase,
  title={O-MaSE: a customisable approach to designing and building complex, adaptive multi-agent systems},
  author={DeLoach, Scott A and Garcia-Ojeda, Juan Carlos},
  journal={International Journal of Agent-Oriented Software Engineering},
  volume={4},
  number={3},
  pages={244--280},
  year={2010},
  publisher={Inderscience Publishers}
}

@inproceedings{wilson2010bayesian,
  title={Bayesian policy search for multi-agent role discovery},
  author={Wilson, Aaron and Fern, Alan and Tadepalli, Prasad},
  booktitle={Twenty-Fourth AAAI Conference on Artificial Intelligence},
  year={2010}
}

% Fairness
@inproceedings{jiang2019learning,
  title={Learning Fairness in Multi-Agent Systems},
  author={Jiang, Jiechuan and Lu, Zongqing},
  booktitle={Advances in Neural Information Processing Systems},
  pages={13854--13865},
  year={2019}
}

@inproceedings{cho2014learning,
  title={Learning Phrase Representations using RNN Encoder--Decoder for Statistical Machine Translation},
  author={Cho, Kyunghyun and van Merri{\"e}nboer, Bart and Gulcehre, Caglar and Bahdanau, Dzmitry and Bougares, Fethi and Schwenk, Holger and Bengio, Yoshua},
  booktitle={Proceedings of the 2014 Conference on Empirical Methods in Natural Language Processing (EMNLP)},
  pages={1724--1734},
  year={2014}
}

% Single-Agent Off-Policy PG
@inproceedings{precup2000eligibility,
  title={Eligibility Traces for Off-Policy Policy Evaluation},
  author={Precup, Doina and Sutton, Richard S and Singh, Satinder},
  booktitle={ICML'00 Proceedings of the Seventeenth International Conference on Machine Learning},
  year={2000}
}

@inproceedings{degris2012off,
  title={Off-policy actor-critic},
  author={Degris, Thomas and White, Martha and Sutton, Richard S},
  booktitle={Proceedings of the 29th International Coference on International Conference on Machine Learning},
  pages={179--186},
  year={2012}
}

@inproceedings{Feinberg2018,
  author={Feinberg, V., Wan, A., Stoica, I., Jordan, M. I., Gonzalez, J. E.,  Levine, S.} ,
  year={2018}, 
  title={Model-Based Value Estimation for Efficient Model-Free Reinforcement Learning},
  booktitle={Proceedings of the 35th International Conference on Machine Learning}
}

% %%% Role-Based MARL
@inproceedings{wang2020roma,
  author={Wang, Tonghan and Dong, Heng and Lesser, Victor and Zhang, Chongjie} ,
  year={2020}, 
  title={ROMA: Multi-Agent Reinforcement Learning with Emergent Roles},
  booktitle={Proceedings of the 37th International Conference on Machine Learning}
}

@inproceedings{wang2021rode,
  title={RODE: Learning Roles to Decompose Multi-Agent Tasks},
  author={Wang, Tonghan and Gupta, Tarun and Mahajan, Anuj and Peng, Bei and Whiteson, Shimon and Zhang, Chongjie},
  booktitle={Proceedings of the International Conference on Learning Representations (ICLR)},
  year={2021}
}

@inproceedings{vaswani2017attention,
  title={Attention is all you need},
  author={Vaswani, Ashish and Shazeer, Noam and Parmar, Niki and Uszkoreit, Jakob and Jones, Llion and Gomez, Aidan N and Kaiser, {\L}ukasz and Polosukhin, Illia},
  booktitle={Advances in neural information processing systems},
  pages={5998--6008},
  year={2017}
}

% Importance sampling
@article{meuleau2000off,
  title={Off-policy policy search},
  author={Meuleau, Nicolas and Peshkin, Leonid and Kaelbling, Leslie P and Kim, Kee-Eung},
  journal={MIT Articical Intelligence Laboratory},
  year={2000}
}

@inproceedings{jie2010connection,
  title={On a connection between importance sampling and the likelihood ratio policy gradient},
  author={Jie, Tang and Abbeel, Pieter},
  booktitle={Advances in Neural Information Processing Systems},
  pages={1000--1008},
  year={2010}
}

@inproceedings{levine2013guided,
  title={Guided policy search},
  author={Levine, Sergey and Koltun, Vladlen},
  booktitle={International Conference on Machine Learning},
  pages={1--9},
  year={2013}
}

% Single Agent Policy Gradients
@inproceedings{silver2014deterministic,
  title={Deterministic policy gradient algorithms},
  author={Silver, David and Lever, Guy and Heess, Nicolas and Degris, Thomas and Wierstra, Daan and Riedmiller, Martin},
  booktitle={Proceedings of the 31st International Conference on International Conference on Machine Learning-Volume 32},
  pages={I--387},
  year={2014}
}

@inproceedings{lillicrap2015continuous,
  title={Continuous control with deep reinforcement learning},
  author={Lillicrap, Timothy P and Hunt, Jonathan J and Pritzel, Alexander and Heess, Nicolas and Erez, Tom and Tassa, Yuval and Silver, David and Wierstra, Daan},
  booktitle={Proceedings of the International Conference on Learning Representations (ICLR)},
  year={2015}
}

@inproceedings{wang2016sample,
  title={Sample efficient actor-critic with experience replay},
  author={Wang, Ziyu and Bapst, Victor and Heess, Nicolas and Mnih, Volodymyr and Munos, Remi and Kavukcuoglu, Koray and de Freitas, Nando},
  booktitle={Proceedings of the International Conference on Learning Representations (ICLR)},
  year={2016}
}

@inproceedings{munos2016safe,
  title={Safe and efficient off-policy reinforcement learning},
  author={Munos, R{\'e}mi and Stepleton, Tom and Harutyunyan, Anna and Bellemare, Marc},
  booktitle={Advances in Neural Information Processing Systems},
  pages={1054--1062},
  year={2016}
}

@inproceedings{fujimoto2018addressing,
  title={Addressing Function Approximation Error in Actor-Critic Methods},
  author={Fujimoto, Scott and Hoof, Herke and Meger, David},
  booktitle={International Conference on Machine Learning},
  pages={1587--1596},
  year={2018}
}

@inproceedings{haarnoja2018soft,
  title = 	 {Soft Actor-Critic: Off-Policy Maximum Entropy Deep Reinforcement Learning with a Stochastic Actor},
  author = 	 {Haarnoja, Tuomas and Zhou, Aurick and Abbeel, Pieter and Levine, Sergey},
  booktitle = 	 {Proceedings of the 35th International Conference on Machine Learning},
  pages = 	 {1861--1870},
  year = 	 {2018},
  editor = 	 {Dy, Jennifer and Krause, Andreas},
  volume = 	 {80},
  series = 	 {Proceedings of Machine Learning Research},
  address = 	 {Stockholmsmässan, Stockholm Sweden},
  month = 	 {10--15 Jul},
  publisher = 	 {PMLR},
  pdf = 	 {http://proceedings.mlr.press/v80/haarnoja18b/haarnoja18b.pdf},
  url = 	 {http://proceedings.mlr.press/v80/haarnoja18b.html}
}

% Gumbel-Softmax
@inproceedings{maddison2017concrete,
  title={The concrete distribution: A continuous relaxation of discrete random variables},
  author={Maddison, Chris J and Mnih, Andriy and Teh, Yee Whye},
  booktitle={Proceedings of the International Conference on Learning Representations (ICLR)},
  year={2017}
}

@inproceedings{jang2017categorical,
  title={Categorical reparameterization with gumbel-softmax},
  author={Jang, Eric and Gu, Shixiang and Poole, Ben},
  booktitle={Proceedings of the International Conference on Learning Representations (ICLR)},
  year={2017}
}

% MARL Overview
@article{zhang2019multi,
  title={Multi-Agent Reinforcement Learning: A Selective Overview of Theories and Algorithms},
  author={Zhang, Kaiqing and Yang, Zhuoran and Ba{\c{s}}ar, Tamer},
  journal={arXiv preprint arXiv:1911.10635},
  year={2019}
}

% Non-Stationarity
@article{hernandezleal2017survey,
  title={A Survey of Learning in Multiagent Environments: Dealing with Non-Stationarity},
  author={Pablo Hernandez-Leal and Michael Kaisers and Tim Baarslag and Enrique Munoz de Cote},
  journal={ArXiv},
  year={2017},
  volume={abs/1707.09183}
}

% RL Basics
@article{barto1983neuronlike,
  author={A. G. {Barto} and R. S. {Sutton} and C. W. {Anderson}},
  journal={IEEE Transactions on Systems, Man, and Cybernetics}, 
  title={Neuronlike adaptive elements that can solve difficult learning control problems}, 
  year={1983},
  volume={SMC-13},
  number={5},
  pages={834-846},}
  
% s
@misc{wang2020understanding,
    title={Towards Understanding Linear Value Decomposition in Cooperative Multi-Agent Q-Learning},
    author={Jianhao Wang and Zhizhou Ren and Beining Han and Chongjie Zhang},
    year={2020},
    eprint={2006.00587},
    archivePrefix={arXiv},
    primaryClass={cs.LG}
}

% Multi-Agent Multi-Task
@inproceedings{omidshafiei2017deep,
  title={Deep decentralized multi-task multi-agent reinforcement learning under partial observability},
  author={Omidshafiei, Shayegan and Pazis, Jason and Amato, Christopher and How, Jonathan P and Vian, John},
  booktitle={Proceedings of the 34th International Conference on Machine Learning-Volume 70},
  pages={2681--2690},
  year={2017},
  organization={JMLR. org}
}

% Coordination Graphs
@article{kok2006collaborative,
  title={Collaborative multiagent reinforcement learning by payoff propagation},
  author={Kok, Jelle R and Vlassis, Nikos},
  journal={Journal of Machine Learning Research},
  volume={7},
  number={Sep},
  pages={1789--1828},
  year={2006}
}

@inproceedings{bohmer2020deep,
  author={B{\"o}hmer, Wendelin and Kurin, Vitaly and Whiteson, Shimon} ,
  year={2020}, 
  title={Deep coordination graphs},
  booktitle={Proceedings of the 37th International Conference on Machine Learning}
}

@inproceedings{bargiacchi2018learning,
  title={Learning to coordinate with coordination graphs in repeated single-stage multi-agent decision problems},
  author={Bargiacchi, Eugenio and Verstraeten, Timothy and Roijers, Diederik and Now{\'e}, Ann and Hasselt, Hado},
  booktitle={International Conference on Machine Learning},
  pages={491--499},
  year={2018}
}

@article{panait2006biasing,
  title={Biasing coevolutionary search for optimal multiagent behaviors},
  author={Panait, Liviu and Luke, Sean and Wiegand, R Paul},
  journal={IEEE Transactions on Evolutionary Computation},
  volume={10},
  number={6},
  pages={629--645},
  year={2006},
  publisher={IEEE}
}

% Reinforcement Learning
@book{sutton2018reinforcement,
  title={Reinforcement learning: An introduction},
  author={Sutton, Richard S and Barto, Andrew G},
  year={2018},
  publisher={MIT press}
}

@article{bellemare2013arcade,
  title={The arcade learning environment: An evaluation platform for general agents},
  author={Bellemare, Marc G and Naddaf, Yavar and Veness, Joel and Bowling, Michael},
  journal={Journal of Artificial Intelligence Research},
  volume={47},
  pages={253--279},
  year={2013}
}

% Hierarchical Multi-Agent Reinforcement Learning
@article{jin2018hierarchical,
  title={Hierarchical multi-agent control of traffic lights based on collective learning},
  author={Jin, Junchen and Ma, Xiaoliang},
  journal={Engineering applications of artificial intelligence},
  volume={68},
  pages={236--248},
  year={2018},
  publisher={Elsevier}
}

@article{tang2018hierarchical,
  title={Hierarchical deep multiagent reinforcement learning with temporal abstraction},
  author={Tang, Hongyao and Hao, Jianye and Lv, Tangjie and Chen, Yingfeng and Zhang, Zongzhang and Jia, Hangtian and Ren, Chunxu and Zheng, Yan and Meng, Zhaopeng and Fan, Changjie and others},
  journal={arXiv preprint arXiv:1809.09332},
  year={2018}
}

@inproceedings{vezhnevets2019options,
  title={Options as responses: Grounding behavioural hierarchies in multi-agent RL},
  author={Vezhnevets, Alexander Sasha and Wu, Yuhuai and Leblond, R{\'e}mi and Leibo, Joel Z},
  booktitle={Proceedings of the 37th International Conference on Machine Learning},
  year={2020},
  organization={JMLR. org}
}

@article{ahilan2019feudal,
  title={Feudal multi-agent hierarchies for cooperative reinforcement learning},
  author={Ahilan, Sanjeevan and Dayan, Peter},
  journal={arXiv preprint arXiv:1901.08492},
  year={2019}
}

@inproceedings{lee2019learning,
  title={Learning to Coordinate Manipulation Skills via Skill Behavior Diversification},
  author={Lee, Youngwoon and Yang, Jingyun and Lim, Joseph J},
  booktitle={International Conference on Learning Representations},
  year={2019}
}

@article{sun2020reinforcement,
  title={Reinforcement Learning With Task Decomposition for Cooperative Multiagent Systems},
  author={Sun, Changyin and Liu, Wenzhang and Dong, Lu},
  journal={IEEE transactions on neural networks and learning systems},
  year={2020},
  publisher={IEEE}
}

@article{roshanzamir2020new,
  title={A new hierarchical multi group particle swarm optimization with different task allocations inspired by holonic multi agent systems},
  author={Roshanzamir, Mahdi and Balafar, Mohammad Ali and Razavi, Seyed Naser},
  journal={Expert Systems with Applications},
  volume={149},
  pages={113292},
  year={2020},
  publisher={Elsevier}
}

@article{ossenkopf2019does,
  title={When Does Communication Learning Need Hierarchical Multi-Agent Deep Reinforcement Learning},
  author={Ossenkopf, Marie and Jorgensen, Mackenzie and Geihs, Kurt},
  journal={Cybernetics and Systems},
  volume={50},
  number={8},
  pages={672--692},
  year={2019},
  publisher={Taylor \& Francis}
}

@article{yang2019hierarchical,
  title={Hierarchical cooperative multi-agent reinforcement learning with skill discovery},
  author={Yang, Jiachen and Borovikov, Igor and Zha, Hongyuan},
  journal={arXiv preprint arXiv:1912.03558},
  year={2019}
}

@inproceedings{zhang2010self,
  title={Self-organization for coordinating decentralized reinforcement learning.},
  author={Zhang, Chongjie and Lesser, Victor R and Abdallah, Sherief},
  booktitle={AAMAS},
  volume={10},
  pages={739--746},
  year={2010}
}

@inproceedings{singh2020hierarchical,
  title={Hierarchical Multiagent Reinforcement Learning for Maritime Traffic Management},
  author={Singh, Arambam James and Kumar, Akshat and Lau, Hoong Chuin},
  booktitle={Proceedings of the 19th International Conference on Autonomous Agents and MultiAgent Systems},
  pages={1278--1286},
  year={2020}
}

% %%%%% Single-agent hierarchical or using subgoals
@inproceedings{kulkarni2016hierarchical,
  title={Hierarchical deep reinforcement learning: Integrating temporal abstraction and intrinsic motivation},
  author={Kulkarni, Tejas D and Narasimhan, Karthik and Saeedi, Ardavan and Tenenbaum, Josh},
  booktitle={Advances in neural information processing systems},
  pages={3675--3683},
  year={2016}
}

@inproceedings{dayan1993feudal,
  title={Feudal reinforcement learning},
  author={Dayan, Peter and Hinton, Geoffrey E},
  booktitle={Advances in neural information processing systems},
  pages={271--278},
  year={1993}
}

@article{vezhnevets2017feudal,
  title={Feudal networks for hierarchical reinforcement learning},
  author={Vezhnevets, Alexander Sasha and Osindero, Simon and Schaul, Tom and Heess, Nicolas and Jaderberg, Max and Silver, David and Kavukcuoglu, Koray},
  journal={arXiv preprint arXiv:1703.01161},
  year={2017}
}

@article{al2015hierarchical,
  title={Hierarchical reinforcement learning: a survey},
  author={Al-Emran, Mostafa},
  journal={International journal of computing and digital systems},
  volume={4},
  number={02},
  year={2015},
  publisher={University of Bahrain}
}

@article{sutton1999between,
  title={Between MDPs and semi-MDPs: A framework for temporal abstraction in reinforcement learning},
  author={Sutton, Richard S and Precup, Doina and Singh, Satinder},
  journal={Artificial intelligence},
  volume={112},
  number={1-2},
  pages={181--211},
  year={1999},
  publisher={Elsevier}
}

% goal-based hierarchical reinforcement learning
@article{dwiel2019hierarchical,
  title={Hierarchical Policy Learning is Sensitive to Goal Space Design},
  author={Dwiel, Zach and Candadai, Madhavun and Phielipp, Mariano and Bansal, Arjun K},
  journal={arXiv preprint arXiv:1905.01537},
  year={2019}
}

@inproceedings{nachum2018near,
  title={Near-Optimal Representation Learning for Hierarchical Reinforcement Learning},
  author={Nachum, Ofir and Gu, Shixiang and Lee, Honglak and Levine, Sergey},
  booktitle={International Conference on Learning Representations},
  year={2018}
}

@inproceedings{nachum2018data,
  title={Data-efficient hierarchical reinforcement learning},
  author={Nachum, Ofir and Gu, Shixiang Shane and Lee, Honglak and Levine, Sergey},
  booktitle={Advances in Neural Information Processing Systems},
  pages={3303--3313},
  year={2018}
}

@inproceedings{levy2018learning,
  title={Learning Multi-Level Hierarchies with Hindsight},
  author={Levy, Andrew and Konidaris, George and Platt, Robert and Saenko, Kate},
  booktitle={International Conference on Learning Representations},
  year={2018}
}

@inproceedings{pere2018unsupervised,
  title={Unsupervised Learning of Goal Spaces for Intrinsically Motivated Goal Exploration},
  author={P{\'e}r{\'e}, Alexandre and Forestier, S{\'e}bastien and Sigaud, Olivier and Oudeyer, Pierre-Yves},
  booktitle={International Conference on Learning Representations},
  year={2018}
}

@inproceedings{nair2019hierarchical,
  title={Hierarchical Foresight: Self-Supervised Learning of Long-Horizon Tasks via Visual Subgoal Generation},
  author={Nair, Suraj and Finn, Chelsea},
  booktitle={International Conference on Learning Representations},
  year={2019}
}

@inproceedings{nasiriany2019planning,
  title={Planning with goal-conditioned policies},
  author={Nasiriany, Soroush and Pong, Vitchyr and Lin, Steven and Levine, Sergey},
  booktitle={Advances in Neural Information Processing Systems},
  pages={14843--14854},
  year={2019}
}

@inproceedings{ghosh2018learning,
  title={Learning Actionable Representations with Goal Conditioned Policies},
  author={Ghosh, Dibya and Gupta, Abhishek and Levine, Sergey},
  booktitle={International Conference on Learning Representations},
  year={2018}
}

@article{sukhbaatar2018learning,
  title={Learning goal embeddings via self-play for hierarchical reinforcement learning},
  author={Sukhbaatar, Sainbayar and Denton, Emily and Szlam, Arthur and Fergus, Rob},
  journal={arXiv preprint arXiv:1811.09083},
  year={2018}
}

@article{dilokthanakul2019feature,
  title={Feature control as intrinsic motivation for hierarchical reinforcement learning},
  author={Dilokthanakul, Nat and Kaplanis, Christos and Pawlowski, Nick and Shanahan, Murray},
  journal={IEEE transactions on neural networks and learning systems},
  volume={30},
  number={11},
  pages={3409--3418},
  year={2019},
  publisher={IEEE}
}

% Skill-based hierarchical reinforcement learning
@inproceedings{sharma2020dynamics,
  title={Dynamics-Aware Unsupervised Discovery of Skills},
  author={Sharma, Archit and Gu, Shixiang and Levine, Sergey and Kumar, Vikash and Hausman, Karol},
  booktitle={International Conference on Learning Representations},
  year={2020}
}

@inproceedings{shankar2020learning,
  title={Learning Robot Skills with Temporal Variational Inference},
  author={Shankar, Tanmay and Gupta, Abhinav},
  booktitle={Proceedings of the 37th International Conference on Machine Learning},
  year={2020},
  organization={JMLR. org}
}

@inproceedings{daniel2012hierarchical,
  title={Hierarchical relative entropy policy search},
  author={Daniel, Christian and Neumann, Gerhard and Peters, Jan},
  booktitle={Artificial Intelligence and Statistics},
  pages={273--281},
  year={2012}
}

@article{gregor2016variational,
  title={Variational intrinsic control},
  author={Gregor, Karol and Rezende, Danilo Jimenez and Wierstra, Daan},
  journal={arXiv preprint arXiv:1611.07507},
  year={2016}
}

@inproceedings{eysenbach2018diversity,
  title={Diversity is All You Need: Learning Skills without a Reward Function},
  author={Eysenbach, Benjamin and Gupta, Abhishek and Ibarz, Julian and Levine, Sergey},
  booktitle={International Conference on Learning Representations},
  year={2018}
}

@article{thomas2018disentangling,
  title={Disentangling the independently controllable factors of variation by interacting with the world},
  author={Thomas, Valentin and Bengio, Emmanuel and Fedus, William and Pondard, Jules and Beaudoin, Philippe and Larochelle, Hugo and Pineau, Joelle and Precup, Doina and Bengio, Yoshua},
  journal={arXiv preprint arXiv:1802.09484},
  year={2018}
}

@inproceedings{warde2018unsupervised,
  title={Unsupervised Control Through Non-Parametric Discriminative Rewards},
  author={Warde-Farley, David and Van de Wiele, Tom and Kulkarni, Tejas and Ionescu, Catalin and Hansen, Steven and Mnih, Volodymyr},
  booktitle={International Conference on Learning Representations},
  year={2018}
}

@inproceedings{campos2020explore,
  title={Explore, discover and learn: Unsupervised discovery of state-covering skills},
  author={Campos, V{\'\i}ctor and Trott, Alexander and Xiong, Caiming and Socher, Richard and Giro-i-Nieto, Xavier and Torres, Jordi},
  booktitle={International Conference on Machine Learning},
  pages={1317--1327},
  year={2020},
  organization={PMLR}
}

% Large Action Spaces
@article{dulac2015deep,
  title={Deep reinforcement learning in large discrete action spaces},
  author={Dulac-Arnold, Gabriel and Evans, Richard and van Hasselt, Hado and Sunehag, Peter and Lillicrap, Timothy and Hunt, Jonathan and Mann, Timothy and Weber, Theophane and Degris, Thomas and Coppin, Ben},
  journal={arXiv preprint arXiv:1512.07679},
  year={2015}
}

@article{mahajan2017symmetryl,
  title={Symmetry learning for function approximation in reinforcement learning},
  author={Mahajan, Anuj and Tulabandhula, Theja},
  journal={arXiv preprint arXiv:1706.02999},
  year={2017}
}

@inproceedings{mahajan2017symmetryde,
  title={Symmetry detection and exploitation for function approximation in deep rl},
  author={Mahajan, Anuj and Tulabandhula, Theja},
  booktitle={Proceedings of the 16th Conference on Autonomous Agents and MultiAgent Systems},
  pages={1619--1621},
  year={2017}
}

@inproceedings{pazis2011generalized,
  title={Generalized value functions for large action sets},
  author={Pazis, Jason and Parr, Ronald},
  booktitle={Proceedings of the 28th International Conference on International Conference on Machine Learning},
  pages={1185--1192},
  year={2011}
}

@article{sallans2004reinforcement,
  title={Reinforcement learning with factored states and actions},
  author={Sallans, Brian and Hinton, Geoffrey E},
  journal={Journal of Machine Learning Research},
  volume={5},
  number={Aug},
  pages={1063--1088},
  year={2004}
}

@inproceedings{cui2016online,
  title={Online Symbolic Gradient-Based Optimization for Factored Action MDPs.},
  author={Cui, Hao and Khardon, Roni},
  booktitle={IJCAI},
  pages={3075--3081},
  year={2016}
}

@inproceedings{cui2018lifted,
  title={Lifted Stochastic Planning, Belief Propagation and Marginal MAP.},
  author={Cui, Hao and Khardon, Roni},
  booktitle={AAAI Workshops},
  pages={658--664},
  year={2018}
}

@article{sharma2017learning,
  title={Learning to factor policies and action-value functions: Factored action space representations for deep reinforcement learning},
  author={Sharma, Sahil and Suresh, Aravind and Ramesh, Rahul and Ravindran, Balaraman},
  journal={arXiv preprint arXiv:1705.07269},
  year={2017}
}

@inproceedings{van2009using,
  title={Using continuous action spaces to solve discrete problems},
  author={Van Hasselt, Hado and Wiering, Marco A},
  booktitle={2009 International Joint Conference on Neural Networks},
  pages={1149--1156},
  year={2009},
  organization={IEEE}
}

@inproceedings{chandak2019learning,
  title={Learning Action Representations for Reinforcement Learning},
  author={Chandak, Yash and Theocharous, Georgios and Kostas, James and Jordan, Scott and Thomas, Philip},
  booktitle={International Conference on Machine Learning},
  pages={941--950},
  year={2019}
}

@inproceedings{murali2018cassl,
  title={CASSL: Curriculum accelerated self-supervised learning},
  author={Murali, Adithyavairavan and Pinto, Lerrel and Gandhi, Dhiraj and Gupta, Abhinav},
  booktitle={2018 IEEE International Conference on Robotics and Automation (ICRA)},
  pages={6453--6460},
  year={2018},
  organization={IEEE}
}

@inproceedings{tennenholtz2019natural,
  title={The Natural Language of Actions},
  author={Tennenholtz, Guy and Mannor, Shie},
  booktitle={International Conference on Machine Learning},
  pages={6196--6205},
  year={2019}
}

@inproceedings{he2016deep,
  title={Deep Reinforcement Learning with a Natural Language Action Space},
  author={He, Ji and Chen, Jianshu and He, Xiaodong and Gao, Jianfeng and Li, Lihong and Deng, Li and Ostendorf, Mari},
  booktitle={Proceedings of the 54th Annual Meeting of the Association for Computational Linguistics (Volume 1: Long Papers)},
  pages={1621--1630},
  year={2016}
}

@inproceedings{jain2020generalization,
  author={Ayush, Jain and Andrew, Szot and Joseph, J. Lim},
  year={2020}, 
  title={Generalization to New Actions in Reinforcement Learning},
  booktitle={Proceedings of the 37th International Conference on Machine Learning}
}

@inproceedings{farquhar2019growing,
  author={Farquhar, Gregory and Gustafson, Laura and Lin, Zeming and Whiteson, Shimon and Usunier, Nicolas and Synnaeve, Gabriel},
  year={2020}, 
  title={Growing action spaces},
  booktitle={Proceedings of the 37th International Conference on Machine Learning}
}

@article{chen2019learning,
  title={Learning action-transferable policy with action embedding},
  author={Chen, Yu and Chen, Yingfeng and Yang, Yu and Li, Ying and Yin, Jianwei and Fan, Changjie},
  journal={arXiv preprint arXiv:1909.02291},
  year={2019}
}

@inproceedings{czarnecki2018mix,
  title={Mix \& Match Agent Curricula for Reinforcement Learning},
  author={Czarnecki, Wojciech and Jayakumar, Siddhant and Jaderberg, Max and Hasenclever, Leonard and Teh, Yee Whye and Heess, Nicolas and Osindero, Simon and Pascanu, Razvan},
  booktitle={International Conference on Machine Learning},
  pages={1087--1095},
  year={2018}
}

@article{ha_hypernetworks_2016,
  title={Hypernetworks},
  author={Ha, David and Dai, Andrew and Le, Quoc V},
  journal={arXiv preprint arXiv:1609.09106},
  year={2016}
}

@inproceedings{pelleg2000x,
  title={X-means: Extending k-means with efficient estimation of the number of clusters.},
  author={Pelleg, Dan and Moore, Andrew W and others},
  booktitle={International Conference of Machine Learning},
  volume={1},
  pages={727--734},
  year={2000}
}

@inproceedings{ester1996density,
  title={A density-based algorithm for discovering clusters in large spatial databases with noise.},
  author={Ester, Martin and Kriegel, Hans-Peter and Sander, J{\"o}rg and Xu, Xiaowei and others},
  booktitle={KDD},
  pages={226--231},
  year={1996}
}

%  Cooperation emergence and social dilemma

@article{mussweiler2013similarity,
  title={Similarity increases altruistic punishment in humans},
  author={Mussweiler, Thomas and Ockenfels, Axel},
  journal={Proceedings of the National Academy of Sciences},
  volume={110},
  number={48},
  pages={19318--19323},
  year={2013},
  publisher={National Acad Sciences}
}

@article{pennisi2005did,
  title={How did cooperative behavior evolve?},
  author={Pennisi, Elizabeth},
  journal={Science},
  volume={309},
  number={5731},
  pages={93--93},
  year={2005},
  publisher={American Association for the Advancement of Science}
}

@article{nowak1993chaos,
  title={Chaos and the evolution of cooperation},
  author={Nowak, Martin and Sigmund, Karl},
  journal={Proceedings of the National Academy of Sciences},
  volume={90},
  number={11},
  pages={5091--5094},
  year={1993},
  publisher={National Acad Sciences}
}

@article{fehr2002altruistic,
  title={Altruistic punishment in humans},
  author={Fehr, Ernst and G{\"a}chter, Simon},
  journal={Nature},
  volume={415},
  number={6868},
  pages={137--140},
  year={2002},
  publisher={Nature Publishing Group}
}

@article{ostrom1992covenants,
  title={Covenants with and without a sword: Self-governance is possible},
  author={Ostrom, Elinor and Walker, James and Gardner, Roy},
  journal={American political science Review},
  volume={86},
  number={2},
  pages={404--417},
  year={1992},
  publisher={Cambridge University Press}
}

@book{coyne2010evolution,
  title={Why evolution is true},
  author={Coyne, Jerry A},
  year={2010},
  publisher={Oxford University Press}
}

@article{glass1968forerunners,
  title={Forerunners of Darwin, 1745-1859},
  author={Glass, Bentley and Temkin, Owsei and Straus, William L},
  year={1968},
  publisher={Johns Hopkins Press}
}

@article{kennedy2005125,
  title={125},
  author={Kennedy, Donald},
  journal={Science},
  volume={309},
  number={5731},
  pages={19--20},
  year={2005},
  publisher={American Association for the Advancement of Science}
}

@article{jarvis1981eusociality,
  title={Eusociality in a mammal: cooperative breeding in naked mole-rat colonies},
  author={Jarvis, JU},
  journal={Science},
  volume={212},
  number={4494},
  pages={571--573},
  year={1981},
  publisher={American Association for the Advancement of Science}
}

@article{packer1991molecular,
  title={A molecular genetic analysis of kinship and cooperation in African lions},
  author={Packer, Craig and Gilbert, Dennis A and Pusey, AE and O'Brieni, SJ},
  journal={Nature},
  volume={351},
  number={6327},
  pages={562--565},
  year={1991},
  publisher={Nature Publishing Group}
}

@article{rilling2002neural,
  title={A neural basis for social cooperation},
  author={Rilling, James K and Gutman, David A and Zeh, Thorsten R and Pagnoni, Giuseppe and Berns, Gregory S and Kilts, Clinton D},
  journal={Neuron},
  volume={35},
  number={2},
  pages={395--405},
  year={2002},
  publisher={Elsevier}
}

@article{hilbe2018evolution,
  title={Evolution of cooperation in stochastic games},
  author={Hilbe, Christian and {\v{S}}imsa, {\v{S}}t{\v{e}}p{\'a}n and Chatterjee, Krishnendu and Nowak, Martin A},
  journal={Nature},
  volume={559},
  number={7713},
  pages={246--249},
  year={2018},
  publisher={Nature Publishing Group}
}

@article{fowler2005altruistic,
  title={Altruistic punishment and the origin of cooperation},
  author={Fowler, James H},
  journal={Proceedings of the National Academy of Sciences},
  volume={102},
  number={19},
  pages={7047--7049},
  year={2005},
  publisher={National Acad Sciences}
}

@article{Hauert2007Via,
  title={Via Freedom to Coercion: The Emergence of Costly Punishment},
  author={ Hauert, Christoph  and  Traulsen, Arne  and  Brandt, Hannelore  and  Nowak, Martin A  and  Sigmund, Karl },
  journal={Science},
  volume={316},
  number={5833},
  pages={1905-1907},
  year={2007},
}

@article{Hauert2002Volunteering,
  title={Volunteering as Red Queen Mechanism for Cooperation in Public Goods Games.},
  author={Hauert and Christoph and Monte and Silvia and De and Hofbauer and Josef and Sigmund and Karl},
  journal={Science},
  year={2002},
}

@article{Semmann2003Volunteering,
  title={Volunteering leads to rock-paper-scissors dynamics in a public goods game.},
  author={ Semmann, Dirk  and  Krambeck, Hans Juergen  and  Milinski, Manfred },
  journal={Nature},
  volume={425},
  number={6956},
  pages={390},
  year={2003},
}

@article{Hauert2002Replicator,
  title={Replicator Dynamics for Optional Public Good Games},
  author={ Hauert, Christoph  and  Monte, Silvia De  and  Hofbauer, Josef  and  Sigmund, Karl },
  journal={Journal of Theoretical Biology},
  volume={218},
  number={2},
  pages={187-194},
  year={2002},
}

@article{yang2020learning,
  title={Learning to Incentivize Other Learning Agents},
  author={Yang, Jiachen and Li, Ang and Farajtabar, Mehrdad and Sunehag, Peter and Hughes, Edward and Zha, Hongyuan},
  journal={arXiv preprint arXiv:2006.06051},
  year={2020}
}

@inproceedings{lupu2020gifting,
  title={Gifting in Multi-Agent Reinforcement Learning},
  author={Lupu, Andrei and Precup, Doina},
  booktitle={Proceedings of the 19th International Conference on Autonomous Agents and MultiAgent Systems},
  pages={789--797},
  year={2020}
}

@article{peysakhovich2017consequentialist,
  title={Consequentialist conditional cooperation in social dilemmas with imperfect information},
  author={Peysakhovich, Alexander and Lerer, Adam},
  journal={arXiv preprint arXiv:1710.06975},
  year={2017}
}

@inproceedings{anastassacos2020partner,
  title={Partner selection for the emergence of cooperation in multi-agent systems using reinforcement learning},
  author={Anastassacos, Nicolas and Hailes, Stephen and Musolesi, Mirco},
  booktitle={Proceedings of the AAAI Conference on Artificial Intelligence},
  volume={34},
  pages={7047--7054},
  year={2020}
}

@article{ledyard1994public,
  title={Public goods: A survey of experimental research},
  author={Ledyard, John O},
  year={1994},
  publisher={California Institute of Technology}
}

@article{hardin2009tragedy,
  title={The tragedy of the commons},
  author={Hardin, Garrett},
  journal={Journal of Natural Resources Policy Research},
  volume={1},
  number={3},
  pages={243--253},
  year={2009},
  publisher={Taylor \& Francis}
}

@article{dreber2008winners,
  title={Winners don’t punish},
  author={Dreber, Anna and Rand, David G and Fudenberg, Drew and Nowak, Martin A},
  journal={Nature},
  volume={452},
  number={7185},
  pages={348--351},
  year={2008},
  publisher={Nature Publishing Group}
}

@article{boyd2003evolution,
  title={The evolution of altruistic punishment},
  author={Boyd, Robert and Gintis, Herbert and Bowles, Samuel and Richerson, Peter J},
  journal={Proceedings of the National Academy of Sciences},
  volume={100},
  number={6},
  pages={3531--3535},
  year={2003},
  publisher={National Acad Sciences}
}

@article{akccay2011evolution,
  title={The evolution of payoff matrices: providing incentives to cooperate},
  author={Ak{\c{c}}ay, Erol and Roughgarden, Joan},
  journal={Proceedings of the Royal Society B: Biological Sciences},
  volume={278},
  number={1715},
  pages={2198--2206},
  year={2011},
  publisher={The Royal Society}
}

@article{fong2009optimal,
  title={The optimal degree of cooperation in the repeated Prisoners' Dilemma with side payments},
  author={Fong, Yuk-fai and Surti, Jay},
  journal={Games and Economic Behavior},
  volume={67},
  number={1},
  pages={277--291},
  year={2009},
  publisher={Elsevier}
}
@article{guth1995evolutionary,
  title={An evolutionary approach to explaining cooperative behavior by reciprocal incentives},
  author={G{\"u}th, Werner},
  journal={International Journal of Game Theory},
  volume={24},
  number={4},
  pages={323--344},
  year={1995},
  publisher={Springer}
}

@article{stewart2016evolutionary,
  title={Evolutionary consequences of behavioral diversity},
  author={Stewart, Alexander J and Parsons, Todd L and Plotkin, Joshua B},
  journal={Proceedings of the National Academy of Sciences},
  volume={113},
  number={45},
  pages={E7003--E7009},
  year={2016},
  publisher={National Acad Sciences}
}

@article{rand2011evolution,
  title={The evolution of antisocial punishment in optional public goods games},
  author={Rand, David G and Nowak, Martin A},
  journal={Nature communications},
  volume={2},
  number={1},
  pages={1--7},
  year={2011},
  publisher={Nature Publishing Group}
}

@article{boyd1989mistakes,
  title={Mistakes allow evolutionary stability in the repeated prisoner's dilemma game},
  author={Boyd, Robert},
  journal={Journal of theoretical Biology},
  volume={136},
  number={1},
  pages={47--56},
  year={1989},
  publisher={Elsevier}
}

@article{ye2016increasing,
  title={Increasing returns to scale: The solution to the second-order social dilemma},
  author={Ye, Hang and Chen, Shu and Luo, Jun and Tan, Fei and Jia, Yongmin and Chen, Yefeng},
  journal={Scientific reports},
  volume={6},
  number={1},
  pages={1--10},
  year={2016},
  publisher={Nature Publishing Group}
}

@inproceedings{greenwood2016altruistic,
  title={Altruistic punishment can help resolve tragedy of the commons social dilemmas},
  author={Greenwood, Garrison W},
  booktitle={2016 IEEE Conference on Computational Intelligence and Games (CIG)},
  pages={1--7},
  year={2016},
  organization={IEEE}
}

@article{Axelrod1987The,
  title={The evolution of cooperation},
  author={Axelrod, R and Hamilton, W. D.},
  journal={Science},
  volume={1},
  number={1},
  pages={1390-1396},
  year={1987},
}

@book{Littman1994Markov,
  title={Markov games as a framework for multi-agent reinforcement learning},
  author={Littman, Michael L.},
  publisher={Morgan Kauffman Publishers, Inc.},
  year={1994},
}

@article{1998Social,
  title={Social Dilemmas: The Anatomy of Cooperation},
  author={ Kollock, Peter },
  journal={Annual Review of Sociology},
  volume={24},
  pages={183-214},
  year={1998},
}

@article{kossinets2009origins,
  title={Origins of homophily in an evolving social network},
  author={Kossinets, Gueorgi and Watts, Duncan J},
  journal={American journal of sociology},
  volume={115},
  number={2},
  pages={405--450},
  year={2009},
  publisher={The University of Chicago Press}
}

@article{challet1997emergence,
  title={Emergence of cooperation and organization in an evolutionary game},
  author={Challet, Damien and Zhang, Y-C},
  journal={Physica A: Statistical Mechanics and its Applications},
  volume={246},
  number={3-4},
  pages={407--418},
  year={1997},
  publisher={Elsevier}
}

@article{nowak2004emergence,
  title={Emergence of cooperation and evolutionary stability in finite populations},
  author={Nowak, Martin A and Sasaki, Akira and Taylor, Christine and Fudenberg, Drew},
  journal={Nature},
  volume={428},
  number={6983},
  pages={646--650},
  year={2004},
  publisher={Nature Publishing Group}
}

%%%%%%%%%%%%%%%%% DCOP %%%%%%%%%%%%%%%%%%%%

@phdthesis{cheng2012coordinating,
  title={Coordinating decentralized learning and conflict resolution across agent boundaries},
  author={Cheng, Shanjun},
  year={2012},
  school={The University of North Carolina at Charlotte}
}

@book{pearl2014probabilistic,
  title={Probabilistic reasoning in intelligent systems: networks of plausible inference},
  author={Pearl, Judea},
  year={2014},
  publisher={Elsevier}
}

% %%%%%%%%%%%%%%%% Homophily %%%%%%%%%%%%
@article{mcpherson2001birds,
  title={Birds of a feather: Homophily in social networks},
  author={McPherson, Miller and Smith-Lovin, Lynn and Cook, James M},
  journal={Annual review of sociology},
  volume={27},
  number={1},
  pages={415--444},
  year={2001},
  publisher={Annual Reviews 4139 El Camino Way, PO Box 10139, Palo Alto, CA 94303-0139, USA}
}

% %%%%%%%%%%%%%%%%% Kalman Filter %%%%%%%%%%%%%%%%%
@book{musoff2009fundamentals,
  title={Fundamentals of Kalman filtering: a practical approach},
  author={Musoff, Howard and Zarchan, Paul},
  year={2009},
  publisher={American Institute of Aeronautics and Astronautics}
}


% %%%%%%%%%%%%%%%%% Coordination Problems %%%%%%%%%%%
@article{benda1986optimal,
  title={On optimal cooperation of knowledge sources: an empirical investigation},
  author={Benda, Miroslav},
  journal={Technical Report, Boeing Advanced Technology Center},
  year={1986},
  publisher={Boeing Advanced Technology Center}
}

@article{stone2000multiagent,
  title={Multiagent systems: A survey from a machine learning perspective},
  author={Stone, Peter and Veloso, Manuela},
  journal={Autonomous Robots},
  volume={8},
  number={3},
  pages={345--383},
  year={2000},
  publisher={Springer}
}

@inproceedings{hansen2004dynamic,
  title={Dynamic programming for partially observable stochastic games},
  author={Hansen, Eric A and Bernstein, Daniel S and Zilberstein, Shlomo},
  booktitle={AAAI},
  volume={4},
  pages={709--715},
  year={2004}
}

@book{oliehoek2010value,
  title={Value-based planning for teams of agents in stochastic partially observable environments},
  author={Oliehoek, Frans},
  year={2010},
  publisher={Amsterdam University Press}
}

% %%%%%%%%%%%%%%%%% Graph Neural Networks %%%%%%%%%%%
@article{hamilton2020graph,
  title={Graph representation learning},
  author={Hamilton, William L},
  journal={Synthesis Lectures on Artifical Intelligence and Machine Learning},
  volume={14},
  number={3},
  pages={1--159},
  year={2020},
  publisher={Morgan \& Claypool Publishers}
}

@inproceedings{gilmer2017neural,
  title={Neural message passing for quantum chemistry},
  author={Gilmer, Justin and Schoenholz, Samuel S and Riley, Patrick F and Vinyals, Oriol and Dahl, George E},
  booktitle={International Conference on Machine Learning},
  pages={1263--1272},
  year={2017},
  organization={PMLR}
}

@article{kipf2016semi,
  title={Semi-supervised classification with graph convolutional networks},
  author={Kipf, Thomas N and Welling, Max},
  journal={arXiv preprint arXiv:1609.02907},
  year={2016}
}

@article{velivckovic2017graph,
  title={Graph attention networks},
  author={Veli{\v{c}}kovi{\'c}, Petar and Cucurull, Guillem and Casanova, Arantxa and Romero, Adriana and Lio, Pietro and Bengio, Yoshua},
  journal={arXiv preprint arXiv:1710.10903},
  year={2017}
}

@article{xu2018powerful,
  title={How powerful are graph neural networks?},
  author={Xu, Keyulu and Hu, Weihua and Leskovec, Jure and Jegelka, Stefanie},
  journal={arXiv preprint arXiv:1810.00826},
  year={2018}
}

% %%%%% Influence-abstraction

@inproceedings{de2019influence,
  title={Influence-based abstraction in deep reinforcement learning},
  author={de Castro, Miguel Suau and Congeduti, Elena and Starre, Rolf AN and Czechowski, Aleksander and Oliehoek, Frans A},
  booktitle={Adaptive, learning agents workshop (Vol. 34).},
  year={2019}
}

@inproceedings{oliehoek2012influence,
  title={Influence-based abstraction for multiagent systems},
  author={Oliehoek, Frans Adriaan and Witwicki, Stefan J and Kaelbling, Leslie Pack},
  booktitle={Twenty-Sixth AAAI Conference on Artificial Intelligence},
  year={2012}
}

% %%%%%%%%%%%%%%%%%%%%%% Equilibrium %%%%%%%%%%%%%%%%%%%%%%%%%%%%

@inproceedings{goodfellow2014generative,
  title={Generative adversarial nets},
  author={Goodfellow, Ian and Pouget-Abadie, Jean and Mirza, Mehdi and Xu, Bing and Warde-Farley, David and Ozair, Sherjil and Courville, Aaron and Bengio, Yoshua},
  booktitle={Advances in neural information processing systems},
  pages={2672--2680},
  year={2014}
}

@inproceedings{bowling2001convergence,
  title={Convergence of gradient dynamics with a variable learning rate},
  author={Bowling, Michael and Veloso, Manuela},
  booktitle={ICML},
  pages={27--34},
  year={2001}
}

@article{foerster2017counterfactual,
  title={Counterfactual multi-agent policy gradients},
  author={Foerster, Jakob and Farquhar, Gregory and Afouras, Triantafyllos and Nardelli, Nantas and Whiteson, Shimon},
  journal={arXiv preprint arXiv:1705.08926},
  year={2017}
}

@article{silver2017mastering,
  title={Mastering chess and shogi by self-play with a general reinforcement learning algorithm},
  author={Silver, David and Hubert, Thomas and Schrittwieser, Julian and Antonoglou, Ioannis and Lai, Matthew and Guez, Arthur and Lanctot, Marc and Sifre, Laurent and Kumaran, Dharshan and Graepel, Thore and others},
  journal={arXiv preprint arXiv:1712.01815},
  year={2017}
}

@inproceedings{bowling2005convergence,
  title={Convergence and no-regret in multiagent
  learning},
  author={Bowling, Michael},
  booktitle={Advances in neural information
  processing systems},
  pages={209--216},
  year={2005}
}
@inproceedings{zhang2010multi,
  title={Multi-Agent Learning with Policy
  Prediction.},
  author={Zhang, Chongjie and Lesser, Victor R},
  booktitle={AAAI},
  year={2010}
}
@book{Antipin2003Extragradient,
	title={Extragradient approach to solution of two person non-zero sum games},
	author={Antipin, Anatoly},
	pages={1-28},
	year={2003},
	publisher={Optimization And Optimal Control},
}

@inproceedings{singh2000nash,
  author    = {Satinder P. Singh and
               Michael J. Kearns and
               Yishay Mansour},
  title     = {Nash Convergence of Gradient Dynamics in General-Sum Games},
  booktitle = {{UAI} '00: Proceedings of the 16th Conference in Uncertainty in Artificial
               Intelligence, Stanford University, Stanford, California, USA, June
               30 - July 3, 2000},
  pages     = {541--548},
  year      = {2000}
}

@article{Conitzer2007AWESOME,
	title={AWESOME: A General Multiagent Learning Algorithm that Converges in Self-Play and Learns a Best Response Against Stationary Opponents},
	author={Conitzer, Vincent and Sandholm, Tuomas},
	journal={Machine Learning},
	volume={67},
	number={1-2},
	pages={23-43},
	year={2007},
}

@article{Banerjee2007Generalized,
	title={Generalized multiagent learning with performance bound},
	author={Banerjee, Bikramjit and Peng, Jing},
	journal={Autonomous Agents and Multi-Agent Systems},
	volume={15},
	number={3},
	pages={281-312},
	year={2007},
}

@article{antipin1995convergence,
	title="The convergence of proximal methods to fixed points of extremal mappings and estimates of their rate of convergence",
	author="A. S. {Antipin}",
	journal="Computational Mathematics and Mathematical Physics",
	volume="35",
	number="5",
	pages="539--551",
	year="1995"
}

@article{meir2017iterative,
	title="Iterative voting and acyclic games",
	author="Reshef {Meir} and Maria {Polukarov} and Jeffrey S. {Rosenschein} and Nicholas R. {Jennings}",
	journal="Artificial Intelligence",
	volume="252",
	pages="100--122",
	year="2017"
}

@article{elidrisi2014fast,
	title="Fast adaptive learning in repeated stochastic games by game abstraction",
	author="Mohamed {Elidrisi} and Nicholas {Johnson} and Maria L. {Gini} and Jacob W. {Crandall}",
	journal="adaptive agents and multi agents systems",
	pages="1141--1148",
	year="2014"
}

@article{crandall2011learning,
	title="Learning to compete, coordinate, and cooperate in repeated games using reinforcement learning",
	author="Jacob W. {Crandall} and Michael A. {Goodrich}",
	journal="Machine Learning",
	volume="82",
	number="3",
	pages="281--314",
	year="2011"
}

@article{crandall2014towards,
	title="Towards minimizing disappointment in repeated games",
	author="Jacob W. {Crandall}",
	journal="Journal of Artificial Intelligence Research",
	volume="49",
	number="1",
	pages="111--142",
	year="2014"
}

@article{damer2017safely,
	title="Safely Using Predictions in General-Sum Normal Form Games",
	author="Steven {Damer} and Maria L. {Gini}",
	journal="adaptive agents and multi agents systems",
	pages="924--932",
	year="2017"
}

@article{bošanský2016algorithms,
	title="Algorithms for computing strategies in two-player simultaneous move games",
	author="Branislav {Bošanský} and Viliam {Lisý} and Marc {Lanctot} and Jiří {Čermák} and Mark H.M. {Winands}",
	journal="Artificial Intelligence",
	volume="237",
	pages="1--40",
	year="2016"
}

@article{prasad2015two,
	title="Two-Timescale Algorithms for Learning Nash Equilibria in General-Sum Stochastic Games",
	author="H. L. {Prasad} and L A {Prashanth} and Shalabh {Bhatnagar}",
	journal="adaptive agents and multi-agents systems",
	pages="1371--1379",
	year="2015"
}

@article{abdallah2008multiagent,
	title="A multiagent reinforcement learning algorithm with non-linear dynamics",
	author="Sherief {Abdallah} and Victor R. {Lesser}",
	journal="Journal of Artificial Intelligence Research",
	volume="33",
	number="1",
	pages="521--549",
	year="2008"
}

@article{Metz2016Unrolled,
  author    = {Luke Metz and
               Ben Poole and
               David Pfau and
               Jascha Sohl{-}Dickstein},
  title     = {Unrolled Generative Adversarial Networks},
  journal   = {CoRR},
  volume    = {abs/1611.02163},
  year      = {2016},
  url       = {http://arxiv.org/abs/1611.02163},
  archivePrefix = {arXiv},
  eprint    = {1611.02163},
  timestamp = {Mon, 13 Aug 2018 16:46:57 +0200},
}

@article{krichene2015online,
  title={Online learning of nash equilibria in congestion games},
  author={Krichene, Walid and Drigh{\`e}s, Benjamin and Bayen, Alexandre M},
  journal={SIAM Journal on Control and Optimization},
  volume={53},
  number={2},
  pages={1056--1081},
  year={2015},
  publisher={SIAM}
}

@inproceedings{cohen2017learning,
  title={Learning with bandit feedback in potential games},
  author={Cohen, Johanne and H{\'e}liou, Am{\'e}lie and Mertikopoulos, Panayotis},
  booktitle={Proceedings of the 31th International Conference on Neural Information Processing Systems},
  year={2017}
}

@inproceedings{daskalakis2011near,
  title={Near-optimal no-regret algorithms for zero-sum games},
  author={Daskalakis, Constantinos and Deckelbaum, Alan and Kim, Anthony},
  booktitle={Proceedings of the twenty-second annual ACM-SIAM symposium on Discrete Algorithms},
  pages={235--254},
  year={2011},
  organization={Society for Industrial and Applied Mathematics}
}

@inproceedings{Porter2004Simple,
  title={Simple search methods for finding a Nash equilibrium},
  author={Porter, Ryan and Nudelman, Eugene and Shoham, Yoav},
  booktitle={National Conference on Artifical Intelligence},
  year={2004},
}

@article{Lemke1964Equilibrium,
  title={Equilibrium Points of Bimatrix Games},
  author={Lemke, C. E. and Howson, J. T.},
  journal={Journal of the Society for Industrial and Applied Mathematics},
  volume={12},
  number={2},
  pages={413-423},
  year={1964},
}

% %%%%%%%%%%%%%% Emergent Language %%%%%%%%%%%%%%%%%%%%%%
@inproceedings{lazaridou2018emergence,
  title={Emergence of Linguistic Communication from Referential Games with Symbolic and Pixel Input},
  author={Lazaridou, Angeliki and Hermann, Karl Moritz and Tuyls, Karl and Clark, Stephen},
  booktitle={International Conference on Learning Representations},
  year={2018}
}

@inproceedings{choi2018compositional,
  title={Compositional Obverter Communication Learning from Raw Visual Input},
  author={Choi, Edward and Lazaridou, Angeliki and de Freitas, Nando},
  booktitle={International Conference on Learning Representations},
  year={2018}
}

@article{Yang2017Mastering,
  title={Mastering the Dungeon: Grounded Language Learning by Mechanical Turker Descent},
  author={Yang, Zhilin and Zhang, Saizheng and Urbanek, Jack and Feng, Will and Miller, Alexander H. and Szlam, Arthur and Kiela, Douwe and Weston, Jason},
  year={2017},
}

@inproceedings{lee2018emergent,
  title={Emergent translation in multi-agent communication},
  author={Lee, Jason and Cho, Kyunghyun and Weston, Jason and Kiela, Douwe},
  booktitle={6th International Conference on Learning Representations (ICLR 2018)},
  year={2018}
}


@inproceedings{evtimova2018emergent,
  title={Emergent communication in a multi-modal, multi-step referential game},
  author={Evtimova, Katrina and Drozdov, Andrew and Kiela, Douwe and Cho, Kyunghyun},
  booktitle={6th International Conference on Learning Representations (ICLR 2018)},
  year={2018}
}

@inproceedings{cao2018emergent,
  title={Emergent Communication through Negotiation},
  author={Cao, Kris and Lazaridou, Angeliki and Lanctot, Marc and Leibo, Joel Z and Tuyls, Karl and Clark, Stephen},
  booktitle={International Conference on Learning Representations (ICLR)},
  year={2018}
}

@book{Huttegger2011Signaling,
  title={Signaling games: dynamics of evolution and learning},
  author={Huttegger, Simon M. and Zollman, Kevin J. S.},
  publisher={Springer-Verlag},
  pages={160-176},
  year={2011},
}

@ONLINE{GeorgiaTechYoutube:2015,
author = {GeorgiaTechYoutube},
title = {Stochastic Games},
year = {2015},
url = {https://www.youtube.com/watch?v=ZIn0Bn97JDc&list=PLAwxTw4SYaPnidDwo9e2c7ixIsu_pdSNp&index=109}
}

@article{Benz2018Game,
  title={Game-Theoretic Approaches to Pragmatics},
  author={Benz, Anton and Stevens, Jon},
  journal={Annual Review of Linguistics},
  volume={4},
  number={1},
  year={2018},
}

@article{Goodman2016Pragmatic,
  title={Pragmatic Language Interpretation as Probabilistic Inference.},
  author={Goodman, N. D. and Frank, M. C.},
  journal={Trends in Cognitive Sciences},
  volume={20},
  number={11},
  pages={818-829},
  year={2016},
}

@ONLINE{HeatherBurnett:2017,
author = {Heather Burnett, E. Allyn Smith},
title = {Game Theoretic Modelling for Social Meaning and Semantic Change},
year = {2017},
url = {https://www.irit.fr/esslli2017/courses/6}
}

@article{Mordatch2017Emergence,
  title={Emergence of Grounded Compositional Language in Multi-Agent Populations},
  author={Mordatch, Igor and Abbeel, Pieter},
  year={2017},
}

@inproceedings{andreas2016reasoning,
  title={Reasoning about Pragmatics with Neural Listeners and Speakers},
  author={Andreas, Jacob and Klein, Dan},
  booktitle={Proceedings of the 2016 Conference on Empirical Methods in Natural Language Processing (EMNLP)},
  pages={1173--1182},
  year={2016}
}

@misc{ wiki:pragmatics,
    author = "{Wikipedia contributors}",
    title = "Pragmatics --- {Wikipedia}{,} The Free Encyclopedia",
    year = "2018",
    url = "https://en.wikipedia.org/w/index.php?title=Pragmatics&oldid=871746921",
    note = "[Online; accessed 6-December-2018]"
  }

@book{trask1999key,
  title={Key concepts in language and linguistics},
  author={Trask, Robert Lawrence},
  year={1999},
  publisher={Psychology Press}
}

@incollection{bucsoniu2010multi,
  title={Multi-agent reinforcement learning: An overview},
  author={Bu{\c{s}}oniu, Lucian and Babu{\v{s}}ka, Robert and De Schutter, Bart},
  booktitle={Innovations in multi-agent systems and applications-1},
  pages={183--221},
  year={2010},
  publisher={Springer}
}

@inproceedings{Franke2013GameTP,
  title={Game Theoretic Pragmatics},
  author={Michael Franke},
  year={2013}
}

@incollection{kirby2002emergence,
  title={The emergence of linguistic structure: An overview of the iterated learning model},
  author={Kirby, Simon and Hurford, James R},
  booktitle={Simulating the evolution of language},
  pages={121--147},
  year={2002},
  publisher={Springer}
 }
  
@article{tripodi2016evolutionary,
  title={Evolutionary game theoretic models for natural language processing},
  author={Tripodi, Rocco},
  year={2016}
}

@article{khani2018planning,
  title={Planning, inference and pragmatics in sequential language games},
  author={Khani, Fereshte and Goodman, Noah D. and Liang, Percy},
  journal={Transactions of the Association for Computational Linguistics},
  volume={6},
  pages={543--555},
  year={2018},
  publisher={MIT Press}
}

@article{zhao2018game,
  title={A game-theoretic analysis on the use of indirect speech acts},
  author={Zhao, Mengyuan},
  journal={Journal of Applied Non-Classical Logics},
  volume={28},
  number={2-3},
  pages={280--296},
  year={2018},
  publisher={Taylor \& Francis}
}

_article{an2018yan,
%   title={Yan Huang (ed.), The Oxford handbook of pragmatics (Oxford Handbooks in Linguistics). Oxford: Oxford University Press, 2017. Pp. xxv+ 711.},
%   author={An, Yi and Xiang, Mingyou},
%   journal={Journal of Linguistics},
%   volume={54},
%   number={3},
%   pages={661--665},
%   year={2018},
%   publisher={Cambridge University Press}
 }

@article{zaiem2019learning,
  title={Learning to Communicate in Multi-Agent Reinforcement Learning: A Review},
  author={Za{\"\i}em, Mohamed Salah and Bennequin, Etienne},
  journal={arXiv preprint arXiv:1911.05438},
  year={2019}
}

@article{wagner2003progress,
  title={Progress in the simulation of emergent communication and language},
  author={Wagner, Kyle and Reggia, James A and Uriagereka, Juan and Wilkinson, Gerald S},
  journal={Adaptive Behavior},
  volume={11},
  number={1},
  pages={37--69},
  year={2003},
  publisher={SAGE Publications}
}

@article{kharitonov2019egg,
  title={EGG: a toolkit for research on Emergence of lanGuage in Games},
  author={Kharitonov, Eugene and Chaabouni, Rahma and Bouchacourt, Diane and Baroni, Marco},
  journal={arXiv preprint arXiv:1907.00852},
  year={2019}
}

@article{foerster2016learningq,
  title={Learning to communicate to solve riddles with deep distributed recurrent q-networks},
  author={Foerster, Jakob N and Assael, Yannis M and de Freitas, Nando and Whiteson, Shimon},
  journal={arXiv preprint arXiv:1602.02672},
  year={2016}
}

@inproceedings{foerster2019bayesian,
  title={Bayesian action decoder for deep multi-agent reinforcement learning},
  author={Foerster, Jakob and Song, Francis and Hughes, Edward and Burch, Neil and Dunning, Iain and Whiteson, Shimon and Botvinick, Matthew and Bowling, Michael},
  booktitle={International Conference on Machine Learning},
  pages={1942--1951},
  year={2019}
}

@inproceedings{havrylov2017emergence,
  title={Emergence of language with multi-agent games: Learning to communicate with sequences of symbols},
  author={Havrylov, Serhii and Titov, Ivan},
  booktitle={Advances in neural information processing systems},
  pages={2149--2159},
  year={2017}
}

@inproceedings{lee2018answerer,
  title={Answerer in questioner's mind: information theoretic approach to goal-oriented visual dialog},
  author={Lee, Sang-Woo and Heo, Yu-Jung and Zhang, Byoung-Tak},
  booktitle={Advances in Neural Information Processing Systems},
  pages={2579--2589},
  year={2018}
}

@inproceedings{lowe2019pitfalls,
  title={On the Pitfalls of Measuring Emergent Communication},
  author={Lowe, Ryan and Foerster, Jakob and Boureau, Y-Lan and Pineau, Joelle and Dauphin, Yann},
  booktitle={Proceedings of the 18th International Conference on Autonomous Agents and MultiAgent Systems},
  pages={693--701},
  year={2019},
  organization={International Foundation for Autonomous Agents and Multiagent Systems}
}

@inproceedings{smith2013learning,
  title={Learning and using language via recursive pragmatic reasoning about other agents},
  author={Smith, Nathaniel J. and Goodman, Noah and Frank, Michael},
  booktitle={Advances in neural information processing systems},
  pages={3039--3047},
  year={2013}
}

@inproceedings{shen2019pragmatically,
  title={Pragmatically Informative Text Generation},
  author={Shen, Sheng and Fried, Daniel and Andreas, Jacob and Klein, Dan},
  booktitle={Proceedings of the 2019 Conference of the North American Chapter of the Association for Computational Linguistics: Human Language Technologies, Volume 1 (Long and Short Papers)},
  pages={4060--4067},
  year={2019}
}

@incollection{franke2017game,
  title={Game theory in pragmatics: evolution, rationality, and reasoning},
  author={Franke, Michael},
  booktitle={Oxford Research Encyclopedia of Linguistics},
  year={2017}
}

@misc{lewis2014role,
  title={The role of pragmatic pressures in the emergence of linguistic structure},
  author={Lewis, Molly L.},
  url={http://www.andrew.cmu.edu/user/mollylew/papers/CADA_lewis.pdf},
  year={2014}
}

@book{zipf1935psycho,
  title={The Psycho-biology of Language: An Introduction to Dynamic Philology},
  author={Zipf, G.K.},
  lccn={35009154},
  series={The MIT paperback series},
  _url={https://books.google.com/books?id=y4waAAAAIAAJ},
  year={1935},
  publisher={Houghton Mifflin}
}

@book{lewis1969convention,
  Address = {Cambridge, MA, USA},
  Author = {David Lewis},
  Publisher = {Harvard University Press},
  Title = {Convention: A Philosophical Study},
  Year = {1969}
}

@incollection{grice1975logic,
  added-at = {2013-07-31T18:43:02.000+0200},
  address = {New York},
  author = {Grice, H. P.},
  biburl = {https://www.bibsonomy.org/bibtex/2b1d7f0bc99d9d535aab2c915d2c605ef/porta},
  booktitle = {Syntax and Semantics: Vol. 3: Speech Acts},
  description = {Daniel Sonntag all references},
  editor = {Cole, Peter and Morgan, Jerry L.},
  file = {grice1975logic.pdf:grice1975logic.pdf:PDF},
  groups = {public},
  interhash = {84c01c5b5ae6ede9a21af7b99f7c3f51},
  intrahash = {b1d7f0bc99d9d535aab2c915d2c605ef},
  keywords = {conversation dialogue implicature logic maxims theory},
  pages = {41-58},
  publisher = {Academic Press},
  timestamp = {2013-08-09T11:52:54.000+0200},
  title = {Logic and Conversation},
  url = {http://www.ucl.ac.uk/ls/studypacks/Grice-Logic.pdf},
  username = {porta},
  year = 1975
}

@inproceedings{tomlin2019emergent,
  title={Emergent compositionality in signaling games},
  author={Tomlin, Nicholas and Pavlick, Ellie},
  booktitle={Forty-First Annual Conference of the Cognitive Science Society},
  year={2019}
}

@article{battigalli2019incorporating,
  title={Incorporating belief-dependent motivation in games},
  author={Battigalli, Pierpaolo and Corrao, Roberto and Dufwenberg, Martin},
  journal={Journal of Economic Behavior \& Organization},
  year={2019},
  publisher={Elsevier}
}

@book{parikh2001use,
  title={The Use of Language},
  author={Parikh, Prashant},
  isbn={9781575863542},
  lccn={2001037832},
  series={CSLI Lecture Notes (CSLI- CHUP) Series},
  _url={https://books.google.com/books?id=6qK1QgAACAAJ},
  year={2001},
  publisher={CSLI Publications}
}


@book{rubinstein2000economics,
  title={Economics and language: Five essays},
  author={Rubinstein, Ariel},
  year={2000},
  publisher={Cambridge University Press}
}

@book{benz2005game,
  title={Game theory and pragmatics},
  author={Benz, Anton and J{\"a}ger, Gerhard and Van Rooij, Robert and Van Rooij, Robert},
  year={2005},
  publisher={Springer}
}

@book{mas1995microeconomic,
  title={Microeconomic theory},
  author={Mas-Colell, Andreu and Whinston, Michael Dennis and Green, Jerry R. and others},
  volume={1},
  year={1995},
  publisher={Oxford University Press, New York}
}

@book{fudenberg1991game,
  title={Game Theory},
  author={Fudenberg, D. and Tirole, J.},
  isbn={9780262303767},
  _url={https://books.google.com/books?id=3KnuDwAAQBAJ},
  year={1991},
  publisher={MIT Press}
}


@book{clark2011meaningful,
  title={Meaningful games: Exploring language with game theory},
  author={Clark, Robin},
  year={2011},
  publisher={MIT Press}
}

@article{rothschild2013game,
  title={Game theory and scalar implicatures},
  author={Rothschild, Daniel},
  journal={Philosophical Perspectives},
  volume={27},
  pages={438--478},
  year={2013},
  publisher={JSTOR}
}

@inproceedings{kao2014formalizing,
  title={Formalizing the pragmatics of metaphor understanding},
  author={Kao, Justine and Bergen, Leon and Goodman, Noah},
  booktitle={Proceedings of the annual meeting of the Cognitive Science Society},
  year={2014}
}

@article{kao2014nonliteral,
  title={Nonliteral understanding of number words},
  author={Kao, Justine T. and Wu, Jean Y. and Bergen, Leon and Goodman, Noah D.},
  journal={Proceedings of the National Academy of Sciences},
  volume={111},
  number={33},
  pages={12002--12007},
  year={2014},
  publisher={National Acad. Sciences}
}

@book{skyrms2010signals,
  title={Signals: Evolution, learning, and information},
  author={Skyrms, Brian},
  year={2010},
  publisher={Oxford University Press}
}

@MISC{coumans2016,
author =   {Erwin Coumans and Yunfei Bai},
title =    {{PyBullet}, a {Python} module for physics simulation for games, robotics and machine learning},
howpublished = {\url{http://pybullet.org}},
year = {2016--2020}
}

@incollection{glazer2006game,
  title={A Game Theoretic Approach to the Pragmatics of Debate: An Expository Note},
  author={Glazer, Jacob and Rubinstein, Ariel},
  booktitle={Game Theory and Pragmatics},
  pages={248--262},
  year={2006},
  publisher={Springer}
}

@inproceedings{achlioptas2019shapeglot,
  title={{ShapeGlot}: Learning language for shape differentiation},
  author={Achlioptas, Panos and Fan, Judy and Hawkins, Robert and Goodman, Noah and Guibas, Leonidas J.},
  booktitle={Proceedings of the IEEE International Conference on Computer Vision (CVPR)},
  pages={8938--8947},
  year={2019}
}

@article{albrecht2018autonomous,
  title={Autonomous agents modelling other agents: A comprehensive survey and open problems},
  author={Albrecht, Stefano V and Stone, Peter},
  journal={Artificial Intelligence},
  volume={258},
  pages={66--95},
  year={2018},
  publisher={Elsevier}
}

@incollection{goldman2012theory,
  title={Theory of mind},
  author={Goldman, Alvin I.},
  editors = {Eric Margolis and Richard Samuels and Stephen P. Stich},
  booktitle={The Oxford Handbook of Philosophy of Cognitive Science},
  year={2012},
  publisher={Oxford University Press}
}

@article{de2013much,
  title={How much does it help to know what she knows you know? An agent-based simulation study},
  author={De Weerd, Harmen and Verbrugge, Rineke and Verheij, Bart},
  journal={Artificial Intelligence},
  volume={199},
  pages={67--92},
  year={2013},
  publisher={Elsevier}
}

@article{zhang2019learning,
  title={Learning to Communicate and Solve Visual Blocks-World Tasks},
  author={Zhang, Qi and Lewis, Richard and Singh, Satinder and Durfee, Edmund},
  year={2019}
}

@article{gupta2019voting,
  title={On Voting Strategies and Emergent Communication},
  author={Gupta, Shubham and Dukkipati, Ambedkar},
  journal={arXiv preprint arXiv:1902.06897},
  year={2019}
}

@article{cogswell2019emergence,
  title={Emergence of Compositional Language with Deep Generational Transmission},
  author={Cogswell, Michael and Lu, Jiasen and Lee, Stefan and Parikh, Devi and Batra, Dhruv},
  journal={arXiv preprint arXiv:1904.09067},
  year={2019}
}

@article{bouchacourt2019miss,
  title={Miss Tools and Mr Fruit: Emergent communication in agents learning about object affordances},
  author={Bouchacourt, Diane and Baroni, Marco},
  journal={arXiv preprint arXiv:1905.11871},
  year={2019}
}

@inproceedings{eccles2019biases,
  title={Biases for Emergent Communication in Multi-agent Reinforcement Learning},
  author={Eccles, Tom and Bachrach, Yoram and Lever, Guy and Lazaridou, Angeliki and Graepel, Thore},
  booktitle={Advances in Neural Information Processing Systems},
  pages={13111--13121},
  year={2019}
}

@article{daganco,
  title={Co-evolution of language and agents in referential games},
  author={Dagan, Gautier and Hupkes, Dieuwke and Bruni, Elia}
}

@article{competitions2pommerman,
  title={Pommerman: A Multi-Agent Playground},
  author={Competitions, ViZDoom and from Pixels, Playing Doom},
  journal={Civilization},
  volume={2},
  number={3},
  pages={1}
}

@inproceedings{sirota2019evolving,
  title={Evolving recurrent neural networks for emergent communication},
  author={Sirota, Joshua and Bulitko, Vadim and Brown, Matthew RG and Hernandez, Sergio Poo},
  booktitle={Proceedings of the Genetic and Evolutionary Computation Conference Companion},
  pages={189--190},
  year={2019},
  organization={ACM}
}

@inproceedings{li2019ease,
  title={Ease-of-teaching and language structure from emergent communication},
  author={Li, Fushan and Bowling, Michael},
  booktitle={Advances in Neural Information Processing Systems},
  pages={15851--15861},
  year={2019}
}

@article{chaabouni2019anti,
  title={Anti-efficient encoding in emergent communication},
  author={Chaabouni, Rahma and Kharitonov, Eugene and Dupoux, Emmanuel and Baroni, Marco},
  journal={arXiv preprint arXiv:1905.12561},
  year={2019}
}

@phdthesis{andreas2018learning,
  title={Learning from Language},
  author={Andreas, Jacob Daniel},
  year={2018},
  school={UC Berkeley}
}

@article{YangXinyuWangZhangDeMelo2020ExplainableDialogueIntent,
  title     = {Reinforcement Learning over Knowledge Graphs for Explainable Dialogue Intent Mining},
  author    = {Yang, Kai and Xinyu, Kong and Wang, Yafang and Zhang, Jie and {de Melo}, Gerard},
  journal   = {IEEE Access},
  year      = {2020},
  volume    = {8},
  number    = {},
  pages     = {85348--85358},
  publisher = {IEEE},
  issn      = {2169-3536},
  _url       = {https://ieeexplore.ieee.org/document/9083954},
}

@article{luketina2019survey,
  title={A Survey of Reinforcement Learning Informed by Natural Language},
  author={Luketina, Jelena and Nardelli, Nantas and Farquhar, Gregory and Foerster, Jakob and Andreas, Jacob and Grefenstette, Edward and Whiteson, Shimon and Rockt{\"a}schel, Tim},
  journal={arXiv preprint arXiv:1906.03926},
  year={2019}
}

@InProceedings{Yu_2017_CVPR,
author = {Yu, Licheng and Tan, Hao and Bansal, Mohit and Berg, Tamara L.},
title = {A Joint Speaker-Listener-Reinforcer Model for Referring Expressions},
booktitle = {The IEEE Conference on Computer Vision and Pattern Recognition (CVPR)},
month = {July},
year = {2017}
}

@InProceedings{Shetty_2017_ICCV,
author = {Shetty, Rakshith and Rohrbach, Marcus and Anne Hendricks, Lisa and Fritz, Mario and Schiele, Bernt},
title = {Speaking the Same Language: Matching Machine to Human Captions by Adversarial Training},
booktitle = {The IEEE International Conference on Computer Vision (ICCV)},
month = {Oct},
year = {2017}
}

@InProceedings{Vedantam_2017_CVPR,
author = {Vedantam, Ramakrishna and Bengio, Samy and Murphy, Kevin and Parikh, Devi and Chechik, Gal},
title = {Context-Aware Captions From Context-Agnostic Supervision},
booktitle = {The IEEE Conference on Computer Vision and Pattern Recognition (CVPR)},
month = {July},
year = {2017}
}

@InProceedings{Luo_2017_CVPR,
author = {Luo, Ruotian and Shakhnarovich, Gregory},
title = {Comprehension-Guided Referring Expressions},
booktitle = {The IEEE Conference on Computer Vision and Pattern Recognition (CVPR)},
month = {July},
year = {2017}
}

@InProceedings{Hendricks_2018_ECCV,
author = {Anne Hendricks, Lisa and Hu, Ronghang and Darrell, Trevor and Akata, Zeynep},
title = {Grounding Visual Explanations},
booktitle = {The European Conference on Computer Vision (ECCV)},
month = {September},
year = {2018}
}

@InProceedings{Luo_2018_CVPR,
author = {Luo, Ruotian and Price, Brian and Cohen, Scott and Shakhnarovich, Gregory},
title = {Discriminability Objective for Training Descriptive Captions},
booktitle = {The IEEE Conference on Computer Vision and Pattern Recognition (CVPR)},
month = {June},
year = {2018}
}

@InProceedings{Su_2017_ICCV,
author = {Su, Jong-Chyi and Wu, Chenyun and Jiang, Huaizu and Maji, Subhransu},
title = {Reasoning About Fine-Grained Attribute Phrases Using Reference Games},
booktitle = {The IEEE International Conference on Computer Vision (ICCV)},
month = {Oct},
year = {2017}
}

@InProceedings{Bracha_2019_CVPR,
author = {Bracha, Lior and Chechik, Gal},
title = {Informative Object Annotations: Tell Me Something I Don't Know},
booktitle = {The IEEE Conference on Computer Vision and Pattern Recognition (CVPR)},
month = {June},
year = {2019}
}

@InProceedings{Park_2019_CVPR,
author = {Park, Jae Sung and Rohrbach, Marcus and Darrell, Trevor and Rohrbach, Anna},
title = {Adversarial Inference for Multi-Sentence Video Description},
booktitle = {The IEEE Conference on Computer Vision and Pattern Recognition (CVPR)},
month = {June},
year = {2019}
}

@InProceedings{Park_2019_ICCV,
author = {Park, Dong Huk and Darrell, Trevor and Rohrbach, Anna},
title = {Robust Change Captioning},
booktitle = {The IEEE International Conference on Computer Vision (ICCV)},
month = {October},
year = {2019}
}

@InProceedings{Vered_2019_ICCV,
author = {Vered, Gilad and Oren, Gal and Atzmon, Yuval and Chechik, Gal},
title = {Joint Optimization for Cooperative Image Captioning},
booktitle = {The IEEE International Conference on Computer Vision (ICCV)},
month = {October},
year = {2019}
}

@article{graesser2019emergent,
  title={Emergent linguistic phenomena in multi-agent communication games},
  author={Graesser, Laura and Cho, Kyunghyun and Kiela, Douwe},
  journal={arXiv preprint arXiv:1901.08706},
  year={2019}
}

@article{Fitzgerald2019ToPI,
    title={To Populate is To Regulate},
    author={Nicole J M Fitzgerald},
    journal={ArXiv},
    year={2019},
    volume={abs/1911.04362}
}

@inproceedings{das2017learning,
  title={Learning cooperative visual dialog agents with deep reinforcement learning},
  author={Das, Abhishek and Kottur, Satwik and Moura, Jos{\'e} MF and Lee, Stefan and Batra, Dhruv},
  booktitle={Proceedings of the IEEE international conference on computer vision (ICCV)},
  pages={2951--2960},
  year={2017}
}

@inproceedings{orita2015discourse,
  title={Why discourse affects speakers’ choice of referring expressions},
  author={Orita, Naho and Vornov, Eliana and Feldman, Naomi and Daum{\'e} III, Hal},
  booktitle={Proceedings of the 53rd Annual Meeting of the Association for Computational Linguistics and the 7th International Joint Conference on Natural Language Processing (ACL-IJCNLP)},
  pages={1639--1649},
  year={2015}
}

@inproceedings{lazaridou2017multi,
  title={Multi-agent cooperation and the emergence of (natural) language},
  author={Lazaridou, Angeliki and Peysakhovich, Alexander and Baroni, Marco},
  booktitle={Proceedings of the International Conference on Learning Representations (ICLR)},
  year={2017}
}

@article{chakrabarty2020r,
  title={$ R\^{} 3$: Reverse, Retrieve, and Rank for Sarcasm Generation with Commonsense Knowledge},
  author={Chakrabarty, Tuhin and Ghosh, Debanjan and Muresan, Smaranda and Peng, Nanyun},
  journal={arXiv preprint arXiv:2004.13248},
  year={2020}
}

@misc{cohn2019verbal,
  title={Verbal irony, pretense, and the common ground},
  author={Cohn-Gordon, Reuben and Bergen, Leon},
  year={2019}
}

@article{mialon2013go,
  title={Go figure: The strategy of nonliteral speech},
  author={Mialon, Hugo M and Mialon, Sue H},
  journal={American Economic Journal: Microeconomics},
  volume={5},
  number={2},
  pages={186--212},
  year={2013}
}

@article{sally2003risky,
  title={Risky speech: behavioral game theory and pragmatics},
  author={Sally, David},
  journal={Journal of Pragmatics},
  volume={35},
  number={8},
  pages={1223--1245},
  year={2003},
  publisher={Elsevier}
}

@inproceedings{mishra2019modular,
  title={A modular architecture for unsupervised sarcasm generation},
  author={Mishra, Abhijit and Tater, Tarun and Sankaranarayanan, Karthik},
  booktitle={Proceedings of the 2019 Conference on Empirical Methods in Natural Language Processing and the 9th International Joint Conference on Natural Language Processing (EMNLP-IJCNLP)},
  pages={6146--6155},
  year={2019}
}

@article{abulaish2020survey,
  title={A survey of figurative language and its computational detection in online social networks},
  author={Abulaish, Muhammad and Kamal, Ashraf and Zaki, Mohammed J},
  journal={ACM Transactions on the Web (TWEB)},
  volume={14},
  number={1},
  pages={1--52},
  year={2020},
  publisher={ACM New York, NY, USA}
}

@InCollection{sep-pragmatics,
	author       =	{Korta, Kepa and Perry, John},
	title        =	{Pragmatics},
	booktitle    =	{The {Stanford} Encyclopedia of Philosophy},
	editor       =	{Edward N. Zalta},
	howpublished =	{\url{https://plato.stanford.edu/archives/spr2020/entries/pragmatics/}},
	year         =	{2020},
	edition      =	{{Spring} 2020},
	publisher    =	{Metaphysics Research Lab, Stanford University}
}

@inproceedings{cohn2018pragmatically,
  title={Pragmatically Informative Image Captioning with Character-Level Inference},
  author={Cohn-Gordon, Reuben and Goodman, Noah and Potts, Christopher},
  booktitle={Proceedings of the 2018 Conference of the North American Chapter of the Association for Computational Linguistics: Human Language Technologies, Volume 2 (Short Papers)},
  pages={439--443},
  year={2018}
}

@inproceedings{cohn2019incremental,
  title={An Incremental Iterated Response Model of Pragmatics},
  author={Cohn-Gordon, Reuben and Goodman, Noah and Potts, Christopher},
  booktitle={Proceedings of the Society for Computation in Linguistics (SCiL) 2019},
  pages={81--90},
  year={2019}
}

@article{zaslavsky2020rate,
  title={A Rate-Distortion view of human pragmatic reasoning},
  author={Zaslavsky, Noga and Hu, Jennifer and Levy, Roger P.},
  journal={arXiv preprint arXiv:2005.06641},
  year={2020}
}

@article{wang2019mathematical,
  title={A mathematical theory of cooperative communication},
  author={Wang, Pei and Wang, Junqi and Paranamana, Pushpi and Shafto, Patrick},
  journal={arXiv preprint arXiv:1910.02822},
  year={2019}
}

@article{lazaridou2020multi,
  title={Multi-agent Communication meets Natural Language: Synergies between Functional and Structural Language Learning},
  author={Lazaridou, Angeliki and Potapenko, Anna and Tieleman, Olivier},
  journal={arXiv preprint arXiv:2005.07064},
  year={2020}
}

@book{franke2009signal,
  title={Signal to Act: Game Theory in Pragmatics},
  author={Franke, M.},
  isbn={9789057762024},
  series={ILLC dissertation series},
  _url={https://books.google.com/books?id=dI6PZwEACAAJ},
  year={2009},
  publisher={Institute for Logic, Language and Computation}
}


@inproceedings{usunier2017episodic,
  title={Episodic exploration for deep deterministic policies: An application to {StarCraft} micromanagement tasks},
  author={Usunier, Nicolas and Synnaeve, Gabriel and Lin, Zeming and Chintala, Soumith},
  booktitle={Proceedings of the International Conference on Learning Representations (ICLR)},
  year={2017}
}

@article{peng2017multiagent,
  title={Multiagent bidirectionally-coordinated nets: Emergence of human-level coordination in learning to play {StarCraft} combat games},
  author={Peng, Peng and Wen, Ying and Yang, Yaodong and Yuan, Quan and Tang, Zhenkun and Long, Haitao and Wang, Jun},
  journal={arXiv preprint arXiv:1703.10069},
  year={2017}
}

@inproceedings{deMeloEtAl2012MASC,
  title     = {Empirical Comparisons of {MASC} Word Sense Annotations},
  author    = {de Melo, Gerard and Baker, Collin F. and Ide, Nancy and Passonneau, Rebecca J. and Fellbaum, Christiane},
  booktitle = {Proceedings of the 8th {Language Resources and Evaluation Conference} ({LREC} 2012)},
  _location  = {Istanbul, Turkey},
  eventdate = {2012-05-21/27},
  _editor    = {Calzolari, Nicoletta and Choukri, Khalid and Declerck, Thierry and Dogan, Mehmet Ugur and Maegaard, Bente and Mariani, Joseph and Odijk, Jan and Piperidis, Stelios},
  publisher = {European Language Resources Association (ELRA)},
  address   = {Paris, France},
  ee        = {http://www.lrec-conf.org/proceedings/lrec2012/summaries/884.html},
  _isbn      = {978-2-9517408-7-7},
  pages     = {3036--3043},
  year      = {2012},
  _url       = {http://www.lrec-conf.org/proceedings/lrec2012/summaries/884.html},
}

@inproceedings{LiWangDeMeloTuChen2017MultimodalQA,
  author    = {Li, Huadong and Wang, Yafang and {de Melo}, Gerard and Tu, Changhe and Chen, Baoquan},
  title     = {Multimodal Question Answering over Structured Data with Ambiguous Entities},
  booktitle = {Proceedings of WWW 2017},
  year      = {2017},
  pages     = {79--88},
  location  = {Perth, Australia},
  eventdate = {2017-04-03/07},
  publisher = {ACM},
  _url       = {https://dl.acm.org/citation.cfm?id=3054135},
}

% %%%%%%%%%%% Natural Language Processing %%%%%%%%%%

@inproceedings{devlin2019bert,
  title={BERT: Pre-training of Deep Bidirectional Transformers for Language Understanding},
  author={Devlin, Jacob and Chang, Ming-Wei and Lee, Kenton and Toutanova, Kristina},
  booktitle={Proceedings of the 2019 Conference of the North American Chapter of the Association for Computational Linguistics: Human Language Technologies, Volume 1 (Long and Short Papers)},
  pages={4171--4186},
  year={2019}
}

@inproceedings{edunov2018understanding,
  title={Understanding Back-Translation at Scale},
  author={Edunov, Sergey and Ott, Myle and Auli, Michael and Grangier, David},
  booktitle={Proceedings of the 2018 Conference on Empirical Methods in Natural Language Processing},
  pages={489--500},
  year={2018}
}

@article{radford2019language,
  title={Language models are unsupervised multitask learners},
  author={Radford, Alec and Wu, Jeffrey and Child, Rewon and Luan, David and Amodei, Dario and Sutskever, Ilya},
  year={2019}
}

@article{minaee2020deep,
  title={Deep learning based text classification: A comprehensive review},
  author={Minaee, Shervin and Kalchbrenner, Nal and Cambria, Erik and Nikzad, Narjes and Chenaghlu, Meysam and Gao, Jianfeng},
  journal={arXiv preprint arXiv:2004.03705},
  year={2020}
}

@article{wittgenstein1958160,
  title={160 B3376. W563P53},
  author={Wittgenstein, Ludwig},
  year={1958}
}

@book{austin1975things,
  title={How to do things with words},
  author={Austin, John Langshaw},
  volume={88},
  year={1975},
  publisher={Oxford university press}
}

@book{clark1996using,
  title={Using language},
  author={Clark, Herbert H},
  year={1996},
  publisher={Cambridge university press}
}

@article{serban2016generative,
  title={Generative deep neural networks for dialogue: A short review},
  author={Serban, Iulian Vlad and Lowe, Ryan and Charlin, Laurent and Pineau, Joelle},
  journal={arXiv preprint arXiv:1611.06216},
  year={2016}
}

@book{gao2019neural,
  title={Neural Approaches to Conversational AI: Question Answering, Task-oriented Dialogues and Social Chatbots},
  author={Gao, Jianfeng and Galley, Michel and Li, Lihong},
  year={2019},
  publisher={Now Foundations and Trends}
}

@inproceedings{kottur2017natural,
  title={Natural Language Does Not Emerge ‘Naturally’in Multi-Agent Dialog},
  author={Kottur, Satwik and Moura, Jos{\'e} and Lee, Stefan and Batra, Dhruv},
  booktitle={Proceedings of the 2017 Conference on Empirical Methods in Natural Language Processing},
  pages={2962--2967},
  year={2017}
}

@inproceedings{ruan2019quizbot,
  title={Quizbot: A dialogue-based adaptive learning system for factual knowledge},
  author={Ruan, Sherry and Jiang, Liwei and Xu, Justin and Tham, Bryce Joe-Kun and Qiu, Zhengneng and Zhu, Yeshuang and Murnane, Elizabeth L and Brunskill, Emma and Landay, James A},
  booktitle={Proceedings of the 2019 CHI Conference on Human Factors in Computing Systems},
  pages={1--13},
  year={2019}
}

@inproceedings{xu2017new,
  title={A new chatbot for customer service on social media},
  author={Xu, Anbang and Liu, Zhe and Guo, Yufan and Sinha, Vibha and Akkiraju, Rama},
  booktitle={Proceedings of the 2017 CHI conference on human factors in computing systems},
  pages={3506--3510},
  year={2017}
}

@inproceedings{clark2019makes,
  title={What makes a good conversation? Challenges in designing truly conversational agents},
  author={Clark, Leigh and Pantidi, Nadia and Cooney, Orla and Doyle, Philip and Garaialde, Diego and Edwards, Justin and Spillane, Brendan and Gilmartin, Emer and Murad, Christine and Munteanu, Cosmin and others},
  booktitle={Proceedings of the 2019 CHI Conference on Human Factors in Computing Systems},
  pages={1--12},
  year={2019}
}

@inproceedings{seering2019beyond,
  title={Beyond dyadic interactions: Considering chatbots as community members},
  author={Seering, Joseph and Luria, Michal and Kaufman, Geoff and Hammer, Jessica},
  booktitle={Proceedings of the 2019 CHI Conference on Human Factors in Computing Systems},
  pages={1--13},
  year={2019}
}

@inproceedings{li2016deep,
  title={Deep Reinforcement Learning for Dialogue Generation},
  author={Li, Jiwei and Monroe, Will and Ritter, Alan and Jurafsky, Dan and Galley, Michel and Gao, Jianfeng},
  booktitle={Proceedings of the 2016 Conference on Empirical Methods in Natural Language Processing},
  pages={1192--1202},
  year={2016}
}

@article{von2010doesn,
  title={“It doesn’t matter what you are!” explaining social effects of agents and avatars.},
  author={Von der P{\"u}tten, Astrid M and Kr{\"a}mer, Nicole C and Gratch, Jonathan and Kang, Sin-Hwa},
  journal={Computers in Human Behavior},
  year={2010},
  publisher={Elsevier Science}
}

@inproceedings{wilks2010companion,
  title={Is a Companion a distinctive kind of relationship with a machine?},
  author={Wilks, Yorick},
  booktitle={Proceedings of the 2010 Workshop on Companionable Dialogue Systems},
  pages={13--18},
  year={2010}
}

@inproceedings{glass1999challenges,
  title={Challenges for spoken dialogue systems},
  author={Glass, James},
  booktitle={Proceedings of the 1999 IEEE ASRU Workshop},
  volume={696},
  year={1999}
}

@inproceedings{wang2021towards,
  title={Towards Mutual Theory of Mind in Human-AI Interaction: How Language Reflects What Students Perceive About a Virtual Teaching Assistant},
  author={Wang, Qiaosi and Saha, Koustuv and Gregori, Eric and Joyner, David and Goel, Ashok},
  booktitle={Proceedings of the 2021 CHI Conference on Human Factors in Computing Systems},
  pages={1--14},
  year={2021}
}

@inproceedings{luger2016like,
  title={" Like Having a Really Bad PA" The Gulf between User Expectation and Experience of Conversational Agents},
  author={Luger, Ewa and Sellen, Abigail},
  booktitle={Proceedings of the 2016 CHI conference on human factors in computing systems},
  pages={5286--5297},
  year={2016}
}

@inproceedings{amershi2019guidelines,
  title={Guidelines for human-AI interaction},
  author={Amershi, Saleema and Weld, Dan and Vorvoreanu, Mihaela and Fourney, Adam and Nushi, Besmira and Collisson, Penny and Suh, Jina and Iqbal, Shamsi and Bennett, Paul N and Inkpen, Kori and others},
  booktitle={Proceedings of the 2019 chi conference on human factors in computing systems},
  pages={1--13},
  year={2019}
}

@inproceedings{zamora2017m,
  title={I'm sorry, dave, i'm afraid i can't do that: Chatbot perception and expectations},
  author={Zamora, Jennifer},
  booktitle={Proceedings of the 5th international conference on human agent interaction},
  pages={253--260},
  year={2017}
}

@article{liu2017end,
  title={An end-to-end trainable neural network model with belief tracking for task-oriented dialog},
  author={Liu, Bing and Lane, Ian},
  journal={arXiv preprint arXiv:1708.05956},
  year={2017}
}

@inproceedings{wen2017network,
  title={A network-based end-to-end trainable task-oriented dialogue system},
  author={Wen, TH and Vandyke, D and Mrk{\v{s}}{\'\i}c, N and Ga{\v{s}}{\'\i}c, M and Rojas-Barahona, LM and Su, PH and Ultes, S and Young, S},
  booktitle={15th Conference of the European Chapter of the Association for Computational Linguistics, EACL 2017-Proceedings of Conference},
  volume={1},
  pages={438--449},
  year={2017}
}

@inproceedings{lei2018sequicity,
  title={Sequicity: Simplifying task-oriented dialogue systems with single sequence-to-sequence architectures},
  author={Lei, Wenqiang and Jin, Xisen and Kan, Min-Yen and Ren, Zhaochun and He, Xiangnan and Yin, Dawei},
  booktitle={Proceedings of the 56th Annual Meeting of the Association for Computational Linguistics (Volume 1: Long Papers)},
  pages={1437--1447},
  year={2018}
}

@article{huang2020challenges,
  title={Challenges in building intelligent open-domain dialog systems},
  author={Huang, Minlie and Zhu, Xiaoyan and Gao, Jianfeng},
  journal={ACM Transactions on Information Systems (TOIS)},
  volume={38},
  number={3},
  pages={1--32},
  year={2020},
  publisher={ACM New York, NY, USA}
}

@article{chen2019bert,
  title={Bert for joint intent classification and slot filling},
  author={Chen, Qian and Zhuo, Zhu and Wang, Wen},
  journal={arXiv preprint arXiv:1902.10909},
  year={2019}
}

@article{castellucci2019multi,
  title={Multi-lingual intent detection and slot filling in a joint BERT-based model},
  author={Castellucci, Giuseppe and Bellomaria, Valentina and Favalli, Andrea and Romagnoli, Raniero},
  journal={arXiv preprint arXiv:1907.02884},
  year={2019}
}

@inproceedings{mrkvsic2017neural,
  title={Neural Belief Tracker: Data-Driven Dialogue State Tracking},
  author={Mrk{\v{s}}i{\'c}, Nikola and S{\'e}aghdha, Diarmuid {\'O} and Wen, Tsung-Hsien and Thomson, Blaise and Young, Steve},
  booktitle={Proceedings of the 55th Annual Meeting of the Association for Computational Linguistics (Volume 1: Long Papers)},
  pages={1777--1788},
  year={2017}
}

@inproceedings{peng2018deep,
  title={Deep Dyna-Q: Integrating Planning for Task-Completion Dialogue Policy Learning},
  author={Peng, Baolin and Li, Xiujun and Gao, Jianfeng and Liu, Jingjing and Wong, Kam-Fai},
  booktitle={Proceedings of the 56th Annual Meeting of the Association for Computational Linguistics (Volume 1: Long Papers)},
  pages={2182--2192},
  year={2018}
}

@inproceedings{wen2015semantically,
  title={Semantically conditioned lstm-based Natural language generation for spoken dialogue systems},
  author={Wen, TH and Ga{\v{s}}i{\'c}, M and Mrk{\v{s}}i{\'c}, N and Su, PH and Vandyke, D and Young, S},
  booktitle={Conference Proceedings-EMNLP 2015: Conference on Empirical Methods in Natural Language Processing},
  pages={1711--1721},
  year={2015}
}

@inproceedings{dhingra2017towards,
  title={Towards End-to-End Reinforcement Learning of Dialogue Agents for Information Access},
  author={Dhingra, Bhuwan and Li, Lihong and Li, Xiujun and Gao, Jianfeng and Chen, Yun-Nung and Ahmad, Faisal and Deng, Li},
  booktitle={Proceedings of the 55th Annual Meeting of the Association for Computational Linguistics (Volume 1: Long Papers)},
  pages={484--495},
  year={2017}
}

@inproceedings{shah2018bootstrapping,
  title={Bootstrapping a neural conversational agent with dialogue self-play, crowdsourcing and on-line reinforcement learning},
  author={Shah, Pararth and Hakkani-Tur, Dilek and Liu, Bing and Tur, Gokhan},
  booktitle={Proceedings of the 2018 Conference of the North American Chapter of the Association for Computational Linguistics: Human Language Technologies, Volume 3 (Industry Papers)},
  pages={41--51},
  year={2018}
}

@inproceedings{zhao2019rethinking,
  title={Rethinking Action Spaces for Reinforcement Learning in End-to-end Dialog Agents with Latent Variable Models},
  author={Zhao, Tiancheng and Xie, Kaige and Eskenazi, Maxine},
  booktitle={Proceedings of the 2019 Conference of the North American Chapter of the Association for Computational Linguistics: Human Language Technologies, Volume 1 (Long and Short Papers)},
  pages={1208--1218},
  year={2019}
}

@article{peng2020soloist,
  title={Soloist: Few-shot task-oriented dialog with a single pretrained auto-regressive model},
  author={Peng, Baolin and Li, Chunyuan and Li, Jinchao and Shayandeh, Shahin and Liden, Lars and Gao, Jianfeng},
  journal={arXiv preprint arXiv:2005.05298},
  year={2020}
}

@article{hosseini2020simple,
  title={A simple language model for task-oriented dialogue},
  author={Hosseini-Asl, Ehsan and McCann, Bryan and Wu, Chien-Sheng and Yavuz, Semih and Socher, Richard},
  journal={arXiv preprint arXiv:2005.00796},
  year={2020}
}

@article{schatzmann2009hidden,
  title={The hidden agenda user simulation model},
  author={Schatzmann, Jost and Young, Steve},
  journal={IEEE transactions on audio, speech, and language processing},
  volume={17},
  number={4},
  pages={733--747},
  year={2009},
  publisher={IEEE}
}

@article{li2016user,
  title={A user simulator for task-completion dialogues},
  author={Li, Xiujun and Lipton, Zachary C and Dhingra, Bhuwan and Li, Lihong and Gao, Jianfeng and Chen, Yun-Nung},
  journal={arXiv preprint arXiv:1612.05688},
  year={2016}
}

@article{asri2016sequence,
  title={A sequence-to-sequence model for user simulation in spoken dialogue systems},
  author={Asri, Layla El and He, Jing and Suleman, Kaheer},
  journal={arXiv preprint arXiv:1607.00070},
  year={2016}
}

@inproceedings{gur2018user,
  title={User modeling for task oriented dialogues},
  author={G{\"u}r, Izzeddin and Hakkani-T{\"u}r, Dilek and T{\"u}r, Gokhan and Shah, Pararth},
  booktitle={2018 IEEE Spoken Language Technology Workshop (SLT)},
  pages={900--906},
  year={2018},
  organization={IEEE}
}

@article{kreyssig2018deep,
  title={Deep learning for user simulation in a dialogue system},
  author={Kreyssig, Florian},
  journal={University of Cambridge},
  year={2018}
}

@article{tseng2021transferable,
  title={Transferable Dialogue Systems and User Simulators},
  author={Tseng, Bo-Hsiang and Dai, Yinpei and Kreyssig, Florian and Byrne, Bill},
  journal={arXiv preprint arXiv:2107.11904},
  year={2021}
}

@inproceedings{takanobu2020multi,
  title={Multi-Agent Task-Oriented Dialog Policy Learning with Role-Aware Reward Decomposition},
  author={Takanobu, Ryuichi and Liang, Runze and Huang, Minlie},
  booktitle={Proceedings of the 58th Annual Meeting of the Association for Computational Linguistics},
  pages={625--638},
  year={2020}
}

@article{bengio2003neural,
  title={A neural probabilistic language model},
  author={Bengio, Yoshua and Ducharme, R{\'e}jean and Vincent, Pascal and Janvin, Christian},
  journal={The journal of machine learning research},
  volume={3},
  pages={1137--1155},
  year={2003},
  publisher={JMLR. org}
}

@inproceedings{findlater2004comparison,
  title={A comparison of static, adaptive, and adaptable menus},
  author={Findlater, Leah and McGrenere, Joanna},
  booktitle={Proceedings of the SIGCHI conference on Human factors in computing systems},
  pages={89--96},
  year={2004}
}

@inproceedings{gajos2006exploring,
  title={Exploring the design space for adaptive graphical user interfaces},
  author={Gajos, Krzysztof Z and Czerwinski, Mary and Tan, Desney S and Weld, Daniel S},
  booktitle={Proceedings of the working conference on Advanced visual interfaces},
  pages={201--208},
  year={2006}
}

@inproceedings{gajos2008predictability,
  title={Predictability and accuracy in adaptive user interfaces},
  author={Gajos, Krzysztof Z and Everitt, Katherine and Tan, Desney S and Czerwinski, Mary and Weld, Daniel S},
  booktitle={Proceedings of the SIGCHI Conference on Human Factors in Computing Systems},
  pages={1271--1274},
  year={2008}
}

@inproceedings{kulesza2015principles,
  title={Principles of explanatory debugging to personalize interactive machine learning},
  author={Kulesza, Todd and Burnett, Margaret and Wong, Weng-Keen and Stumpf, Simone},
  booktitle={Proceedings of the 20th international conference on intelligent user interfaces},
  pages={126--137},
  year={2015}
}

@inproceedings{rader2018explanations,
  title={Explanations as mechanisms for supporting algorithmic transparency},
  author={Rader, Emilee and Cotter, Kelley and Cho, Janghee},
  booktitle={Proceedings of the 2018 CHI conference on human factors in computing systems},
  pages={1--13},
  year={2018}
}

@article{weld2018intelligible,
  title={Intelligible artificial intelligence},
  author={Weld, Daniel S and Bansal, Gagan},
  journal={ArXiv e-prints, March 2018},
  year={2018}
}

@article{wu2018building,
  title={Building generalizable agents with a realistic and rich 3D environment},
  author={Wu, Yi and Wu, Yuxin and Gkioxari, Georgia and Tian, Yuandong},
  journal={arXiv preprint arXiv:1801.02209},
  year={2018}
}

@inproceedings{ross2021evaluating,
  title={Evaluating the interpretability of generative models by interactive reconstruction},
  author={Ross, Andrew and Chen, Nina and Hang, Elisa Zhao and Glassman, Elena L and Doshi-Velez, Finale},
  booktitle={Proceedings of the 2021 CHI Conference on Human Factors in Computing Systems},
  pages={1--15},
  year={2021}
}

@inproceedings{gordon2022jury,
  title={Jury learning: Integrating dissenting voices into machine learning models},
  author={Gordon, Mitchell L and Lam, Michelle S and Park, Joon Sung and Patel, Kayur and Hancock, Jeff and Hashimoto, Tatsunori and Bernstein, Michael S},
  booktitle={CHI Conference on Human Factors in Computing Systems},
  pages={1--19},
  year={2022}
}

@inproceedings{zhang2022debiased,
  title={Debiased-CAM to mitigate image perturbations with faithful visual explanations of machine learning},
  author={Zhang, Wencan and Dimiccoli, Mariella and Lim, Brian Y},
  booktitle={CHI Conference on Human Factors in Computing Systems},
  pages={1--32},
  year={2022}
}

@inproceedings{zhang2022towards,
  title={Towards Relatable Explainable AI with the Perceptual Process},
  author={Zhang, Wencan and Lim, Brian Y},
  booktitle={CHI Conference on Human Factors in Computing Systems},
  pages={1--24},
  year={2022}
}

@article{silva2019optimization,
  title={Optimization methods for interpretable differentiable decision trees in reinforcement learning},
  author={Silva, Andrew and Killian, Taylor and Rodriguez, Ivan Dario Jimenez and Son, Sung-Hyun and Gombolay, Matthew},
  journal={arXiv preprint arXiv:1903.09338},
  year={2019}
}

@incollection{rokach2005decision,
  title={Decision trees},
  author={Rokach, Lior and Maimon, Oded},
  booktitle={Data mining and knowledge discovery handbook},
  pages={165--192},
  year={2005},
  publisher={Springer}
}

@article{hein2018interpretable,
  title={Interpretable policies for reinforcement learning by genetic programming},
  author={Hein, Daniel and Udluft, Steffen and Runkler, Thomas A},
  journal={Engineering Applications of Artificial Intelligence},
  volume={76},
  pages={158--169},
  year={2018},
  publisher={Elsevier}
}

@inproceedings{landajuela2021discovering,
  title={Discovering symbolic policies with deep reinforcement learning},
  author={Landajuela, Mikel and Petersen, Brenden K and Kim, Sookyung and Santiago, Claudio P and Glatt, Ruben and Mundhenk, Nathan and Pettit, Jacob F and Faissol, Daniel},
  booktitle={International Conference on Machine Learning},
  pages={5979--5989},
  year={2021},
  organization={PMLR}
}

@article{dodge2021no,
  title={From “no clear winner” to an effective Explainable Artificial Intelligence process: An empirical journey},
  author={Dodge, Jonathan and Anderson, Andrew and Khanna, Roli and Irvine, Jed and Dikkala, Rupika and Lam, Kin-Ho and Tabatabai, Delyar and Ruangrotsakun, Anita and Shureih, Zeyad and Kahng, Minsuk and others},
  journal={Applied AI Letters},
  volume={2},
  number={4},
  pages={e36},
  year={2021},
  publisher={Wiley Online Library}
}

@inproceedings{abbeel2004apprenticeship,
  title={Apprenticeship learning via inverse reinforcement learning},
  author={Abbeel, Pieter and Ng, Andrew Y},
  booktitle={Proceedings of the twenty-first international conference on Machine learning},
  pages={1},
  year={2004}
}

@article{argall2009survey,
  title={A survey of robot learning from demonstration},
  author={Argall, Brenna D and Chernova, Sonia and Veloso, Manuela and Browning, Brett},
  journal={Robotics and autonomous systems},
  volume={57},
  number={5},
  pages={469--483},
  year={2009},
  publisher={Elsevier}
}

@mastersthesis{jhunjhunwala2019policy,
  title={Policy extraction via online q-value distillation},
  author={Jhunjhunwala, Aman},
  year={2019},
  school={University of Waterloo}
}

@inproceedings{liu2018toward,
  title={Toward interpretable deep reinforcement learning with linear model u-trees},
  author={Liu, Guiliang and Schulte, Oliver and Zhu, Wang and Li, Qingcan},
  booktitle={Joint European Conference on Machine Learning and Knowledge Discovery in Databases},
  pages={414--429},
  year={2018},
  organization={Springer}
}

@article{zhang2020interpretable,
  title={Interpretable policy derivation for reinforcement learning based on evolutionary feature synthesis},
  author={Zhang, Hengzhe and Zhou, Aimin and Lin, Xin},
  journal={Complex \& Intelligent Systems},
  volume={6},
  number={3},
  pages={741--753},
  year={2020},
  publisher={Springer}
}

@inproceedings{gottesman2020interpretable,
  title={Interpretable off-policy evaluation in reinforcement learning by highlighting influential transitions},
  author={Gottesman, Omer and Futoma, Joseph and Liu, Yao and Parbhoo, Sonali and Celi, Leo and Brunskill, Emma and Doshi-Velez, Finale},
  booktitle={International Conference on Machine Learning},
  pages={3658--3667},
  year={2020},
  organization={PMLR}
}


@inproceedings{danesh2021re,
  title={Re-understanding finite-state representations of recurrent policy networks},
  author={Danesh, Mohamad H and Koul, Anurag and Fern, Alan and Khorram, Saeed},
  booktitle={International Conference on Machine Learning},
  pages={2388--2397},
  year={2021},
  organization={PMLR}
}


@inproceedings{lage2019exploring,
  title={Exploring computational user models for agent policy summarization},
  author={Lage, Isaac and Lifschitz, Daphna and Doshi-Velez, Finale and Amir, Ofra},
  booktitle={IJCAI: proceedings of the conference},
  volume={28},
  pages={1401},
  year={2019},
  organization={NIH Public Access}
}

@inproceedings{amir2018highlights,
  title={Highlights: Summarizing agent behavior to people},
  author={Amir, Dan and Amir, Ofra},
  booktitle={Proceedings of the 17th International Conference on Autonomous Agents and MultiAgent Systems},
  pages={1168--1176},
  year={2018}
}

@inproceedings{huang2018establishing,
  title={Establishing appropriate trust via critical states},
  author={Huang, Sandy H and Bhatia, Kush and Abbeel, Pieter and Dragan, Anca D},
  booktitle={2018 IEEE/RSJ International Conference on Intelligent Robots and Systems (IROS)},
  pages={3929--3936},
  year={2018},
  organization={IEEE}
}

@inproceedings{zahavy2016graying,
  title={Graying the black box: Understanding dqns},
  author={Zahavy, Tom and Ben-Zrihem, Nir and Mannor, Shie},
  booktitle={International conference on machine learning},
  pages={1899--1908},
  year={2016},
  organization={PMLR}
}

@inproceedings{hayes2017improving,
  title={Improving robot controller transparency through autonomous policy explanation},
  author={Hayes, Bradley and Shah, Julie A},
  booktitle={2017 12th ACM/IEEE International Conference on Human-Robot Interaction (HRI},
  pages={303--312},
  year={2017},
  organization={IEEE}
}

@inproceedings{wang2019verbal,
  title={Verbal explanations for deep reinforcement learning neural networks with attention on extracted features},
  author={Wang, Xinzhi and Yuan, Shengcheng and Zhang, Hui and Lewis, Michael and Sycara, Katia},
  booktitle={2019 28th IEEE International Conference on Robot and Human Interactive Communication (RO-MAN)},
  pages={1--7},
  year={2019},
  organization={IEEE}
}

@inproceedings{gilpin2018explaining,
  title={Explaining explanations: An overview of interpretability of machine learning},
  author={Gilpin, Leilani H and Bau, David and Yuan, Ben Z and Bajwa, Ayesha and Specter, Michael and Kagal, Lalana},
  booktitle={2018 IEEE 5th International Conference on data science and advanced analytics (DSAA)},
  pages={80--89},
  year={2018},
  organization={IEEE}
}

@article{lipton2018mythos,
  title={The mythos of model interpretability: In machine learning, the concept of interpretability is both important and slippery.},
  author={Lipton, Zachary C},
  journal={Queue},
  volume={16},
  number={3},
  pages={31--57},
  year={2018},
  publisher={ACM New York, NY, USA}
}

@article{arrieta2020explainable,
  title={Explainable Artificial Intelligence (XAI): Concepts, taxonomies, opportunities and challenges toward responsible AI},
  author={Arrieta, Alejandro Barredo and D{\'\i}az-Rodr{\'\i}guez, Natalia and Del Ser, Javier and Bennetot, Adrien and Tabik, Siham and Barbado, Alberto and Garc{\'\i}a, Salvador and Gil-L{\'o}pez, Sergio and Molina, Daniel and Benjamins, Richard and others},
  journal={Information fusion},
  volume={58},
  pages={82--115},
  year={2020},
  publisher={Elsevier}
}

@article{carvalho2019machine,
  title={Machine learning interpretability: A survey on methods and metrics},
  author={Carvalho, Diogo V and Pereira, Eduardo M and Cardoso, Jaime S},
  journal={Electronics},
  volume={8},
  number={8},
  pages={832},
  year={2019},
  publisher={MDPI}
}

@inproceedings{ehsan2019automated,
  title={Automated rationale generation: a technique for explainable AI and its effects on human perceptions},
  author={Ehsan, Upol and Tambwekar, Pradyumna and Chan, Larry and Harrison, Brent and Riedl, Mark O},
  booktitle={Proceedings of the 24th International Conference on Intelligent User Interfaces},
  pages={263--274},
  year={2019}
}

@article{gunning2017explainable,
  title={Explainable artificial intelligence (xai)},
  author={Gunning, David},
  journal={Defense advanced research projects agency (DARPA), nd Web},
  volume={2},
  number={2},
  pages={1},
  year={2017}
}

@incollection{ras2018explanation,
  title={Explanation methods in deep learning: Users, values, concerns and challenges},
  author={Ras, Gabri{\"e}lle and van Gerven, Marcel and Haselager, Pim},
  booktitle={Explainable and interpretable models in computer vision and machine learning},
  pages={19--36},
  year={2018},
  publisher={Springer}
}

@article{bach2015pixel,
  title={On pixel-wise explanations for non-linear classifier decisions by layer-wise relevance propagation},
  author={Bach, Sebastian and Binder, Alexander and Montavon, Gr{\'e}goire and Klauschen, Frederick and M{\"u}ller, Klaus-Robert and Samek, Wojciech},
  journal={PloS one},
  volume={10},
  number={7},
  pages={e0130140},
  year={2015},
  publisher={Public Library of Science San Francisco, CA USA}
}

@article{montavon2017explaining,
  title={Explaining nonlinear classification decisions with deep taylor decomposition},
  author={Montavon, Gr{\'e}goire and Lapuschkin, Sebastian and Binder, Alexander and Samek, Wojciech and M{\"u}ller, Klaus-Robert},
  journal={Pattern recognition},
  volume={65},
  pages={211--222},
  year={2017},
  publisher={Elsevier}
}

@inproceedings{ribeiro2016should,
  title={" Why should i trust you?" Explaining the predictions of any classifier},
  author={Ribeiro, Marco Tulio and Singh, Sameer and Guestrin, Carlos},
  booktitle={Proceedings of the 22nd ACM SIGKDD international conference on knowledge discovery and data mining},
  pages={1135--1144},
  year={2016}
}

@inproceedings{richardson2006beyond,
  title={Beyond PageRank: machine learning for static ranking},
  author={Richardson, Matthew and Prakash, Amit and Brill, Eric},
  booktitle={Proceedings of the 15th international conference on World Wide Web},
  pages={707--715},
  year={2006}
}

@inproceedings{selvaraju2017grad,
  title={Grad-cam: Visual explanations from deep networks via gradient-based localization},
  author={Selvaraju, Ramprasaath R and Cogswell, Michael and Das, Abhishek and Vedantam, Ramakrishna and Parikh, Devi and Batra, Dhruv},
  booktitle={Proceedings of the IEEE international conference on computer vision},
  pages={618--626},
  year={2017}
}

@inproceedings{sundararajan2017axiomatic,
  title={Axiomatic attribution for deep networks},
  author={Sundararajan, Mukund and Taly, Ankur and Yan, Qiqi},
  booktitle={International conference on machine learning},
  pages={3319--3328},
  year={2017},
  organization={PMLR}
}

@article{miller2019explanation,
  title={Explanation in artificial intelligence: Insights from the social sciences},
  author={Miller, Tim},
  journal={Artificial intelligence},
  volume={267},
  pages={1--38},
  year={2019},
  publisher={Elsevier}
}

@article{shneiderman2020human,
  title={Human-centered artificial intelligence: Reliable, safe \& trustworthy},
  author={Shneiderman, Ben},
  journal={International Journal of Human--Computer Interaction},
  volume={36},
  number={6},
  pages={495--504},
  year={2020},
  publisher={Taylor \& Francis}
}

@article{vaughan2020human,
  title={A human-centered agenda for intelligible machine learning},
  author={Vaughan, Jennifer Wortman and Wallach, Hanna},
  journal={Machines We Trust: Getting Along with Artificial Intelligence},
  year={2020}
}

@inproceedings{abdul2018trends,
  title={Trends and trajectories for explainable, accountable and intelligible systems: An hci research agenda},
  author={Abdul, Ashraf and Vermeulen, Jo and Wang, Danding and Lim, Brian Y and Kankanhalli, Mohan},
  booktitle={Proceedings of the 2018 CHI conference on human factors in computing systems},
  pages={1--18},
  year={2018}
}

@inproceedings{mittelstadt2019explaining,
  title={Explaining explanations in AI},
  author={Mittelstadt, Brent and Russell, Chris and Wachter, Sandra},
  booktitle={Proceedings of the conference on fairness, accountability, and transparency},
  pages={279--288},
  year={2019}
}

@article{doshi2017towards,
  title={Towards a rigorous science of interpretable machine learning},
  author={Doshi-Velez, Finale and Kim, Been},
  journal={arXiv preprint arXiv:1702.08608},
  year={2017}
}

@inproceedings{wang2019designing,
  title={Designing theory-driven user-centric explainable AI},
  author={Wang, Danding and Yang, Qian and Abdul, Ashraf and Lim, Brian Y},
  booktitle={Proceedings of the 2019 CHI conference on human factors in computing systems},
  pages={1--15},
  year={2019}
}

@inproceedings{buccinca2020proxy,
  title={Proxy tasks and subjective measures can be misleading in evaluating explainable AI systems},
  author={Bu{\c{c}}inca, Zana and Lin, Phoebe and Gajos, Krzysztof Z and Glassman, Elena L},
  booktitle={Proceedings of the 25th international conference on intelligent user interfaces},
  pages={454--464},
  year={2020}
}

@inproceedings{cai2019effects,
  title={The effects of example-based explanations in a machine learning interface},
  author={Cai, Carrie J and Jongejan, Jonas and Holbrook, Jess},
  booktitle={Proceedings of the 24th international conference on intelligent user interfaces},
  pages={258--262},
  year={2019}
}

@inproceedings{cheng2019explaining,
  title={Explaining decision-making algorithms through UI: Strategies to help non-expert stakeholders},
  author={Cheng, Hao-Fei and Wang, Ruotong and Zhang, Zheng and O'Connell, Fiona and Gray, Terrance and Harper, F Maxwell and Zhu, Haiyi},
  booktitle={Proceedings of the 2019 chi conference on human factors in computing systems},
  pages={1--12},
  year={2019}
}

@inproceedings{alqaraawi2020evaluating,
  title={Evaluating saliency map explanations for convolutional neural networks: a user study},
  author={Alqaraawi, Ahmed and Schuessler, Martin and Wei{\ss}, Philipp and Costanza, Enrico and Berthouze, Nadia},
  booktitle={Proceedings of the 25th International Conference on Intelligent User Interfaces},
  pages={275--285},
  year={2020}
}

@inproceedings{poursabzi2021manipulating,
  title={Manipulating and measuring model interpretability},
  author={Poursabzi-Sangdeh, Forough and Goldstein, Daniel G and Hofman, Jake M and Wortman Vaughan, Jennifer Wortman and Wallach, Hanna},
  booktitle={Proceedings of the 2021 CHI conference on human factors in computing systems},
  pages={1--52},
  year={2021}
}

@inproceedings{lai2020chicago,
  title={" Why is' Chicago'deceptive?" Towards Building Model-Driven Tutorials for Humans},
  author={Lai, Vivian and Liu, Han and Tan, Chenhao},
  booktitle={Proceedings of the 2020 CHI Conference on Human Factors in Computing Systems},
  pages={1--13},
  year={2020}
}

@inproceedings{liao2020questioning,
  title={Questioning the AI: informing design practices for explainable AI user experiences},
  author={Liao, Q Vera and Gruen, Daniel and Miller, Sarah},
  booktitle={Proceedings of the 2020 CHI Conference on Human Factors in Computing Systems},
  pages={1--15},
  year={2020}
}

@inproceedings{kaur2020interpreting,
  title={Interpreting interpretability: understanding data scientists' use of interpretability tools for machine learning},
  author={Kaur, Harmanpreet and Nori, Harsha and Jenkins, Samuel and Caruana, Rich and Wallach, Hanna and Wortman Vaughan, Jennifer},
  booktitle={Proceedings of the 2020 CHI conference on human factors in computing systems},
  pages={1--14},
  year={2020}
}

@article{hong2020human,
  title={Human factors in model interpretability: Industry practices, challenges, and needs},
  author={Hong, Sungsoo Ray and Hullman, Jessica and Bertini, Enrico},
  journal={Proceedings of the ACM on Human-Computer Interaction},
  volume={4},
  number={CSCW1},
  pages={1--26},
  year={2020},
  publisher={ACM New York, NY, USA}
}

@inproceedings{yang2020visual,
  title={How do visual explanations foster end users' appropriate trust in machine learning?},
  author={Yang, Fumeng and Huang, Zhuanyi and Scholtz, Jean and Arendt, Dustin L},
  booktitle={Proceedings of the 25th International Conference on Intelligent User Interfaces},
  pages={189--201},
  year={2020}
}

@inproceedings{zhang2020effect,
  title={Effect of confidence and explanation on accuracy and trust calibration in AI-assisted decision making},
  author={Zhang, Yunfeng and Liao, Q Vera and Bellamy, Rachel KE},
  booktitle={Proceedings of the 2020 Conference on Fairness, Accountability, and Transparency},
  pages={295--305},
  year={2020}
}

@inproceedings{smith2020no,
  title={No explainability without accountability: An empirical study of explanations and feedback in interactive ml},
  author={Smith-Renner, Alison and Fan, Ron and Birchfield, Melissa and Wu, Tongshuang and Boyd-Graber, Jordan and Weld, Daniel S and Findlater, Leah},
  booktitle={Proceedings of the 2020 CHI Conference on Human Factors in Computing Systems},
  pages={1--13},
  year={2020}
}

@inproceedings{stumpf2016explanations,
  title={Explanations considered harmful? user interactions with machine learning systems},
  author={Stumpf, Simone and Bussone, Adrian and O’sullivan, Dympna},
  booktitle={Proceedings of the ACM SIGCHI Conference on Human Factors in Computing Systems (CHI)},
  year={2016}
}

@inproceedings{he2017mask,
  title={Mask r-cnn},
  author={He, Kaiming and Gkioxari, Georgia and Doll{\'a}r, Piotr and Girshick, Ross},
  booktitle={Proceedings of the IEEE international conference on computer vision},
  pages={2961--2969},
  year={2017}
}

@article{goldberg1988new,
  title={A new approach to the maximum-flow problem},
  author={Goldberg, Andrew V and Tarjan, Robert E},
  journal={Journal of the ACM (JACM)},
  volume={35},
  number={4},
  pages={921--940},
  year={1988},
  publisher={ACM New York, NY, USA}
}

@article{wang2018deep,
  title={Deep reinforcement learning for autonomous driving},
  author={Wang, Sen and Jia, Daoyuan and Weng, Xinshuo},
  journal={arXiv preprint arXiv:1811.11329},
  year={2018}
}

@article{puterman1990markov,
  title={Markov decision processes},
  author={Puterman, Martin L},
  journal={Handbooks in operations research and management science},
  volume={2},
  pages={331--434},
  year={1990},
  publisher={Elsevier}
}

@article{ibarz2021train,
  title={How to train your robot with deep reinforcement learning: lessons we have learned},
  author={Ibarz, Julian and Tan, Jie and Finn, Chelsea and Kalakrishnan, Mrinal and Pastor, Peter and Levine, Sergey},
  journal={The International Journal of Robotics Research},
  volume={40},
  number={4-5},
  pages={698--721},
  year={2021},
  publisher={SAGE Publications Sage UK: London, England}
}

@article{nguyen2020deep,
  title={Deep reinforcement learning for multiagent systems: A review of challenges, solutions, and applications},
  author={Nguyen, Thanh Thi and Nguyen, Ngoc Duy and Nahavandi, Saeid},
  journal={IEEE transactions on cybernetics},
  volume={50},
  number={9},
  pages={3826--3839},
  year={2020},
  publisher={IEEE}
}

@article{franccois2018introduction,
  title={An introduction to deep reinforcement learning},
  author={Fran{\c{c}}ois-Lavet, Vincent and Henderson, Peter and Islam, Riashat and Bellemare, Marc G and Pineau, Joelle and others},
  journal={Foundations and Trends{\textregistered} in Machine Learning},
  volume={11},
  number={3-4},
  pages={219--354},
  year={2018},
  publisher={Now Publishers, Inc.}
}

@inproceedings{Dosovitskiy17,
  title = { {CARLA}: {An} Open Urban Driving Simulator},
  author = {Alexey Dosovitskiy and German Ros and Felipe Codevilla and Antonio Lopez and Vladlen Koltun},
  booktitle = {Proceedings of the 1st Annual Conference on Robot Learning},
  pages = {1--16},
  year = {2017}
}

@article{samvelyan19smac,
  title = {{The} {StarCraft} {Multi}-{Agent} {Challenge}},
  author = {Mikayel Samvelyan and Tabish Rashid and Christian Schroeder de Witt and Gregory Farquhar and Nantas Nardelli and Tim G. J. Rudner and Chia-Man Hung and Philiph H. S. Torr and Jakob Foerster and Shimon Whiteson},
  journal = {CoRR},
  volume = {abs/1902.04043},
  year = {2019},
}

%% RLHF
@article{dong2024rlhf,
  title={Rlhf workflow: From reward modeling to online rlhf},
  author={Dong, Hanze and Xiong, Wei and Pang, Bo and Wang, Haoxiang and Zhao, Han and Zhou, Yingbo and Jiang, Nan and Sahoo, Doyen and Xiong, Caiming and Zhang, Tong},
  journal={arXiv preprint arXiv:2405.07863},
  year={2024}
}

@article{bai2022training,
  title={Training a helpful and harmless assistant with reinforcement learning from human feedback},
  author={Bai, Yuntao and Jones, Andy and Ndousse, Kamal and Askell, Amanda and Chen, Anna and DasSarma, Nova and Drain, Dawn and Fort, Stanislav and Ganguli, Deep and Henighan, Tom and others},
  journal={arXiv preprint arXiv:2204.05862},
  year={2022}
}

@article{wang2023helpsteer,
  title={Helpsteer: Multi-attribute helpfulness dataset for steerlm},
  author={Wang, Zhilin and Dong, Yi and Zeng, Jiaqi and Adams, Virginia and Sreedhar, Makesh Narsimhan and Egert, Daniel and Delalleau, Olivier and Scowcroft, Jane Polak and Kant, Neel and Swope, Aidan and others},
  journal={arXiv preprint arXiv:2311.09528},
  year={2023}
}

@article{zheng2023judging,
  title={Judging llm-as-a-judge with mt-bench and chatbot arena},
  author={Zheng, Lianmin and Chiang, Wei-Lin and Sheng, Ying and Zhuang, Siyuan and Wu, Zhanghao and Zhuang, Yonghao and Lin, Zi and Li, Zhuohan and Li, Dacheng and Xing, Eric and others},
  journal={Advances in Neural Information Processing Systems},
  volume={36},
  pages={46595--46623},
  year={2023}
}

@article{rafailov2024r,
  title={From $ r $ to $ Q^* $: Your Language Model is Secretly a Q-Function},
  author={Rafailov, Rafael and Hejna, Joey and Park, Ryan and Finn, Chelsea},
  journal={arXiv preprint arXiv:2404.12358},
  year={2024}
}

@article{ouyang2022training,
  title={Training language models to follow instructions with human feedback},
  author={Ouyang, Long and Wu, Jeffrey and Jiang, Xu and Almeida, Diogo and Wainwright, Carroll and Mishkin, Pamela and Zhang, Chong and Agarwal, Sandhini and Slama, Katarina and Ray, Alex and others},
  journal={Advances in neural information processing systems},
  volume={35},
  pages={27730--27744},
  year={2022}
}

@article{achiam2023gpt,
  title={Gpt-4 technical report},
  author={Achiam, Josh and Adler, Steven and Agarwal, Sandhini and Ahmad, Lama and Akkaya, Ilge and Aleman, Florencia Leoni and Almeida, Diogo and Altenschmidt, Janko and Altman, Sam and Anadkat, Shyamal and others},
  journal={arXiv preprint arXiv:2303.08774},
  year={2023}
}

@article{touvron2023llama,
  title={Llama 2: Open foundation and fine-tuned chat models},
  author={Touvron, Hugo and Martin, Louis and Stone, Kevin and Albert, Peter and Almahairi, Amjad and Babaei, Yasmine and Bashlykov, Nikolay and Batra, Soumya and Bhargava, Prajjwal and Bhosale, Shruti and others},
  journal={arXiv preprint arXiv:2307.09288},
  year={2023}
}

@article{team2023gemini,
  title={Gemini: a family of highly capable multimodal models},
  author={Team, Gemini and Anil, Rohan and Borgeaud, Sebastian and Wu, Yonghui and Alayrac, Jean-Baptiste and Yu, Jiahui and Soricut, Radu and Schalkwyk, Johan and Dai, Andrew M and Hauth, Anja and others},
  journal={arXiv preprint arXiv:2312.11805},
  year={2023}
}

@article{ganguli2022red,
  title={Red teaming language models to reduce harms: Methods, scaling behaviors, and lessons learned},
  author={Ganguli, Deep and Lovitt, Liane and Kernion, Jackson and Askell, Amanda and Bai, Yuntao and Kadavath, Saurav and Mann, Ben and Perez, Ethan and Schiefer, Nicholas and Ndousse, Kamal and others},
  journal={arXiv preprint arXiv:2209.07858},
  year={2022}
}

@article{liu2024skywork,
  title={Skywork-reward: Bag of tricks for reward modeling in llms},
  author={Liu, Chris Yuhao and Zeng, Liang and Liu, Jiacai and Yan, Rui and He, Jujie and Wang, Chaojie and Yan, Shuicheng and Liu, Yang and Zhou, Yahui},
  journal={arXiv preprint arXiv:2410.18451},
  year={2024}
}

@article{bradley1952rank,
  title={Rank analysis of incomplete block designs: I. The method of paired comparisons},
  author={Bradley, Ralph Allan and Terry, Milton E},
  journal={Biometrika},
  volume={39},
  number={3/4},
  pages={324--345},
  year={1952},
  publisher={JSTOR}
}

% %%% Flow matching 

@inproceedings{lipman2022flow,
  title={Flow Matching for Generative Modeling},
  author={Lipman, Yaron and Chen, Ricky TQ and Ben-Hamu, Heli and Nickel, Maximilian and Le, Matthew},
  booktitle={The Eleventh International Conference on Learning Representations},
    year={2023}
}

@article{liu2022flow,
  title={Flow straight and fast: Learning to generate and transfer data with rectified flow},
  author={Liu, Xingchao and Gong, Chengyue and Liu, Qiang},
  journal={arXiv preprint arXiv:2209.03003},
  year={2022}
}

@inproceedings{albergo2023building,
title={Building Normalizing Flows with Stochastic Interpolants},
author={Michael Samuel Albergo and Eric Vanden-Eijnden},
booktitle={The Eleventh International Conference on Learning Representations },
year={2023},
url={https://openreview.net/forum?id=li7qeBbCR1t}
}

@misc{stabilityAI2023,
  author       = {Stability{ }AI},
  title        = {{Stable Diffusion 3}},
  howpublished = {\url{https://stability.ai/news/stable-diffusion-3}},
  note         = {[Online; accessed 24-January-2025]},
  year         = {2023}
}


@article{lu2022dpm,
  title={Dpm-solver: A fast ode solver for diffusion probabilistic model sampling in around 10 steps},
  author={Lu, Cheng and Zhou, Yuhao and Bao, Fan and Chen, Jianfei and Li, Chongxuan and Zhu, Jun},
  journal={Advances in Neural Information Processing Systems},
  volume={35},
  pages={5775--5787},
  year={2022}
}

@article{wang2024diffusion,
  title={On Diffusion Models for Multi-Agent Partial Observability: Shared Attractors, Error Bounds, and Composite Flow},
  author={Wang, Tonghan and Dong, Heng and Jiang, Yanchen and Parkes, David C and Tambe, Milind},
  journal={arXiv preprint arXiv:2410.13953},
  year={2024}
}

@article{anderson1982reverse,
  title={Reverse-time diffusion equation models},
  author={Anderson, Brian DO},
  journal={Stochastic Processes and their Applications},
  volume={12},
  number={3},
  pages={313--326},
  year={1982},
  publisher={Elsevier}
}

@article{gruver2024protein,
  title={Protein design with guided discrete diffusion},
  author={Gruver, Nate and Stanton, Samuel and Frey, Nathan and Rudner, Tim GJ and Hotzel, Isidro and Lafrance-Vanasse, Julien and Rajpal, Arvind and Cho, Kyunghyun and Wilson, Andrew G},
  journal={Advances in neural information processing systems},
  volume={36},
  year={2024}
}

@inproceedings{ceylan2023pix2video,
  title={Pix2video: Video editing using image diffusion},
  author={Ceylan, Duygu and Huang, Chun-Hao P and Mitra, Niloy J},
  booktitle={Proceedings of the IEEE/CVF International Conference on Computer Vision},
  pages={23206--23217},
  year={2023}
}

@inproceedings{rombach2022high,
  title={High-resolution image synthesis with latent diffusion models},
  author={Rombach, Robin and Blattmann, Andreas and Lorenz, Dominik and Esser, Patrick and Ommer, Bj{\"o}rn},
  booktitle={Proceedings of the IEEE/CVF conference on computer vision and pattern recognition},
  pages={10684--10695},
  year={2022}
}

@article{ho2022imagen,
  title={Imagen video: High definition video generation with diffusion models},
  author={Ho, Jonathan and Chan, William and Saharia, Chitwan and Whang, Jay and Gao, Ruiqi and Gritsenko, Alexey and Kingma, Diederik P and Poole, Ben and Norouzi, Mohammad and Fleet, David J and others},
  journal={arXiv preprint arXiv:2210.02303},
  year={2022}
}

@article{ho2022video,
  title={Video diffusion models},
  author={Ho, Jonathan and Salimans, Tim and Gritsenko, Alexey and Chan, William and Norouzi, Mohammad and Fleet, David J},
  journal={Advances in Neural Information Processing Systems},
  volume={35},
  pages={8633--8646},
  year={2022}
}

@inproceedings{lou2024discrete,
  title={Discrete Diffusion Modeling by Estimating the Ratios of the Data Distribution},
  author={Lou, Aaron and Meng, Chenlin and Ermon, Stefano},
  booktitle={Forty-first International Conference on Machine Learning},
  year={2024}
}

@inproceedings{esser2024scaling,
  title={Scaling rectified flow transformers for high-resolution image synthesis},
  author={Esser, Patrick and Kulal, Sumith and Blattmann, Andreas and Entezari, Rahim and M{\"u}ller, Jonas and Saini, Harry and Levi, Yam and Lorenz, Dominik and Sauer, Axel and Boesel, Frederic and others},
  booktitle={Forty-first International Conference on Machine Learning},
  year={2024}
}

@article{ho2020denoising,
  title={Denoising diffusion probabilistic models},
  author={Ho, Jonathan and Jain, Ajay and Abbeel, Pieter},
  journal={Advances in neural information processing systems},
  volume={33},
  pages={6840--6851},
  year={2020}
}

@inproceedings{kadkhodaie2023generalization,
  title={Generalization in diffusion models arises from geometry-adaptive harmonic representations},
  author={Kadkhodaie, Zahra and Guth, Florentin and Simoncelli, Eero P and Mallat, St{\'e}phane},
  booktitle={The Twelfth International Conference on Learning Representations},
  year={2024}
}

@article{song2019generative,
  title={Generative modeling by estimating gradients of the data distribution},
  author={Song, Yang and Ermon, Stefano},
  journal={Advances in neural information processing systems},
  volume={32},
  year={2019}
}

@article{chen2018neural,
  title={Neural ordinary differential equations},
  author={Chen, Ricky TQ and Rubanova, Yulia and Bettencourt, Jesse and Duvenaud, David K},
  journal={Advances in neural information processing systems},
  volume={31},
  year={2018}
}

@article{hendrycks2020measuring,
  title={Measuring massive multitask language understanding},
  author={Hendrycks, Dan and Burns, Collin and Basart, Steven and Zou, Andy and Mazeika, Mantas and Song, Dawn and Steinhardt, Jacob},
  journal={arXiv preprint arXiv:2009.03300},
  year={2020}
}

@article{amini2019mathqa,
  title={Mathqa: Towards interpretable math word problem solving with operation-based formalisms},
  author={Amini, Aida and Gabriel, Saadia and Lin, Peter and Koncel-Kedziorski, Rik and Choi, Yejin and Hajishirzi, Hannaneh},
  journal={arXiv preprint arXiv:1905.13319},
  year={2019}
}

@article{dubey2024llama,
  title={The llama 3 herd of models},
  author={Dubey, Abhimanyu and Jauhri, Abhinav and Pandey, Abhinav and Kadian, Abhishek and Al-Dahle, Ahmad and Letman, Aiesha and Mathur, Akhil and Schelten, Alan and Yang, Amy and Fan, Angela and others},
  journal={arXiv preprint arXiv:2407.21783},
  year={2024}
}

@article{yang2024qwen2,
  title={Qwen2. 5 Technical Report},
  author={Yang, An and Yang, Baosong and Zhang, Beichen and Hui, Binyuan and Zheng, Bo and Yu, Bowen and Li, Chengyuan and Liu, Dayiheng and Huang, Fei and Wei, Haoran and others},
  journal={arXiv preprint arXiv:2412.15115},
  year={2024}
}

@article{lieberum2024gemma,
  title={Gemma scope: Open sparse autoencoders everywhere all at once on gemma 2},
  author={Lieberum, Tom and Rajamanoharan, Senthooran and Conmy, Arthur and Smith, Lewis and Sonnerat, Nicolas and Varma, Vikrant and Kram{\'a}r, J{\'a}nos and Dragan, Anca and Shah, Rohin and Nanda, Neel},
  journal={arXiv preprint arXiv:2408.05147},
  year={2024}
}

@article{jaech2024openai,
  title={Openai o1 system card},
  author={Jaech, Aaron and Kalai, Adam and Lerer, Adam and Richardson, Adam and El-Kishky, Ahmed and Low, Aiden and Helyar, Alec and Madry, Aleksander and Beutel, Alex and Carney, Alex and others},
  journal={arXiv preprint arXiv:2412.16720},
  year={2024}
}

@article{ethayarajh2024kto,
  title={Kto: Model alignment as prospect theoretic optimization},
  author={Ethayarajh, Kawin and Xu, Winnie and Muennighoff, Niklas and Jurafsky, Dan and Kiela, Douwe},
  journal={arXiv preprint arXiv:2402.01306},
  year={2024}
}

@article{rafailov2024direct,
  title={Direct preference optimization: Your language model is secretly a reward model},
  author={Rafailov, Rafael and Sharma, Archit and Mitchell, Eric and Manning, Christopher D and Ermon, Stefano and Finn, Chelsea},
  journal={Advances in Neural Information Processing Systems},
  volume={36},
  year={2024}
}

@article{wei2022chain,
  title={Chain-of-thought prompting elicits reasoning in large language models},
  author={Wei, Jason and Wang, Xuezhi and Schuurmans, Dale and Bosma, Maarten and Xia, Fei and Chi, Ed and Le, Quoc V and Zhou, Denny and others},
  journal={Advances in neural information processing systems},
  volume={35},
  pages={24824--24837},
  year={2022}
}

@article{yao2024tree,
  title={Tree of thoughts: Deliberate problem solving with large language models},
  author={Yao, Shunyu and Yu, Dian and Zhao, Jeffrey and Shafran, Izhak and Griffiths, Tom and Cao, Yuan and Narasimhan, Karthik},
  journal={Advances in Neural Information Processing Systems},
  volume={36},
  year={2024}
}

@article{survey2024wang,
author = {
    Lei Wang and Chen Ma and Xueyang Feng and Zeyu Zhang and Hao Yang and Jingsen Zhang and Zhiyuan Chen and Jiakai Tang and Xu Chen and Yankai Lin and Wayne Xin Zhao and Zhewei Wei and Ji-Rong Wen},
year = {2024}, 
title = {A survey on large language model based autonomous agents},
journal = {Frontiers of Computer
Science}, 
volume = {18}, 
pages = {1–26}
}

@book{liu2018multiagent,
  title={Multiagent robotic systems},
  author={Liu, Jiming and Wu, Jianbing},
  year={2018},
  publisher={CRC press}
}

@article{cambria2023survey,
  title={A survey on XAI and natural language explanations},
  author={Cambria, Erik and Malandri, Lorenzo and Mercorio, Fabio and Mezzanzanica, Mario and Nobani, Navid},
  journal={Information Processing \& Management},
  volume={60},
  number={1},
  pages={103111},
  year={2023},
  publisher={Elsevier}
}

@article{lazaridou2016multi,
  title={Multi-agent cooperation and the emergence of (natural) language},
  author={Lazaridou, Angeliki and Peysakhovich, Alexander and Baroni, Marco},
  journal={arXiv preprint arXiv:1612.07182},
  year={2016}
}

@article{bulling2014survey,
  title={A survey of multi-agent decision making},
  author={Bulling, Nils},
  journal={KI-K{\"u}nstliche Intelligenz},
  volume={28},
  pages={147--158},
  year={2014},
  publisher={Springer}
}

@article{wang2024survey,
  title={A survey on large language model based autonomous agents},
  author={Wang, Lei and Ma, Chen and Feng, Xueyang and Zhang, Zeyu and Yang, Hao and Zhang, Jingsen and Chen, Zhiyuan and Tang, Jiakai and Chen, Xu and Lin, Yankai and others},
  journal={Frontiers of Computer Science},
  volume={18},
  number={6},
  pages={186345},
  year={2024},
  publisher={Springer}
}

@article{rai2020explainable,
  title={Explainable AI: From black box to glass box},
  author={Rai, Arun},
  journal={Journal of the Academy of Marketing Science},
  volume={48},
  pages={137--141},
  year={2020},
  publisher={Springer}
}

@inproceedings{ji2023towards,
  title={Towards mitigating LLM hallucination via self reflection},
  author={Ji, Ziwei and Yu, Tiezheng and Xu, Yan and Lee, Nayeon and Ishii, Etsuko and Fung, Pascale},
  booktitle={Findings of the Association for Computational Linguistics: EMNLP 2023},
  pages={1827--1843},
  year={2023}
}

@article{lambert2024rewardbench,
  title={Rewardbench: Evaluating reward models for language modeling},
  author={Lambert, Nathan and Pyatkin, Valentina and Morrison, Jacob and Miranda, LJ and Lin, Bill Yuchen and Chandu, Khyathi and Dziri, Nouha and Kumar, Sachin and Zick, Tom and Choi, Yejin and others},
  journal={arXiv preprint arXiv:2403.13787},
  year={2024}
}

@article{liu2024deepseek,
  title={Deepseek-v3 technical report},
  author={Liu, Aixin and Feng, Bei and Xue, Bing and Wang, Bingxuan and Wu, Bochao and Lu, Chengda and Zhao, Chenggang and Deng, Chengqi and Zhang, Chenyu and Ruan, Chong and others},
  journal={arXiv preprint arXiv:2412.19437},
  year={2024}
}

@article{zeng2024skywork,
  title={Skywork-Math: Data Scaling Laws for Mathematical Reasoning in Large Language Models--The Story Goes On},
  author={Zeng, Liang and Zhong, Liangjun and Zhao, Liang and Wei, Tianwen and Yang, Liu and He, Jujie and Cheng, Cheng and Hu, Rui and Liu, Yang and Yan, Shuicheng and others},
  journal={arXiv preprint arXiv:2407.08348},
  year={2024}
}

@article{ismail2018survey,
  title={A survey and analysis of cooperative multi-agent robot systems: challenges and directions},
  author={Ismail, Zool Hilmi and Sariff, Nohaidda and Hurtado, E Gorrostieta},
  journal={Applications of Mobile Robots},
  volume={5},
  pages={8--14},
  year={2018},
  publisher={IntechOpen London, UK}
}

@article{bai2022constitutional,
  title={Constitutional ai: Harmlessness from ai feedback},
  author={Bai, Yuntao and Kadavath, Saurav and Kundu, Sandipan and Askell, Amanda and Kernion, Jackson and Jones, Andy and Chen, Anna and Goldie, Anna and Mirhoseini, Azalia and McKinnon, Cameron and others},
  journal={arXiv preprint arXiv:2212.08073},
  year={2022}
}

@article{yang2022logit,
  title={Logit Averaging: Capturing Global Relation for Session-Based Recommendation},
  author={Yang, Heeyoon and Kim, Gahyung and Lee, Jee-Hyoung},
  journal={Applied Sciences},
  volume={12},
  number={9},
  pages={4256},
  year={2022},
  publisher={MDPI}
}

@misc{deepseekai2025deepseekr1incentivizingreasoningcapability,
      title={DeepSeek-R1: Incentivizing Reasoning Capability in LLMs via Reinforcement Learning}, 
      author={DeepSeek-AI Team},
      year={2025},
      eprint={2501.12948},
      archivePrefix={arXiv},
      primaryClass={cs.CL},
      url={https://arxiv.org/abs/2501.12948}, 
}

@article{yang2023diffusion,
  title={Diffusion models: A comprehensive survey of methods and applications},
  author={Yang, Ling and Zhang, Zhilong and Song, Yang and Hong, Shenda and Xu, Runsheng and Zhao, Yue and Zhang, Wentao and Cui, Bin and Yang, Ming-Hsuan},
  journal={ACM Computing Surveys},
  volume={56},
  number={4},
  pages={1--39},
  year={2023},
  publisher={ACM New York, NY, USA}
}

@article{cao2024survey,
  title={A survey on generative diffusion models},
  author={Cao, Hanqun and Tan, Cheng and Gao, Zhangyang and Xu, Yilun and Chen, Guangyong and Heng, Pheng-Ann and Li, Stan Z},
  journal={IEEE Transactions on Knowledge and Data Engineering},
  year={2024},
  publisher={IEEE}
}

@article{song2020score,
  title={Score-based generative modeling through stochastic differential equations},
  author={Song, Yang and Sohl-Dickstein, Jascha and Kingma, Diederik P and Kumar, Abhishek and Ermon, Stefano and Poole, Ben},
  journal={arXiv preprint arXiv:2011.13456},
  year={2020}
}

@article{dhariwal2021diffusion,
  title={Diffusion models beat gans on image synthesis},
  author={Dhariwal, Prafulla and Nichol, Alexander},
  journal={Advances in neural information processing systems},
  volume={34},
  pages={8780--8794},
  year={2021}
}

@article{ulhaq2022efficient,
  title={Efficient diffusion models for vision: A survey},
  author={Ulhaq, Anwaar and Akhtar, Naveed},
  journal={arXiv preprint arXiv:2210.09292},
  year={2022}
}

@inproceedings{radford2021learning,
  title={Learning transferable visual models from natural language supervision},
  author={Radford, Alec and Kim, Jong Wook and Hallacy, Chris and Ramesh, Aditya and Goh, Gabriel and Agarwal, Sandhini and Sastry, Girish and Askell, Amanda and Mishkin, Pamela and Clark, Jack and others},
  booktitle={International conference on machine learning},
  pages={8748--8763},
  year={2021},
  organization={PMLR}
}

@article{alayrac2022flamingo,
  title={Flamingo: a visual language model for few-shot learning},
  author={Alayrac, Jean-Baptiste and Donahue, Jeff and Luc, Pauline and Miech, Antoine and Barr, Iain and Hasson, Yana and Lenc, Karel and Mensch, Arthur and Millican, Katherine and Reynolds, Malcolm and others},
  journal={Advances in neural information processing systems},
  volume={35},
  pages={23716--23736},
  year={2022}
}

@inproceedings{li2023blip,
  title={Blip-2: Bootstrapping language-image pre-training with frozen image encoders and large language models},
  author={Li, Junnan and Li, Dongxu and Savarese, Silvio and Hoi, Steven},
  booktitle={International conference on machine learning},
  pages={19730--19742},
  year={2023},
  organization={PMLR}
}

@inproceedings{hatamizadeh2025diffit,
  title={Diffit: Diffusion vision transformers for image generation},
  author={Hatamizadeh, Ali and Song, Jiaming and Liu, Guilin and Kautz, Jan and Vahdat, Arash},
  booktitle={European Conference on Computer Vision},
  pages={37--55},
  year={2025},
  organization={Springer}
}

@inproceedings{mou2024t2i,
  title={T2i-adapter: Learning adapters to dig out more controllable ability for text-to-image diffusion models},
  author={Mou, Chong and Wang, Xintao and Xie, Liangbin and Wu, Yanze and Zhang, Jian and Qi, Zhongang and Shan, Ying},
  booktitle={Proceedings of the AAAI Conference on Artificial Intelligence},
  volume={38},
  number={5},
  pages={4296--4304},
  year={2024}
}

@article{wu2024vmix,
  title={VMix: Improving Text-to-Image Diffusion Model with Cross-Attention Mixing Control},
  author={Wu, Shaojin and Ding, Fei and Huang, Mengqi and Liu, Wei and He, Qian},
  journal={arXiv preprint arXiv:2412.20800},
  year={2024}
}

@article{cao2024controllable,
  title={Controllable generation with text-to-image diffusion models: A survey},
  author={Cao, Pu and Zhou, Feng and Song, Qing and Yang, Lu},
  journal={arXiv preprint arXiv:2403.04279},
  year={2024}
}

@article{xu2024dpo,
  title={Is dpo superior to ppo for llm alignment? a comprehensive study},
  author={Xu, Shusheng and Fu, Wei and Gao, Jiaxuan and Ye, Wenjie and Liu, Weilin and Mei, Zhiyu and Wang, Guangju and Yu, Chao and Wu, Yi},
  journal={arXiv preprint arXiv:2404.10719},
  year={2024}
}

@inproceedings{trung2024reft,
  title={Reft: Reasoning with reinforced fine-tuning},
  author={Trung, Luong and Zhang, Xinbo and Jie, Zhanming and Sun, Peng and Jin, Xiaoran and Li, Hang},
  booktitle={Proceedings of the 62nd Annual Meeting of the Association for Computational Linguistics (Volume 1: Long Papers)},
  pages={7601--7614},
  year={2024}
}

% %%%%% XRL in language %%%%%
@article{cai2024driving,
  title={Driving with Regulation: Interpretable Decision-Making for Autonomous Vehicles with Retrieval-Augmented Reasoning via LLM},
  author={Cai, Tianhui and Liu, Yifan and Zhou, Zewei and Ma, Haoxuan and Zhao, Seth Z and Wu, Zhiwen and Ma, Jiaqi},
  journal={arXiv preprint arXiv:2410.04759},
  year={2024}
}

@inproceedings{lubos2024llm,
  title={Llm-generated explanations for recommender systems},
  author={Lubos, Sebastian and Tran, Thi Ngoc Trang and Felfernig, Alexander and Polat Erdeniz, Seda and Le, Viet-Man},
  booktitle={Adjunct Proceedings of the 32nd ACM Conference on User Modeling, Adaptation and Personalization},
  pages={276--285},
  year={2024}
}

@inproceedings{koa2024learning,
  title={Learning to generate explainable stock predictions using self-reflective large language models},
  author={Koa, Kelvin JL and Ma, Yunshan and Ng, Ritchie and Chua, Tat-Seng},
  booktitle={Proceedings of the ACM on Web Conference 2024},
  pages={4304--4315},
  year={2024}
}

@inproceedings{lu2023closer,
  title={A closer look at reward decomposition for high-level robotic explanations},
  author={Lu, Wenhao and Zhao, Xufeng and Magg, Sven and Gromniak, Martin and Li, Mengdi and Wermter, Stefan},
  booktitle={2023 IEEE International Conference on Development and Learning (ICDL)},
  pages={429--436},
  year={2023},
  organization={IEEE}
}

@inproceedings{trigg2024natural,
  title={Natural Language Explanation for Autonomous Navigation},
  author={Trigg, Lena and Morgan, Brandon and Stringer, Alexander and Schley, Lacey and Hougen, Dean F},
  booktitle={2024 AIAA DATC/IEEE 43rd Digital Avionics Systems Conference (DASC)},
  pages={1--9},
  year={2024},
  organization={IEEE}
}

@inproceedings{ameur2024leveraging,
  title={Leveraging LLMs to explain DRL decisions for transparent 6G network slicing},
  author={Ameur, Mazene and Brik, Bouziane and Ksentini, Adlen},
  booktitle={2024 IEEE 10th International Conference on Network Softwarization (NetSoft)},
  pages={204--212},
  year={2024},
  organization={IEEE}
}

@software{von_Werra_TRL_Transformer_Reinforcement,
author = {von Werra, Leandro and Belkada, Younes and Tunstall, Lewis and Beeching, Edward and Thrush, Tristan and Lambert, Nathan and Huang, Shengyi and Rasul, Kashif and Gallouédec, Quentin},
license = {Apache-2.0},
title = {{TRL: Transformer Reinforcement Learning}},
url = {https://github.com/huggingface/trl},
version = {0.13}
}


@inproceedings{gao2023pal,
  title={Pal: Program-aided language models},
  author={Gao, Luyu and Madaan, Aman and Zhou, Shuyan and Alon, Uri and Liu, Pengfei and Yang, Yiming and Callan, Jamie and Neubig, Graham},
  booktitle={International Conference on Machine Learning},
  pages={10764--10799},
  year={2023},
  organization={PMLR}
}

@article{yu2022surprising,
  title={The surprising effectiveness of ppo in cooperative multi-agent games},
  author={Yu, Chao and Velu, Akash and Vinitsky, Eugene and Gao, Jiaxuan and Wang, Yu and Bayen, Alexandre and Wu, Yi},
  journal={Advances in Neural Information Processing Systems},
  volume={35},
  pages={24611--24624},
  year={2022}
}

@article{yang2024regularizing,
  title={Regularizing Hidden States Enables Learning Generalizable Reward Model for LLMs},
  author={Yang, Rui and Ding, Ruomeng and Lin, Yong and Zhang, Huan and Zhang, Tong},
  journal={arXiv preprint arXiv:2406.10216},
  year={2024}
}


@article{hase2021can,
  title={When can models learn from explanations? a formal framework for understanding the roles of explanation data},
  author={Hase, Peter and Bansal, Mohit},
  journal={arXiv preprint arXiv:2102.02201},
  year={2021}
}

@article{zhou2020towards,
  title={Towards interpretable natural language understanding with explanations as latent variables},
  author={Zhou, Wangchunshu and Hu, Jinyi and Zhang, Hanlin and Liang, Xiaodan and Sun, Maosong and Xiong, Chenyan and Tang, Jian},
  journal={Advances in Neural Information Processing Systems},
  volume={33},
  pages={6803--6814},
  year={2020}
}

@article{narang2020wt5,
  title={Wt5?! training text-to-text models to explain their predictions},
  author={Narang, Sharan and Raffel, Colin and Lee, Katherine and Roberts, Adam and Fiedel, Noah and Malkan, Karishma},
  journal={arXiv preprint arXiv:2004.14546},
  year={2020}
}

@article{rajani2019explain,
  title={Explain yourself! leveraging language models for commonsense reasoning},
  author={Rajani, Nazneen Fatema and McCann, Bryan and Xiong, Caiming and Socher, Richard},
  journal={arXiv preprint arXiv:1906.02361},
  year={2019}
}

@article{wei2021finetuned,
  title={Finetuned language models are zero-shot learners},
  author={Wei, Jason and Bosma, Maarten and Zhao, Vincent Y and Guu, Kelvin and Yu, Adams Wei and Lester, Brian and Du, Nan and Dai, Andrew M and Le, Quoc V},
  journal={arXiv preprint arXiv:2109.01652},
  year={2021}
}


@article{zelikman2022star,
  title={Star: Bootstrapping reasoning with reasoning},
  author={Zelikman, Eric and Wu, Yuhuai and Mu, Jesse and Goodman, Noah},
  journal={Advances in Neural Information Processing Systems},
  volume={35},
  pages={15476--15488},
  year={2022}
}

@article{krishna2024post,
  title={Post hoc explanations of language models can improve language models},
  author={Krishna, Satyapriya and Ma, Jiaqi and Slack, Dylan and Ghandeharioun, Asma and Singh, Sameer and Lakkaraju, Himabindu},
  journal={Advances in Neural Information Processing Systems},
  volume={36},
  year={2024}
}

@article{singh2023explaining,
  title={Explaining black box text modules in natural language with language models},
  author={Singh, Chandan and Hsu, Aliyah R and Antonello, Richard and Jain, Shailee and Huth, Alexander G and Yu, Bin and Gao, Jianfeng},
  journal={arXiv preprint arXiv:2305.09863},
  year={2023}
}

@article{rajagopal2021selfexplain,
  title={Selfexplain: A self-explaining architecture for neural text classifiers},
  author={Rajagopal, Dheeraj and Balachandran, Vidhisha and Hovy, Eduard and Tsvetkov, Yulia},
  journal={arXiv preprint arXiv:2103.12279},
  year={2021}
}


@article{zhao2021consciousness,
  title={A consciousness-inspired planning agent for model-based reinforcement learning},
  author={Zhao, Mingde and Liu, Zhen and Luan, Sitao and Zhang, Shuyuan and Precup, Doina and Bengio, Yoshua},
  journal={Advances in neural information processing systems},
  volume={34},
  pages={1569--1581},
  year={2021}
}


@article{liu2024learning,
  title={Learning multi-agent behaviors from distributed and streaming demonstrations},
  author={Liu, Shicheng and Zhu, Minghui},
  journal={Advances in Neural Information Processing Systems},
  volume={36},
  year={2024}
}

@article{qiu2024instructing,
  title={Instructing goal-conditioned reinforcement learning agents with temporal logic objectives},
  author={Qiu, Wenjie and Mao, Wensen and Zhu, He},
  journal={Advances in Neural Information Processing Systems},
  volume={36},
  year={2024}
}

@article{wang2024gemnet,
  title={GemNet: Menu-Based, strategy-proof multi-bidder auctions through deep learning},
  author={Wang, Tonghan and Jiang, Yanchen and Parkes, David C},
  journal={arXiv preprint arXiv:2406.07428},
  year={2024}
}

@article{hossain2024multi,
  title={Multi-Sender Persuasion--A Computational Perspective},
  author={Hossain, Safwan and Wang, Tonghan and Lin, Tao and Chen, Yiling and Parkes, David C and Xu, Haifeng},
  journal={arXiv preprint arXiv:2402.04971},
  year={2024}
}

@inproceedings{zhang2024position,
  title={Position: Social Environment Design Should be Further Developed for AI-based Policy-Making},
  author={Zhang, Edwin and Zhao, Sadie and Wang, Tonghan and Hossain, Safwan and Gasztowtt, Henry and Zheng, Stephan and Parkes, David C and Tambe, Milind and Chen, Yiling},
  booktitle={Forty-first International Conference on Machine Learning},
  year={2024}
}

@article{wang2024deep,
  title={Deep contract design via discontinuous networks},
  author={Wang, Tonghan and Duetting, Paul and Ivanov, Dmitry and Talgam-Cohen, Inbal and Parkes, David C},
  journal={Advances in Neural Information Processing Systems},
  volume={36},
  year={2024}
}


@article{dong2022low,
  title={Low-rank modular reinforcement learning via muscle synergy},
  author={Dong, Heng and Wang, Tonghan and Liu, Jiayuan and Zhang, Chongjie},
  journal={Advances in Neural Information Processing Systems},
  volume={35},
  pages={19861--19873},
  year={2022}
}

@inproceedings{dong2023symmetry,
  title={Symmetry-aware robot design with structured subgroups},
  author={Dong, Heng and Zhang, Junyu and Wang, Tonghan and Zhang, Chongjie},
  booktitle={International Conference on Machine Learning},
  pages={8334--8355},
  year={2023},
  organization={PMLR}
}

@inproceedings{wang2019learning,
  title     = {Learning Nearly Decomposable Value Functions Via Communication Minimization},
  author    = {Wang, Tonghan and Wang, Jianhao and Zheng, Chongyi and Zhang, Chongjie},
  booktitle = {International Conference on Learning Representations},
  year      = {2019}
}

@article{li2021celebrating,
  title   = {Celebrating diversity in shared multi-agent reinforcement learning},
  author  = {Li, Chenghao and Wang, Tonghan and Wu, Chengjie and Zhao, Qianchuan and Yang, Jun and Zhang, Chongjie},
  journal = {Advances in Neural Information Processing Systems},
  volume  = {34},
  pages   = {3991--4002},
  year    = {2021}
}

@article{kang2022non,
  title   = {Non-Linear Coordination Graphs},
  author  = {Kang, Yipeng and Wang, Tonghan and Yang, Qianlan and Wu, Xiaoran and Zhang, Chongjie},
  journal = {Advances in Neural Information Processing Systems},
  volume  = {35},
  pages   = {25655--25666},
  year    = {2022}
}

@inproceedings{wang2021context,
  title     = {Context-Aware Sparse Deep Coordination Graphs},
  author    = {Wang, Tonghan and Zeng, Liang and Dong, Weijun and Yang, Qianlan and Yu, Yang and Zhang, Chongjie},
  booktitle = {International Conference on Learning Representations},
  year      = {2021}
}

@inproceedings{yang2022self,
  title        = {Self-organized polynomial-time coordination graphs},
  author       = {Yang, Qianlan and Dong, Weijun and Ren, Zhizhou and Wang, Jianhao and Wang, Tonghan and Zhang, Chongjie},
  booktitle    = {International Conference on Machine Learning},
  pages        = {24963--24979},
  year         = {2022},
  organization = {PMLR}
}

@inproceedings{song2019convergence,
  title={Convergence of multi-agent learning with a finite step size general-sum games},
  author={Song, X and Wang, T and Zhang, C},
  booktitle={Proceedings of the International Joint Conference on Autonomous Agents and Multiagent Systems, AAMAS},
  pages={935--943},
  year={2019}
}

@article{wang2019influence,
  title={Influence-based multi-agent exploration},
  author={Wang, Tonghan and Wang, Jianhao and Wu, Yi and Zhang, Chongjie},
  journal={arXiv preprint arXiv:1910.05512},
  year={2019}
}

@inproceedings{wang2020dop,
  title={Dop: Off-policy multi-agent decomposed policy gradients},
  author={Wang, Yihan and Han, Beining and Wang, Tonghan and Dong, Heng and Zhang, Chongjie},
  booktitle={International conference on learning representations},
  year={2020}
}

@article{qin2024multi,
  title={Multi-agent policy transfer via task relationship modeling},
  author={Qin, Rongjun and Chen, Feng and Wang, Tonghan and Yuan, Lei and Wu, Xiaoran and Kang, Yipeng and Zhang, Zongzhang and Zhang, Chongjie and Yu, Yang},
  journal={Science China Information Sciences},
  volume={67},
  number={8},
  pages={182101},
  year={2024},
  publisher={Springer}
}

@article{wu2021containerized,
  title={Containerized distributed value-based multi-agent reinforcement learning},
  author={Wu, Siyang and Wang, Tonghan and Li, Chenghao and Hu, Yang and Zhang, Chongjie},
  journal={arXiv preprint arXiv:2110.08169},
  year={2021}
}

@article{wen2022multi,
  title={Multi-agent reinforcement learning is a sequence modeling problem},
  author={Wen, Muning and Kuba, Jakub and Lin, Runji and Zhang, Weinan and Wen, Ying and Wang, Jun and Yang, Yaodong},
  journal={Advances in Neural Information Processing Systems},
  volume={35},
  pages={16509--16521},
  year={2022}
}

@inproceedings{kuba2021trust,
  title={Trust Region Policy Optimisation in Multi-Agent Reinforcement Learning},
  author={Kuba, Jakub Grudzien and Chen, Ruiqing and Wen, Muning and Wen, Ying and Sun, Fanglei and Wang, Jun and Yang, Yaodong},
  booktitle={International Conference on Learning Representations},
  year={2021}
}

@article{peng2021facmac,
  title={Facmac: Factored multi-agent centralised policy gradients},
  author={Peng, Bei and Rashid, Tabish and Schroeder de Witt, Christian and Kamienny, Pierre-Alexandre and Torr, Philip and B{\"o}hmer, Wendelin and Whiteson, Shimon},
  journal={Advances in Neural Information Processing Systems},
  volume={34},
  pages={12208--12221},
  year={2021}
}

@inproceedings{jiang2019graph,
  title={Graph Convolutional Reinforcement Learning},
  author={Jiang, Jiechuan and Dun, Chen and Huang, Tiejun and Lu, Zongqing},
  booktitle={International Conference on Learning Representations},
  year={2019}
}

@article{li2023never,
  title={Never Explore Repeatedly in Multi-Agent Reinforcement Learning},
  author={Li, Chenghao and Wang, Tonghan and Zhang, Chongjie and Zhao, Qianchuan},
  journal={arXiv preprint arXiv:2308.09909},
  year={2023}
}


@article{dutting2024optimal,
  title={Optimal auctions through deep learning: Advances in differentiable economics},
  author={D{\"u}tting, Paul and Feng, Zhe and Narasimhan, Harikrishna and Parkes, David C and Ravindranath, Sai Srivatsa},
  journal={Journal of the ACM},
  volume={71},
  number={1},
  pages={1--53},
  year={2024},
  publisher={ACM New York, NY}
}

@article{shen2018automated,
  title={Automated mechanism design via neural networks},
  author={Shen, Weiran and Tang, Pingzhong and Zuo, Song},
  journal={arXiv preprint arXiv:1805.03382},
  year={2018}
}

@inproceedings{sandholm2003automated,
  title={Automated mechanism design: A new application area for search algorithms},
  author={Sandholm, Tuomas},
  booktitle={International Conference on Principles and Practice of Constraint Programming},
  pages={19--36},
  year={2003},
  organization={Springer}
}

@article{sun2024mechanism,
  title={Mechanism Design for LLM Fine-tuning with Multiple Reward Models},
  author={Sun, Haoran and Chen, Yurong and Wang, Siwei and Chen, Wei and Deng, Xiaotie},
  journal={arXiv preprint arXiv:2405.16276},
  year={2024}
}

@article{duan2024scalable,
  title={A scalable neural network for DSIC affine maximizer auction design},
  author={Duan, Zhijian and Sun, Haoran and Chen, Yurong and Deng, Xiaotie},
  journal={Advances in Neural Information Processing Systems},
  volume={36},
  year={2024}
}

@article{wang2024carbon,
  title={Carbon Market Simulation with Adaptive Mechanism Design},
  author={Wang, Han and Li, Wenhao and Zha, Hongyuan and Wang, Baoxiang},
  journal={arXiv preprint arXiv:2406.07875},
  year={2024}
}