@article{jaiswal2020survey,
  title={A survey on contrastive self-supervised learning},
  author={Jaiswal, Ashish and Babu, Ashwin Ramesh and Zadeh, Mohammad Zaki and Banerjee, Debapriya and Makedon, Fillia},
  journal={Technologies},
  volume={9},
  number={1},
  pages={2},
  year={2020},
  publisher={MDPI}
}

@article{jiawei2022analysis,
  title={Analysis on the Value and Inheritance of Jade Carving Works of Art},
  author={Jiawei, Zhang and others},
  journal={Tobacco Regulatory Science (TRS)},
  pages={1165--1176},
  year={2022}
}

@article{sax2004identification,
  title={The identification of carving techniques on Chinese jade},
  author={Sax, Margaret and Meeks, Nigel D and Michaelson, Carol and Middleton, Andrew P},
  journal={Journal of Archaeological Science},
  volume={31},
  number={10},
  pages={1413--1428},
  year={2004},
  publisher={Elsevier}
}

