
@article{thwaites2013digital,
  title={Digital heritage: what happens when we digitize everything?},
  author={Thwaites, Harold},
  journal={Visual heritage in the digital age},
  pages={327--348},
  year={2013},
  publisher={Springer}
}

@article{jiawei2022analysis,
  title={Analysis on the Value and Inheritance of Jade Carving Works of Art},
  author={Jiawei, Zhang and others},
  journal={Tobacco Regulatory Science (TRS)},
  pages={1165--1176},
  year={2022}
}

@article{sax2004identification,
  title={The identification of carving techniques on Chinese jade},
  author={Sax, Margaret and Meeks, Nigel D and Michaelson, Carol and Middleton, Andrew P},
  journal={Journal of Archaeological Science},
  volume={31},
  number={10},
  pages={1413--1428},
  year={2004},
  publisher={Elsevier}
}

@inproceedings{he2016deep,
  title={Deep residual learning for image recognition},
  author={He, Kaiming and Zhang, Xiangyu and Ren, Shaoqing and Sun, Jian},
  booktitle={Proceedings of the IEEE conference on computer vision and pattern recognition},
  pages={770--778},
  year={2016}
}

@article{hou2024conv2former,
  title={Conv2former: A simple transformer-style convnet for visual recognition},
  author={Hou, Qibin and Lu, Cheng-Ze and Cheng, Ming-Ming and Feng, Jiashi},
  journal={IEEE Transactions on Pattern Analysis and Machine Intelligence},
  year={2024},
  publisher={IEEE}
}

@article{jaiswal2020survey,
  title={A survey on contrastive self-supervised learning},
  author={Jaiswal, Ashish and Babu, Ashwin Ramesh and Zadeh, Mohammad Zaki and Banerjee, Debapriya and Makedon, Fillia},
  journal={Technologies},
  volume={9},
  number={1},
  pages={2},
  year={2020},
  publisher={MDPI}
}

@article{liu2021self,
  title={Self-supervised learning: Generative or contrastive},
  author={Liu, Xiao and Zhang, Fanjin and Hou, Zhenyu and Mian, Li and Wang, Zhaoyu and Zhang, Jing and Tang, Jie},
  journal={IEEE transactions on knowledge and data engineering},
  volume={35},
  number={1},
  pages={857--876},
  year={2021},
  publisher={IEEE}
}

@article{zeng2022nlfftnet,
  title={Nlfftnet: A non-local feature fusion transformer network for multi-scale object detection},
  author={Zeng, Kai and Ma, Qian and Wu, Jiawen and Xiang, Sijia and Shen, Tao and Zhang, Lei},
  journal={Neurocomputing},
  volume={493},
  pages={15--27},
  year={2022},
  publisher={Elsevier}
}





@article{hu2024overview,
  title={An overview: Attention mechanisms in multi-agent reinforcement learning},
  author={Hu, Kai and Xu, Keer and Xia, Qingfeng and Li, Mingyang and Song, Zhiqiang and Song, Lipeng and Sun, Ning},
  journal={Neurocomputing},
  pages={128015},
  year={2024},
  publisher={Elsevier}
}

@article{jia2020multi,
  title={Multi-dimensional classification via stacked dependency exploitation},
  author={Jia, Bin-Bin and Zhang, Min-Ling},
  journal={Science China Information Sciences},
  volume={63},
  pages={1--14},
  year={2020},
  publisher={Springer}
}

