@article{HuBERT,
  author       = {Wei{-}Ning Hsu and
                  Benjamin Bolte and
                  Yao{-}Hung Hubert Tsai and
                  Kushal Lakhotia and
                  Ruslan Salakhutdinov and
                  Abdelrahman Mohamed},
  title        = {HuBERT: Self-Supervised Speech Representation Learning by Masked Prediction
                  of Hidden Units},
  journal      = {{IEEE} {ACM} Trans. Audio Speech Lang. Process.},
  volume       = {29},
  pages        = {3451--3460},
  year         = {2021}
}

@inproceedings{amphion-svc,
  title={Leveraging Diverse Semantic-based Audio Pretrained Models for Singing Voice Conversion},
  author={Zhang, Xueyao and Fang, Zihao and Gu, Yicheng and Chen, Haopeng and Zou, Lexiao and Zhang, Junan and Xue, Liumeng and Wu, Zhizheng},
  booktitle    = {{SLT}},
  publisher    = {{IEEE}},
  year         = {2024}
}

@inproceedings{asr-ac,
  author       = {Mumin Jin and
                  Prashant Serai and
                  Jilong Wu and
                  Andros Tjandra and
                  Vimal Manohar and
                  Qing He},
  title        = {Voice-Preserving Zero-Shot Multiple Accent Conversion},
  booktitle    = {{ICASSP}},
  pages        = {1--5},
  publisher    = {{IEEE}},
  year         = {2023}
}

@inproceedings{autovc,
  author       = {Kaizhi Qian and
                  Yang Zhang and
                  Shiyu Chang and
                  Xuesong Yang and
                  Mark Hasegawa{-}Johnson},
  title        = {AutoVC: Zero-Shot Voice Style Transfer with Only Autoencoder Loss},
  booktitle    = {{ICML}},
  series       = {Proceedings of Machine Learning Research},
  volume       = {97},
  pages        = {5210--5219},
  publisher    = {{PMLR}},
  year         = {2019}
}

@article{basetts,
  author       = {Mateusz Lajszczak and
                  Guillermo C{\'{a}}mbara and
                  Yang Li and
                  Fatih Beyhan and
                  Arent van Korlaar and
                  Fan Yang and
                  Arnaud Joly and
                  {\'{A}}lvaro Mart{\'{\i}}n{-}Cortinas and
                  Ammar Abbas and
                  Adam Michalski and
                  Alexis Moinet and
                  Sri Karlapati and
                  Ewa Muszynska and
                  Haohan Guo and
                  Bartosz Putrycz and
                  Soledad L{\'{o}}pez Gambino and
                  Kayeon Yoo and
                  Elena Sokolova and
                  Thomas Drugman},
  title        = {{BASE} {TTS:} Lessons from building a billion-parameter Text-to-Speech
                  model on 100K hours of data},
  journal      = {arXiv preprint},
  volume       = {abs/2402.08093},
  year         = {2024}
}

@inproceedings{chenxi-tts-ac,
  author       = {Xi Chen and
                  Jiakun Pei and
                  Liumeng Xue and
                  Mingyang Zhang},
  title        = {Transfer the Linguistic Representations from {TTS} to Accent Conversion
                  with Non-Parallel Data},
  booktitle    = {{ICASSP}},
  pages        = {12501--12505},
  publisher    = {{IEEE}},
  year         = {2024}
}

@inproceedings{contentvec,
  author       = {Kaizhi Qian and
                  Yang Zhang and
                  Heting Gao and
                  Junrui Ni and
                  Cheng{-}I Lai and
                  David D. Cox and
                  Mark Hasegawa{-}Johnson and
                  Shiyu Chang},
  title        = {ContentVec: An Improved Self-Supervised Speech Representation by Disentangling
                  Speakers},
  booktitle    = {{ICML}},
  series       = {Proceedings of Machine Learning Research},
  volume       = {162},
  pages        = {18003--18017},
  publisher    = {{PMLR}},
  year         = {2022}
}

@inproceedings{convertandspeak,
  title={Convert and Speak: Zero-shot Accent Conversion with Minimum Supervision},
  author={Xue, Huaying and Peng, Xiulian and Lu, Yan and others},
booktitle    = {{ACM} Multimedia},
  publisher    = {{ACM}},
  year         = {2024}
}

@inproceedings{cyclegan-vc,
  author       = {Takuhiro Kaneko and
                  Hirokazu Kameoka},
  title        = {CycleGAN-VC: Non-parallel Voice Conversion Using Cycle-Consistent
                  Adversarial Networks},
  booktitle    = {{EUSIPCO}},
  pages        = {2100--2104},
  publisher    = {{IEEE}},
  year         = {2018}
}

@inproceedings{diff-hiervc,
  author       = {Ha{-}Yeong Choi and
                  Sang{-}Hoon Lee and
                  Seong{-}Whan Lee},
  title        = {Diff-HierVC: Diffusion-based Hierarchical Voice Conversion with Robust
                  Pitch Generation and Masked Prior for Zero-shot Speaker Adaptation},
  booktitle    = {{INTERSPEECH}},
  pages        = {2283--2287},
  publisher    = {{ISCA}},
  year         = {2023}
}

@inproceedings{diffvc,
  author       = {Vadim Popov and
                  Ivan Vovk and
                  Vladimir Gogoryan and
                  Tasnima Sadekova and
                  Mikhail Sergeevich Kudinov and
                  Jiansheng Wei},
  title        = {Diffusion-Based Voice Conversion with Fast Maximum Likelihood Sampling
                  Scheme},
  booktitle    = {{ICLR}},
  publisher    = {OpenReview.net},
  year         = {2022}
}

@article{emovox,
  author       = {Kun Zhou and
                  Berrak Sisman and
                  Rajib Rana and
                  Bj{\"{o}}rn W. Schuller and
                  Haizhou Li},
  title        = {Emotion Intensity and its Control for Emotional Voice Conversion},
  journal      = {{IEEE} Trans. Affect. Comput.},
  volume       = {14},
  number       = {1},
  pages        = {31--48},
  year         = {2023}
}

@article{hierspeech++,
  author       = {Sang{-}Hoon Lee and
                  Ha{-}Yeong Choi and
                  Seung{-}Bin Kim and
                  Seong{-}Whan Lee},
  title        = {HierSpeech++: Bridging the Gap between Semantic and Acoustic Representation
                  of Speech by Hierarchical Variational Inference for Zero-shot Speech
                  Synthesis},
  journal      = {arXiv preprint},
  volume       = {abs/2311.12454},
  year         = {2023}
}

@inproceedings{liusongxiang-ac,
  author       = {Songxiang Liu and
                  Disong Wang and
                  Yuewen Cao and
                  Lifa Sun and
                  Xixin Wu and
                  Shiyin Kang and
                  Zhiyong Wu and
                  Xunying Liu and
                  Dan Su and
                  Dong Yu and
                  Helen Meng},
  title        = {End-To-End Accent Conversion Without Using Native Utterances},
  booktitle    = {{ICASSP}},
  pages        = {6289--6293},
  publisher    = {{IEEE}},
  year         = {2020}
}

@article{lmvc,
  author       = {Zhichao Wang and
                  Yuanzhe Chen and
                  Lei Xie and
                  Qiao Tian and
                  Yuping Wang},
  title        = {{LM-VC:} Zero-Shot Voice Conversion via Speech Generation Based on
                  Language Models},
  journal      = {{IEEE} Signal Process. Lett.},
  volume       = {30},
  pages        = {1157--1161},
  year         = {2023}
}

@inproceedings{maskgct,
  author={Wang, Yuancheng and Zhan, Haoyue and Liu, Liwei and Zeng, Ruihong and Guo, Haotian and Zheng, Jiachen and Zhang, Qiang and Zhang, Xueyao and Zhang, Shunsi and Wu, Zhizheng},
  title={MaskGCT: Zero-Shot Text-to-Speech with Masked Generative Codec Transformer},
  booktitle    = {{ICLR}},
  publisher    = {OpenReview.net},
  year         = {2025}
}

@article{megatts,
  author       = {Ziyue Jiang and
                  Yi Ren and
                  Zhenhui Ye and
                  Jinglin Liu and
                  Chen Zhang and
                  Qian Yang and
                  Shengpeng Ji and
                  Rongjie Huang and
                  Chunfeng Wang and
                  Xiang Yin and
                  Zejun Ma and
                  Zhou Zhao},
  title        = {Mega-TTS: Zero-Shot Text-to-Speech at Scale with Intrinsic Inductive
                  Bias},
  journal      = {arXiv preprint},
  volume       = {abs/2306.03509},
  year         = {2023}
}

@inproceedings{mutual-information,
  author       = {Pengyu Cheng and
                  Weituo Hao and
                  Shuyang Dai and
                  Jiachang Liu and
                  Zhe Gan and
                  Lawrence Carin},
  title        = {{CLUB:} {A} Contrastive Log-ratio Upper Bound of Mutual Information},
  booktitle    = {{ICML}},
  series       = {Proceedings of Machine Learning Research},
  volume       = {119},
  pages        = {1779--1788},
  publisher    = {{PMLR}},
  year         = {2020}
}

@inproceedings{mutual-information-zhuxinfa,
  author       = {Xinfa Zhu and
                  Yi Lei and
                  Kun Song and
                  Yongmao Zhang and
                  Tao Li and
                  Lei Xie},
  title        = {Multi-Speaker Expressive Speech Synthesis via Multiple Factors Decoupling},
  booktitle    = {{ICASSP}},
  pages        = {1--5},
  publisher    = {{IEEE}},
  year         = {2023}
}

@inproceedings{nancy,
  author       = {Hyeong{-}Seok Choi and
                  Juheon Lee and
                  Wansoo Kim and
                  Jie Lee and
                  Hoon Heo and
                  Kyogu Lee},
  title        = {Neural Analysis and Synthesis: Reconstructing Speech from Self-Supervised
                  Representations},
  booktitle    = {NeurIPS},
  pages        = {16251--16265},
  year         = {2021}
}

@inproceedings{nancypp,
  author       = {Hyeong{-}Seok Choi and
                  Jinhyeok Yang and
                  Juheon Lee and
                  Hyeongju Kim},
  title        = {{NANSY++:} Unified Voice Synthesis with Neural Analysis and Synthesis},
  booktitle    = {{ICLR}},
  publisher    = {OpenReview.net},
  year         = {2023}
}

@article{non-parallel-seq2seq-vc,
  author       = {Jing{-}Xuan Zhang and
                  Zhen{-}Hua Ling and
                  Li{-}Rong Dai},
  title        = {Non-Parallel Sequence-to-Sequence Voice Conversion With Disentangled
                  Linguistic and Speaker Representations},
  journal      = {{IEEE} {ACM} Trans. Audio Speech Lang. Process.},
  volume       = {28},
  pages        = {540--552},
  year         = {2020}
}

@inproceedings{ns3,
  author       = {Zeqian Ju and
                  Yuancheng Wang and
                  Kai Shen and
                  Xu Tan and
                  Detai Xin and
                  Dongchao Yang and
                  Eric Liu and
                  Yichong Leng and
                  Kaitao Song and
                  Siliang Tang and
                  Zhizheng Wu and
                  Tao Qin and
                  Xiangyang Li and
                  Wei Ye and
                  Shikun Zhang and
                  Jiang Bian and
                  Lei He and
                  Jinyu Li and
                  Sheng Zhao},
  title        = {NaturalSpeech 3: Zero-Shot Speech Synthesis with Factorized Codec
                  and Diffusion Models},
  booktitle    = {{ICML}},
  publisher    = {OpenReview.net},
  year         = {2024}
}

@article{parallel-ac-zhaoguanlong21,
  author       = {Guanlong Zhao and
                  Shaojin Ding and
                  Ricardo Gutierrez{-}Osuna},
  title        = {Converting Foreign Accent Speech Without a Reference},
  journal      = {{IEEE} {ACM} Trans. Audio Speech Lang. Process.},
  volume       = {29},
  pages        = {2367--2381},
  year         = {2021}
}

@inproceedings{parallel-ec-2016,
  author       = {Huaiping Ming and
                  Dong{-}Yan Huang and
                  Lei Xie and
                  Jie Wu and
                  Minghui Dong and
                  Haizhou Li},
  title        = {Deep Bidirectional {LSTM} Modeling of Timbre and Prosody for Emotional
                  Voice Conversion},
  booktitle    = {{INTERSPEECH}},
  pages        = {2453--2457},
  publisher    = {{ISCA}},
  year         = {2016}
}

@inproceedings{pavits,
  author       = {Tianhua Qi and
                  Wenming Zheng and
                  Cheng Lu and
                  Yuan Zong and
                  Hailun Lian},
  title        = {{PAVITS:} Exploring Prosody-Aware {VITS} for End-to-End Emotional
                  Voice Conversion},
  booktitle    = {{ICASSP}},
  pages        = {12697--12701},
  publisher    = {{IEEE}},
  year         = {2024}
}

@inproceedings{ppg-vc,
  author       = {Lifa Sun and
                  Kun Li and
                  Hao Wang and
                  Shiyin Kang and
                  Helen M. Meng},
  title        = {Phonetic posteriorgrams for many-to-one voice conversion without parallel
                  data training},
  booktitle    = {{ICME}},
  pages        = {1--6},
  publisher    = {{IEEE} Computer Society},
  year         = {2016}
}

@article{seedtts,
  author       = {Philip Anastassiou and
                  Jiawei Chen and
                  Jitong Chen and
                  Yuanzhe Chen and
                  Zhuo Chen and
                  Ziyi Chen and
                  Jian Cong and
                  Lelai Deng and
                  Chuang Ding and
                  Lu Gao and
                  Mingqing Gong and
                  Peisong Huang and
                  Qingqing Huang and
                  Zhiying Huang and
                  Yuanyuan Huo and
                  Dongya Jia and
                  Chumin Li and
                  Feiya Li and
                  Hui Li and
                  Jiaxin Li and
                  Xiaoyang Li and
                  Xingxing Li and
                  Lin Liu and
                  Shouda Liu and
                  Sichao Liu and
                  Xudong Liu and
                  Yuchen Liu and
                  Zhengxi Liu and
                  Lu Lu and
                  Junjie Pan and
                  Xin Wang and
                  Yuping Wang and
                  Yuxuan Wang and
                  Zhen Wei and
                  Jian Wu and
                  Chao Yao and
                  Yifeng Yang and
                  Yuanhao Yi and
                  Junteng Zhang and
                  Qidi Zhang and
                  Shuo Zhang and
                  Wenjie Zhang and
                  Yang Zhang and
                  Zilin Zhao and
                  Dejian Zhong and
                  Xiaobin Zhuang},
  title        = {Seed-TTS: {A} Family of High-Quality Versatile Speech Generation Models},
  journal      = {arXiv preprint},
  volume       = {abs/2406.02430},
  year         = {2024}
}

@inproceedings{sef-vc-kmeans,
  author       = {Junjie Li and
                  Yiwei Guo and
                  Xie Chen and
                  Kai Yu},
  title        = {{SEF-VC:} Speaker Embedding Free Zero-Shot Voice Conversion with Cross
                  Attention},
  booktitle    = {{ICASSP}},
  pages        = {12296--12300},
  publisher    = {{IEEE}},
  year         = {2024}
}

@article{self-supervised-vc,
  author       = {Wen{-}Chin Huang and
                  Shu{-}Wen Yang and
                  Tomoki Hayashi and
                  Tomoki Toda},
  title        = {A Comparative Study of Self-Supervised Speech Representation Based
                  Voice Conversion},
  journal      = {{IEEE} J. Sel. Top. Signal Process.},
  volume       = {16},
  number       = {6},
  pages        = {1308--1318},
  year         = {2022}
}

@inproceedings{softvc,
  author       = {Benjamin van Niekerk and
                  Marc{-}Andr{\'{e}} Carbonneau and
                  Julian Za{\"{\i}}di and
                  Matthew Baas and
                  Hugo Seut{\'{e}} and
                  Herman Kamper},
  title        = {A Comparison of Discrete and Soft Speech Units for Improved Voice
                  Conversion},
  booktitle    = {{ICASSP}},
  pages        = {6562--6566},
  publisher    = {{IEEE}},
  year         = {2022}
}

@inproceedings{speech-resynthesis-interspeech21,
  author       = {Adam Polyak and
                  Yossi Adi and
                  Jade Copet and
                  Eugene Kharitonov and
                  Kushal Lakhotia and
                  Wei{-}Ning Hsu and
                  Abdelrahman Mohamed and
                  Emmanuel Dupoux},
  title        = {Speech Resynthesis from Discrete Disentangled Self-Supervised Representations},
  booktitle    = {{INTERSPEECH}},
  pages        = {3615--3619},
  publisher    = {{ISCA}},
  year         = {2021}
}

@inproceedings{speechsplit,
  author       = {Kaizhi Qian and
                  Yang Zhang and
                  Shiyu Chang and
                  Mark Hasegawa{-}Johnson and
                  David D. Cox},
  title        = {Unsupervised Speech Decomposition via Triple Information Bottleneck},
  booktitle    = {{ICML}},
  series       = {Proceedings of Machine Learning Research},
  volume       = {119},
  pages        = {7836--7846},
  publisher    = {{PMLR}},
  year         = {2020}
}

@inproceedings{speechsplit2,
  author       = {Chak Ho Chan and
                  Kaizhi Qian and
                  Yang Zhang and
                  Mark Hasegawa{-}Johnson},
  title        = {SpeechSplit2.0: Unsupervised Speech Disentanglement for Voice Conversion
                  without Tuning Autoencoder Bottlenecks},
  booktitle    = {{ICASSP}},
  pages        = {6332--6336},
  publisher    = {{IEEE}},
  year         = {2022}
}

@inproceedings{stargan-vc,
  author={Kameoka, Hirokazu and Kaneko, Takuhiro and Tanaka, Kou and Hojo, Nobukatsu},
  title={StarGAN-VC: non-parallel many-to-many Voice Conversion Using Star Generative Adversarial Networks}, 
  year={2018},
  booktitle    = {{SLT}},
  publisher    = {{IEEE}},
}

@article{u-style,
  title={U-Style: Cascading U-nets with Multi-level Speaker and Style Modeling for Zero-Shot Voice Cloning},
  author={Li, Tao and Wang, Zhichao and Zhu, Xinfa and Cong, Jian and Tian, Qiao and Wang, Yuping and Xie, Lei},
  journal={{IEEE} {ACM} Trans. Audio Speech Lang. Process.},
  year={2024}
}

@article{valle,
      title={Neural Codec Language Models are Zero-Shot Text to Speech Synthesizers}, 
      author={Chengyi Wang and Sanyuan Chen and Yu Wu and Ziqiang Zhang and Long Zhou and Shujie Liu and Zhuo Chen and Yanqing Liu and Huaming Wang and Jinyu Li and Lei He and Sheng Zhao and Furu Wei},
      journal      = {arXiv preprint},
      year={2023},
      volume={abs/2301.02111},
}

@article{voiceshop,
  author       = {Philip Anastassiou and
                  Zhenyu Tang and
                  Kainan Peng and
                  Dongya Jia and
                  Jiaxin Li and
                  Ming Tu and
                  Yuping Wang and
                  Yuxuan Wang and
                  Mingbo Ma},
  title        = {VoiceShop: {A} Unified Speech-to-Speech Framework for Identity-Preserving
                  Zero-Shot Voice Editing},
  journal      = {arXiv preprint},
  volume       = {abs/2404.06674},
  year         = {2024}
}

@inproceedings{vq-content-style,
  title={Unsupervised Learning of Disentangled Speech Content and Style Representation},
  author={Andros Tjandra and Ruoming Pang and Yu Zhang and Shigeki Karita},
  booktitle={{INTERSPEECH}},
  year={2020},
  pages        = {4089--4093},
  publisher    = {{ISCA}},
}

@inproceedings{vq-vae,
  author       = {A{\"{a}}ron van den Oord and
                  Oriol Vinyals and
                  Koray Kavukcuoglu},
  title        = {Neural Discrete Representation Learning},
  booktitle    = {{NIPS}},
  pages        = {6306--6315},
  year         = {2017}
}

@inproceedings{vqvc,
  author       = {Da{-}Yi Wu and
                  Hung{-}Yi Lee},
  title        = {One-Shot Voice Conversion by Vector Quantization},
  booktitle    = {{ICASSP}},
  pages        = {7734--7738},
  publisher    = {{IEEE}},
  year         = {2020}
}

@article{zhouyi-ac,
  author       = {Yi Zhou and
                  Zhizheng Wu and
                  Mingyang Zhang and
                  Xiaohai Tian and
                  Haizhou Li},
  title        = {TTS-Guided Training for Accent Conversion Without Parallel Data},
  journal      = {{IEEE} Signal Process. Lett.},
  volume       = {30},
  pages        = {533--537},
  year         = {2023}
}

