@article{0_ihaka1996r,
  title         = {R: a language for data analysis and graphics},
  author        = {Ihaka, Ross and Gentleman, Robert},
  year          = {1996},
  journal       = {Journal of computational and graphical statistics},
  publisher     = {Taylor \& Francis},
  volume        = {5},
  number        = {3},
  pages         = {299--314}
}

@article{adams2013geomorph,
  title={geomorph: an R package for the collection and analysis of geometric morphometric shape data},
  author={Adams, Dean C and Ot{\'a}rola-Castillo, Erik},
  journal={Methods in ecology and evolution},
  volume={4},
  number={4},
  pages={393--399},
  year={2013},
  publisher={Wiley Online Library}
}

@article{davis2023writing,
  title={Writing statistical methods for ecologists},
  author={Davis, Amy J and Kay, Shannon},
  journal={Ecosphere},
  volume={14},
  number={5},
  pages={e4539},
  year={2023},
  publisher={Wiley Online Library}
}

@inproceedings{ding2018analysis,
  title={An Analysis of Domestic Tourism Consumption Based on R Software},
  author={Ding, Hongyu},
  booktitle={MATEC Web of Conferences},
  volume={228},
  pages={05006},
  year={2018},
  organization={EDP Sciences}
}

@article{milenkovski2019statistical,
  title={Statistical data in the tourism research},
  author={Milenkovski, Ace and Gramatnikovski, Sashko and Nakovski, Dejan},
  journal={UTMS Journal of Economics},
  volume={10},
  number={1},
  pages={57--65},
  year={2019},
  publisher={Skopje: University of Tourism and Management}
}

@incollection{wickham2016getting,
  title={Getting Started with ggplot2},
  author={Wickham, Hadley},
  booktitle={ggplot2: Elegant graphics for data analysis},
  pages={11--31},
  year={2016},
  publisher={Springer}
}

