@article{0_ihaka1996r,
  title         = {R: a language for data analysis and graphics},
  author        = {Ihaka, Ross and Gentleman, Robert},
  year          = {1996},
  journal       = {Journal of computational and graphical statistics},
  publisher     = {Taylor \& Francis},
  volume        = {5},
  number        = {3},
  pages         = {299--314}
}
@inproceedings{1_gomes2018teaching,
  title={Teaching with R—A curse or a blessing},
  author={Gomes, D and Sousa, BD},
  booktitle={Looking back, looking forward. Proceedings of the tenth international conference on teaching statistics (icots10). ISI/IASE. http://iase-web. org/icots/10/proceedings/pdfs/ICOTS10\_9C2. pdf},
  year={2018}
}
@inproceedings{1b_de2018teaching,
  title={Teaching statistics using R at a college or a university level: it can be possible?},
  author={de Sousa, Bruno and Gomes, Dulce},
  year={2018},
  organization={Proceedings of the 10th International Conference on Teaching Statistics~…}
}
@article{2_wickham2019package,
  title={Package ‘readxl’},
  author={Wickham, Hadley and Bryan, Jennifer and Kalicinski, Marcin and Valery, Komarov and Leitienne, Christophe and Colbert, Bob and Hoerl, David and Miller, Evan and Bryan, Maintainer Jennifer},
  journal={Version},
  volume={13},
  pages={1},
  year={2019}
}
@article{3_yarberry2021dplyr,
  title={Dplyr},
  author={Yarberry, William and Yarberry, William},
  journal={CRAN recipes: DPLYR, stringr, lubridate, and regex in R},
  pages={1--58},
  year={2021},
  publisher={Springer}
}
@article{4_wickham2017package,
  title={Package tidyverse},
  author={Wickham, Hadley and Wickham, Maintainer Hadley},
  journal={Easily install and load the ‘Tidyverse},
  year={2017},
  publisher={World Health Organization Geneva, Switzerland}
}
@article{5_harrell2019package,
  title={Package ‘hmisc’},
  author={Harrell Jr, Frank E and Harrell Jr, Maintainer Frank E},
  journal={CRAN2018},
  volume={2019},
  pages={235--236},
  year={2019}
}


@inproceedings{ding2018analysis,
  title={An Analysis of Domestic Tourism Consumption Based on R Software},
  author={Ding, Hongyu},
  booktitle={MATEC Web of Conferences},
  volume={228},
  pages={05006},
  year={2018},
  organization={EDP Sciences}
}


@article{davis2023writing,
  title={Writing statistical methods for ecologists},
  author={Davis, Amy J and Kay, Shannon},
  journal={Ecosphere},
  volume={14},
  number={5},
  pages={e4539},
  year={2023},
  publisher={Wiley Online Library}
}

@incollection{wickham2016getting,
  title={Getting Started with ggplot2},
  author={Wickham, Hadley},
  booktitle={ggplot2: Elegant graphics for data analysis},
  pages={11--31},
  year={2016},
  publisher={Springer}
}

@book{book,
author = {Wickham, Hadley and François, Romain},
year = {2014},
month = {01},
pages = {},
title = {dplyr: A Grammar of Data Manipulation}
}

@article{milenkovski2019statistical,
  title={Statistical data in the tourism research},
  author={Milenkovski, Ace and Gramatnikovski, Sashko and Nakovski, Dejan},
  journal={UTMS Journal of Economics},
  volume={10},
  number={1},
  pages={57--65},
  year={2019},
  publisher={Skopje: University of Tourism and Management}
}

@article{adams2013geomorph,
  title={geomorph: an R package for the collection and analysis of geometric morphometric shape data},
  author={Adams, Dean C and Ot{\'a}rola-Castillo, Erik},
  journal={Methods in ecology and evolution},
  volume={4},
  number={4},
  pages={393--399},
  year={2013},
  publisher={Wiley Online Library}
}



@article{ML_muller2024anova,
  title={ANOVA for metric spaces, with applications to spatial data},
  author={M{\"u}ller, Raoul and Schuhmacher, Dominic and Mateu, Jorge},
  journal={Statistical Science},
  volume={39},
  number={2},
  pages={262--285},
  year={2024},
  publisher={Institute of Mathematical Statistics}
}
@incollection{ML2_thakkar2025continuous,
  title={Continuous variable analyses: Student's t-test, Mann--Whitney U test, Wilcoxon signed-rank test},
  author={Thakkar, Badal},
  booktitle={Translational Cardiology},
  pages={165--167},
  year={2025},
  publisher={Elsevier}
}

@article{wickham2007reshaping,
  title={Reshaping data with the reshape package},
  author={Wickham, Hadley},
  journal={Journal of statistical software},
  volume={21},
  pages={1--20},
  year={2007}
}
@misc{nusrat2024multiclassdepressiondetection,
      title={Multi Class Depression Detection Through Tweets using Artificial Intelligence}, 
      author={Muhammad Osama Nusrat and Waseem Shahzad and Saad Ahmed Jamal},
      year={2024},
      eprint={2404.13104},
      archivePrefix={arXiv},
      primaryClass={cs.CL},
      url={https://arxiv.org/abs/2404.13104}, 
      doi={10.48550/arXiv.2404.13104}
}
@ARTICLE{Cellini2013-ul,
  title   = "Museum and monument attendance and tourism flow: A time series
             analysis approach",
  author  = "Cellini, R and Cuccia, T and Ingrassia, S and Minotti, S C and
             Punzo, A",
  journal = "Computational Statistics and Data Analysis",
  volume  =  45,
  pages   = "159--182",
  year    =  2013,
  url ={http://www.robertocellini.it/doc/master_specializzazione/Cellini-Cuccia_ApEc2013_data1996-2010.pdf}
}
@misc{nusrat2023emojipredictiontweetsusing,
      title={Emoji Prediction in Tweets using BERT}, 
      author={Muhammad Osama Nusrat and Zeeshan Habib and Mehreen Alam and Saad Ahmed Jamal},
      year={2023},
      eprint={2307.02054},
      archivePrefix={arXiv},
      primaryClass={cs.CL},
      url={https://arxiv.org/abs/2307.02054}, 
}