
% Journals

% First the Full Name is given, then the abbreviation used in the AMS Math
% Reviews, with an indication if it could not be found there.
% Note the 2nd overwrites the 1st, so swap them if you want the full name.

 %{AMS}
 @String{AMSTrans = "American Mathematical Society Translations" }
 @String{AMSTrans = "Amer. Math. Soc. Transl." }
 @String{BullAMS = "Bulletin of the American Mathematical Society" }
 @String{BullAMS = "Bull. Amer. Math. Soc." }
 @String{ProcAMS = "Proceedings of the American Mathematical Society" }
 @String{ProcAMS = "Proc. Amer. Math. Soc." }
 @String{TransAMS = "Transactions of the American Mathematical Society" }
 @String{TransAMS = "Trans. Amer. Math. Soc." }

 %ACM
 @String{CACM = "Communications of the {ACM}" }
 @String{CACM = "Commun. {ACM}" }
 @String{CompServ = "Comput. Surveys" }
 @String{JACM = "J. ACM" }
 @String{ACMMathSoft = "{ACM} Transactions on Mathematical Software" }
 @String{ACMMathSoft = "{ACM} Trans. Math. Software" }
 @String{SIGNUM = "{ACM} {SIGNUM} Newsletter" }
 @String{SIGNUM = "{ACM} {SIGNUM} Newslett." }

 @String{AmerSocio = "American Journal of Sociology" }
 @String{AmerStatAssoc = "Journal of the American Statistical Association" }
 @String{AmerStatAssoc = "J. Amer. Statist. Assoc." }
 @String{ApplMathComp = "Applied Mathematics and Computation" }
 @String{ApplMathComp = "Appl. Math. Comput." }
 @String{AmerMathMonthly = "American Mathematical Monthly" }
 @String{AmerMathMonthly = "Amer. Math. Monthly" }
 @String{BIT = "{BIT}" }
 @String{BritStatPsych = "British Journal of Mathematical and Statistical
          Psychology" }
 @String{BritStatPsych = "Brit. J. Math. Statist. Psych." }
 @String{CanMathBull = "Canadian Mathematical Bulletin" }
 @String{CanMathBull = "Canad. Math. Bull." }
 @String{CompApplMath = "Journal of Computational and Applied Mathematics" }
 @String{CompApplMath = "J. Comput. Appl. Math." }
 @String{CompPhys = "Journal of Computational Physics" }
 @String{CompPhys = "J. Comput. Phys." }
 @String{CompStruct = "Computers and Structures" }
 @String{CompStruct = "Comput. \& Structures" }
 @String{CompJour = "The Computer Journal" }
 @String{CompJour = "Comput. J." }
 @String{CompSysSci = "Journal of Computer and System Sciences" }
 @String{CompSysSci = "J. Comput. System Sci." }
 @String{Computing = "Computing" }
 @String{ContempMath = "Contemporary Mathematics" }
 @String{ContempMath = "Contemp. Math." }
 @String{Crelle = "Crelle's Journal" }
 @String{GiornaleMath = "Giornale di Mathematiche" }
 @String{GiornaleMath = "Giorn. Mat." } % didn't find in AMS MR., ibid.

 %IEEE
 @String{Computer = "{IEEE} Computer" }
 @String{IEEETransComp = "{IEEE} Transactions on Computers" }
 @String{IEEETransComp = "{IEEE} Trans. Comput." }
 @String{IEEETransAC = "{IEEE} Transactions on Automatic Control" }
 @String{IEEETransAC = "{IEEE} Trans. Automat. Control" }
 @String{IEEESpec = "{IEEE} Spectrum" } % didn't find in AMS MR
 @String{ProcIEEE = "Proceedings of the {IEEE}" }
 @String{ProcIEEE = "Proc. {IEEE}" } % didn't find in AMS MR
 @String{IEEETransAeroElec = "{IEEE} Transactions on Aerospace and Electronic
     Systems" }
 @String{IEEETransAeroElec = "{IEEE} Trans. Aerospace Electron. Systems" }

 @String{IMANumerAna = "{IMA} Journal of Numerical Analysis" }
 @String{IMANumerAna = "{IMA} J. Numer. Anal." }
 @String{InfProcLet = "Information Processing Letters" }
 @String{InfProcLet = "Inform. Process. Lett." }
 @String{InstMathApp = "Journal of the Institute of Mathematics and
     its Applications" }
 @String{InstMathApp = "J. Inst. Math. Appl." }
 @String{IntControl = "International Journal of Control" }
 @String{IntControl = "Internat. J. Control" }
 @String{IntNumerEng = "International Journal for Numerical Methods in
     Engineering" }
 @String{IntNumerEng = "Internat. J. Numer. Methods Engrg." }
 @String{IntSuper = "International Journal of Supercomputing Applications" }
 @String{IntSuper = "Internat. J. Supercomputing Applic." } % didn't find
%% in AMS MR
 @String{Kibernetika = "Kibernetika" }
 @String{JResNatBurStand = "Journal of Research of the National Bureau
     of Standards" }
 @String{JResNatBurStand = "J. Res. Nat. Bur. Standards" }
 @String{LinAlgApp = "Linear Algebra and its Applications" }
 @String{LinAlgApp = "Linear Algebra Appl." }
 @String{MathAnaAppl = "Journal of Mathematical Analysis and Applications" }
 @String{MathAnaAppl = "J. Math. Anal. Appl." }
 @String{MathAnnalen = "Mathematische Annalen" }
 @String{MathAnnalen = "Math. Ann." }
 @String{MathPhys = "Journal of Mathematical Physics" }
 @String{MathPhys = "J. Math. Phys." }
 @String{MathComp = "Mathematics of Computation" }
 @String{MathComp = "Math. Comp." }
 @String{MathScand = "Mathematica Scandinavica" }
 @String{MathScand = "Math. Scand." }
 @String{TablesAidsComp = "Mathematical Tables and Other Aids to Computation" }
 @String{TablesAidsComp = "Math. Tables Aids Comput." }
 @String{NumerMath = "Numerische Mathematik" }
 @String{NumerMath = "Numer. Math." }
 @String{PacificMath = "Pacific Journal of Mathematics" }
 @String{PacificMath = "Pacific J. Math." }
 @String{ParDistComp = "Journal of Parallel and Distributed Computing" }
 @String{ParDistComp = "J. Parallel and Distrib. Comput." } % didn't find
%% in AMS MR
 @String{ParComputing = "Parallel Computing" }
 @String{ParComputing = "Parallel Comput." }
 @String{PhilMag = "Philosophical Magazine" }
 @String{PhilMag = "Philos. Mag." }
 @String{ProcNAS = "Proceedings of the National Academy of Sciences
                    of the USA" }
 @String{ProcNAS = "Proc. Nat. Acad. Sci. U. S. A." }
 @String{Psychometrika = "Psychometrika" }
 @String{QuartMath = "Quarterly Journal of Mathematics, Oxford, Series (2)" }
 @String{QuartMath = "Quart. J. Math. Oxford Ser. (2)" }
 @String{QuartApplMath = "Quarterly of Applied Mathematics" }
 @String{QuartApplMath = "Quart. Appl. Math." }
 @String{RevueInstStat = "Review of the International Statisical Institute" }
 @String{RevueInstStat = "Rev. Inst. Internat. Statist." }

 %SIAM
 @String{JSIAM = "Journal of the Society for Industrial and Applied
     Mathematics" }
 @String{JSIAM = "J. Soc. Indust. Appl. Math." }
 @String{JSIAMB = "Journal of the Society for Industrial and Applied
     Mathematics, Series B, Numerical Analysis" }
 @String{JSIAMB = "J. Soc. Indust. Appl. Math. Ser. B Numer. Anal." }
 @String{SIAMAlgMeth = "{SIAM} Journal on Algebraic and Discrete Methods" }
 @String{SIAMAlgMeth = "{SIAM} J. Algebraic Discrete Methods" }
 @String{SIAMAppMath = "{SIAM} Journal on Applied Mathematics" }
 @String{SIAMAppMath = "{SIAM} J. Appl. Math." }
 @String{SIAMComp = "{SIAM} Journal on Computing" }
 @String{SIAMComp = "{SIAM} J. Comput." }
 @String{SIAMMatrix = "{SIAM} Journal on Matrix Analysis and Applications" }
 @String{SIAMMatrix = "{SIAM} J. Matrix Anal. Appl." }
 @String{SIAMNumAnal = "{SIAM} Journal on Numerical Analysis" }
 @String{SIAMNumAnal = "{SIAM} J. Numer. Anal." }
 @String{SIAMReview = "{SIAM} Review" }
 @String{SIAMReview = "{SIAM} Rev." }
 @String{SIAMSciStat = "{SIAM} Journal on Scientific and Statistical
     Computing" }
 @String{SIAMSciStat = "{SIAM} J. Sci. Statist. Comput." }

 @String{SoftPracExp = "Software Practice and Experience" }
 @String{SoftPracExp = "Software Prac. Experience" } % didn't find in AMS MR
 @String{StatScience = "Statistical Science" }
 @String{StatScience = "Statist. Sci." }
 @String{Techno = "Technometrics" }
 @String{USSRCompMathPhys = "{USSR} Computational Mathematics and Mathematical
     Physics" }
 @String{USSRCompMathPhys = "{U. S. S. R.} Comput. Math. and Math. Phys." }
 @String{VLSICompSys = "Journal of {VLSI} and Computer Systems" }
 @String{VLSICompSys = "J. {VLSI} Comput. Syst." }
 @String{ZAngewMathMech = "Zeitschrift fur Angewandte Mathematik und
     Mechanik" }
 @String{ZAngewMathMech = "Z. Angew. Math. Mech." }
 @String{ZAngewMathPhys = "Zeitschrift fur Angewandte Mathematik und Physik" }
 @String{ZAngewMathPhys = "Z. Angew. Math. Phys." }

% Publishers % ================================================= |

 @String{Academic = "Academic Press" }
 @String{ACMPress = "{ACM} Press" }
 @String{AdamHilger = "Adam Hilger" }
 @String{AddisonWesley = "Addison-Wesley" }
 @String{AllynBacon = "Allyn and Bacon" }
 @String{AMS = "American Mathematical Society" }
 @String{Birkhauser = "Birkha{\"u}ser" }
 @String{CambridgePress = "Cambridge University Press" }
 @String{Chelsea = "Chelsea" }
 @String{ClaredonPress = "Claredon Press" }
 @String{DoverPub = "Dover Publications" }
 @String{Eyolles = "Eyolles" }
 @String{HoltRinehartWinston = "Holt, Rinehart and Winston" }
 @String{Interscience = "Interscience" }
 @String{JohnsHopkinsPress = "The Johns Hopkins University Press" }
 @String{JohnWileySons = "John Wiley and Sons" }
 @String{Macmillan = "Macmillan" }
 @String{MathWorks = "The Math Works Inc." }
 @String{McGrawHill = "McGraw-Hill" }
 @String{NatBurStd = "National Bureau of Standards" }
 @String{NorthHolland = "North-Holland" }
 @String{OxfordPress = "Oxford University Press" }  %address Oxford or London?
 @String{PergamonPress = "Pergamon Press" }
 @String{PlenumPress = "Plenum Press" }
 @String{PrenticeHall = "Prentice-Hall" }
 @String{SIAMPub = "{SIAM} Publications" }
 @String{Springer = "Springer-Verlag" }
 @String{TexasPress = "University of Texas Press" }
 @String{VanNostrand = "Van Nostrand" }
 @String{WHFreeman = "W. H. Freeman and Co." }

%Entries

@inproceedings{borghi2017poseidon,
  title={Poseidon: Face-from-depth for driver pose estimation},
  author={Borghi, Guido and Venturelli, Marco and Vezzani, Roberto and Cucchiara, Rita},
  booktitle={Proceedings of the IEEE Conference on Computer Vision and Pattern Recognition (CVPR)},
  pages={4661--4670},
  year={2017}
}

@article{wen2021great,
  title={With great dispersion comes greater resilience: Efficient poisoning attacks and defenses for linear regression models},
  author={Wen, Jialin and Zhao, Benjamin Zi Hao and Xue, Minhui and Oprea, Alina and Qian, Haifeng},
  journal={IEEE Transactions on Information Forensics and Security},
  volume={16},
  pages={3709--3723},
  year={2021},
  publisher={IEEE}
}

@inproceedings{jagielski2018manipulating,
  title={Manipulating machine learning: Poisoning attacks and countermeasures for regression learning},
  author={Jagielski, Matthew and Oprea, Alina and Biggio, Battista and Liu, Chang and Nita-Rotaru, Cristina and Li, Bo},
  booktitle={Proceedings of IEEE Symposium on Security and Privacy (S\&P)},
  year={2018}
}

@article{yan2020deep,
  title={Deep-learning-based prediction of late age-related macular degeneration progression},
  author={Yan, Qi and Weeks, Daniel E and Xin, Hongyi and Swaroop, Anand and Chew, Emily Y and Huang, Heng and Ding, Ying and Chen, Wei},
  journal={Nature Machine Intelligence},
  volume={2},
  number={2},
  pages={141--150},
  year={2020},
  publisher={Nature Publishing Group UK London}
}

@article{sun2019brain,
  title={Brain tumor segmentation and survival prediction using multimodal MRI scans with deep learning},
  author={Sun, Li and Zhang, Songtao and Chen, Hang and Luo, Lin},
  journal={Frontiers in Neuroscience},
  volume={13},
  pages={810},
  year={2019},
  publisher={Frontiers Media SA}
}

@article{kotseruba2022attention,
  title={Attention for vision-based assistive and automated driving: a review of algorithms and datasets},
  author={Kotseruba, Iuliia and Tsotsos, John K},
  journal={IEEE Transactions on Intelligent Transportation Systems (T-ITS)},
  year={2022},
  publisher={IEEE}
}

@inproceedings{yang2023aide,
  title={Aide: A vision-driven multi-view, multi-modal, multi-tasking dataset for assistive driving perception},
  author={Yang, Dingkang and Huang, Shuai and Xu, Zhi and Li, Zhenpeng and Wang, Shunli and Li, Mingcheng and Wang, Yuzheng and Liu, Yang and Yang, Kun and Chen, Zhaoyu and others},
  booktitle={Proceedings of the IEEE/CVF International Conference on Computer Vision (ICCV)},
  year={2023}
}

@inproceedings{langley00,
 author    = {P. Langley},
 title     = {Crafting Papers on Machine Learning},
 year      = {2000},
 pages     = {1207--1216},
 editor    = {Pat Langley},
 booktitle     = {Proceedings of the 17th International Conference on Machine Learning (ICML)},
 address   = {Stanford, CA},
 publisher = {Morgan Kaufmann}
}

@TechReport{mitchell80,
  author = 	 "T. M. Mitchell",
  title = 	 "The Need for Biases in Learning Generalizations",
  institution =  "Computer Science Department, Rutgers University",
  year = 	 "1980",
  address =	 "New Brunswick, MA",
}

@phdthesis{kearns89,
  author = {M. J. Kearns},
  title =  {Computational Complexity of Machine Learning},
  school = {Department of Computer Science, Harvard University},
  year =   {1989}
}

@incollection{majaranta2014eye,
  title={Eye tracking and eye-based human--computer interaction},
  author={Majaranta, P{\"a}ivi and Bulling, Andreas},
  booktitle={Advances in Physiological Computing},
  pages={39--65},
  year={2014},
  publisher={Springer}
}

@inproceedings{kassner2014pupil,
  title={Pupil: an open source platform for pervasive eye tracking and mobile gaze-based interaction},
  author={Kassner, Moritz and Patera, William and Bulling, Andreas},
  booktitle={Proceedings of the 2014 ACM International Joint Conference on Pervasive and Ubiquitous Computing: Adjunct publication (Ubicomp)},
  year={2014}
}

@article{bulling2010toward,
  title={Toward mobile eye-based human-computer interaction},
  author={Bulling, Andreas and Gellersen, Hans},
  journal={IEEE Pervasive Computing},
  volume={9},
  number={4},
  pages={8--12},
  year={2010},
  publisher={IEEE}
}

@article{li2022backdoor,
  title={Backdoor learning: A survey},
  author={Li, Yiming and Jiang, Yong and Li, Zhifeng and Xia, Shu-Tao},
  journal={IEEE Transactions on Neural Networks and Learning Systems},
  volume={35},
  number={1},
  pages={5--22},
  year={2022},
  publisher={IEEE}
}

@article{goldblum2022dataset,
  title={Dataset security for machine learning: Data poisoning, backdoor attacks, and defenses},
  author={Goldblum, Micah and Tsipras, Dimitris and Xie, Chulin and Chen, Xinyun and Schwarzschild, Avi and Song, Dawn and M{\k{a}}dry, Aleksander and Li, Bo and Goldstein, Tom},
  journal={IEEE Transactions on Pattern Analysis and Machine Intelligence},
  volume={45},
  number={2},
  pages={1563--1580},
  year={2022},
  publisher={IEEE}
}

@inproceedings{shen2021backdoor,
  title={Backdoor Pre-trained Models Can Transfer to All},
  author={Shen, Lujia and Ji, Shouling and Zhang, Xuhong and Li, Jinfeng and Chen, Jing and Shi, Jie and Fang, Chengfang and Yin, Jianwei and Wang, Ting},
  booktitle={Proceedings of ACM Annual Conference on Computer and Communication Security (CCS)},
  pages={3141--3158},
  year={2021},
  organization={Association for Computing Machinery}
}

@article{cheng2021appearance,
  title={Appearance-based gaze estimation with deep learning: A review and benchmark},
  author={Cheng, Yihua and Wang, Haofei and Bao, Yiwei and Lu, Feng},
  journal={IEEE Transactions on Pattern Analysis and Machine Intelligence},
  year={2024},
  publisher={IEEE}
}

@article{palazzi2018predicting,
  title={Predicting the Driver's Focus of Attention: the {DR(eye)VE} Project},
  author={Palazzi, Andrea and Abati, Davide and Solera, Francesco and Cucchiara, Rita and others},
  journal={IEEE Transactions on Pattern Analysis and Machine Intelligence (TPAMI)},
  volume={41},
  number={7},
  pages={1720--1733},
  year={2018},
  publisher={IEEE}
}

@article{lei2023end,
  title={An end-to-end review of gaze estimation and its interactive applications on handheld mobile devices},
  author={Lei, Yaxiong and He, Shijing and Khamis, Mohamed and Ye, Juan},
  journal={ACM Computing Surveys},
  volume={56},
  number={2},
  pages={1--38},
  year={2023},
  publisher={ACM New York, NY}
}

@Book{MachineLearningI,
  editor = 	 "R. S. Michalski and J. G. Carbonell and T.
		  M. Mitchell",
  title = 	 "Machine Learning: An Artificial Intelligence
		  Approach, Vol. I",
  publisher = 	 "Tioga",
  year = 	 "1983",
  address =	 "Palo Alto, CA"
}

@Book{DudaHart2nd,
  author =       "R. O. Duda and P. E. Hart and D. G. Stork",
  title =        "Pattern Classification",
  publisher =    "John Wiley and Sons",
  edition =      "2nd",
  year =         "2000"
}

@misc{anonymous,
  title= {Suppressed for Anonymity},
  author= {Author, N. N.},
  year= {2021}
}

@inproceedings{kroger2020does,
  title={What does your gaze reveal about you? On the privacy implications of eye tracking},
  author={Kr{\"o}ger, Jacob Leon and Lutz, Otto Hans-Martin and M{\"u}ller, Florian},
  booktitle={IFIP International Summer School on Privacy and Identity Management},
  year={2020},
  organization={Springer}
}

@book{xia2019driver,
  title={Driver eye movements and the application in autonomous driving},
  author={Xia, Ye},
  year={2019},
  publisher={University of California, Berkeley}
}

@inproceedings{fridman2018cognitive,
  title={Cognitive load estimation in the wild},
  author={Fridman, Lex and Reimer, Bryan and Mehler, Bruce and Freeman, William T},
  booktitle={Proceedings of the Chi Conference on Human Factors in Computing Systems (CHI)},
  year={2018}
}

@article{vicente2015driver,
  title={Driver gaze tracking and eyes off the road detection system},
  author={Vicente, Francisco and Huang, Zehua and Xiong, Xuehan and De la Torre, Fernando and Zhang, Wende and Levi, Dan},
  journal={IEEE Transactions on Intelligent Transportation Systems (T-ITS)},
  volume={16},
  number={4},
  pages={2014--2027},
  year={2015},
  publisher={IEEE}
}

@inproceedings{katsini2020role,
  title={The role of eye gaze in security and privacy applications: Survey and future {HCI} research directions},
  author={Katsini, Christina and Abdrabou, Yasmeen and Raptis, George E and Khamis, Mohamed and Alt, Florian},
  booktitle={Proceedings of the CHI Conference on Human Factors in Computing Systems (CHI)},
  year={2020}
}

@article{tonsen2017invisibleeye,
  title={{InvisibleEye}: Mobile eye tracking using multiple low-resolution cameras and learning-based gaze estimation},
  author={Tonsen, Marc and Steil, Julian and Sugano, Yusuke and Bulling, Andreas},
  journal={Proceedings of the ACM on Interactive, Mobile, Wearable and Ubiquitous Technologies (IMWUT)},
  year={2017},
  publisher={ACM New York, NY, USA}
}

@inproceedings{zhang2019evaluation,
  title={Evaluation of appearance-based methods and implications for gaze-based applications},
  author={Zhang, Xucong and Sugano, Yusuke and Bulling, Andreas},
  booktitle={Proceedings of the CHI Conference on Human Factors in Computing Systems (CHI)},
  year={2019}
}

@inproceedings{sugano2016aggregaze,
  title={Aggregaze: Collective estimation of audience attention on public displays},
  author={Sugano, Yusuke and Zhang, Xucong and Bulling, Andreas},
  booktitle={Proceedings of the 29th Annual Symposium on User Interface Software and Technology (UIST)},
  year={2016}
}

@inproceedings{kim2019nvgaze,
  title={{NVGaze}: An anatomically-informed dataset for low-latency, near-eye gaze estimation},
  author={Kim, Joohwan and Stengel, Michael and Majercik, Alexander and De Mello, Shalini and Dunn, David and Laine, Samuli and McGuire, Morgan and Luebke, David},
  booktitle={Proceedings of the CHI Conference on Human Factors in Computing Systems (CHI)},
  year={2019}
}

@article{huynh2021imon,
  title={{iMon}: Appearance-based gaze tracking system on mobile devices},
  author={Huynh, Sinh and Balan, Rajesh Krishna and Ko, JeongGil},
  journal={Proceedings of the ACM on Interactive, Mobile, Wearable and Ubiquitous Technologies},
  year={2021},
}

@InCollection{Newell81,
  author =       "A. Newell and P. S. Rosenbloom",
  title =        "Mechanisms of Skill Acquisition and the Law of
                  Practice", 
  booktitle =    "Cognitive Skills and Their Acquisition",
  pages =        "1--51",
  publisher =    "Lawrence Erlbaum Associates, Inc.",
  year =         "1981",
  editor =       "J. R. Anderson",
  chapter =      "1",
  address =      "Hillsdale, NJ"
}


@Article{Samuel59,
  author = 	 "A. L. Samuel",
  title = 	 "Some Studies in Machine Learning Using the Game of
		  Checkers",
  journal =	 "IBM Journal of Research and Development",
  year =	 "1959",
  volume =	 "3",
  number =	 "3",
  pages =	 "211--229"
}


# references
@ARTICLE{badnet,
  author={Gu, Tianyu and Liu, Kang and Dolan-Gavitt, Brendan and Garg, Siddharth},
  journal={IEEE Access}, 
  title={BadNets: Evaluating Backdooring Attacks on Deep Neural Networks}, 
  year={2019},
  volume={7},
  number={},
  pages={47230-47244},
}

@article{cheng2021appearance,
  title={Appearance-based gaze estimation with deep learning: A review and benchmark},
  author={Cheng, Yihua and Wang, Haofei and Bao, Yiwei and Lu, Feng},
  journal={arXiv preprint arXiv:2104.12668},
  year={2021}
}

@inproceedings{sun2013deep,
  title={Deep convolutional network cascade for facial point detection},
  author={Sun, Yi and Wang, Xiaogang and Tang, Xiaoou},
  booktitle={Proceedings of the IEEE Conference on Computer Vision and Pattern Recognition (CVPR)},
  year={2013}
}

@inproceedings{cao2021vector,
  title={A vector-based representation to enhance head pose estimation},
  author={Cao, Zhiwen and Chu, Zongcheng and Liu, Dongfang and Chen, Yingjie},
  booktitle={Proceedings of the IEEE/CVF Winter Conference on Applications of Computer Vision (WACV)},
  year={2021}
}

@article{raza2018appearance,
  title={Appearance based pedestrians’ head pose and body orientation estimation using deep learning},
  author={Raza, Mudassar and Chen, Zonghai and Rehman, Saeed-Ur and Wang, Peng and Bao, Peng},
  journal={Neurocomputing},
  volume={272},
  pages={647--659},
  year={2018},
  publisher={Elsevier}
}

@article{wu2019facial,
  title={Facial landmark detection: A literature survey},
  author={Wu, Yue and Ji, Qiang},
  journal={International Journal of Computer Vision (IJCV)},
  volume={127},
  pages={115--142},
  year={2019},
  publisher={Springer}
}

@article{xing2017diagnosing,
  title={Diagnosing deep learning models for high accuracy age estimation from a single image},
  author={Xing, Junliang and Li, Kai and Hu, Weiming and Yuan, Chunfeng and Ling, Haibin},
  journal={Pattern Recognition},
  volume={66},
  pages={106--116},
  year={2017},
  publisher={Elsevier}
}

@article{dong2016automatic,
  title={Automatic age estimation based on deep learning algorithm},
  author={Dong, Yuan and Liu, Yinan and Lian, Shiguo},
  journal={Neurocomputing},
  volume={187},
  pages={4--10},
  year={2016},
  publisher={Elsevier}
}

@inproceedings{kuhnke2019deep,
  title={Deep head pose estimation using synthetic images and partial adversarial domain adaption for continuous label spaces},
  author={Kuhnke, Felix and Ostermann, Jorn},
  booktitle={Proceedings of the IEEE/CVF International Conference on Computer Vision (ICCV)},
  year={2019}
}

@article{zhang2017mpiigaze,
  title={{MPIIGaze}: Real-world dataset and deep appearance-based gaze estimation},
  author={Zhang, Xucong and Sugano, Yusuke and Fritz, Mario and Bulling, Andreas},
  journal={IEEE Transactions on Pattern Analysis and Machine Intelligence (TPAMI)},
  volume={41},
  number={1},
  pages={162--175},
  year={2017},
  publisher={IEEE}
}

@article{lathuiliere2019comprehensive,
  title={A comprehensive analysis of deep regression},
  author={Lathuili{\`e}re, St{\'e}phane and Mesejo, Pablo and Alameda-Pineda, Xavier and Horaud, Radu},
  journal={IEEE Transactions on Pattern Analysis and Machine Intelligence (TPAMI)},
  volume={42},
  number={9},
  pages={2065--2081},
  year={2019},
  publisher={IEEE}
}

@inproceedings{schulz2012video,
  title={Video-based pedestrian head pose estimation for risk assessment},
  author={Schulz, Andreas and Stiefelhagen, Rainer},
  booktitle={Proceedings of IEEE International Conference on Intelligent Transportation Systems (ITSC)},
  year={2012}
}

@inproceedings{jha2016analyzing,
  title={Analyzing the relationship between head pose and gaze to model driver visual attention},
  author={Jha, Sumit and Busso, Carlos},
  booktitle={Proceedings of IEEE International Conference on Intelligent Transportation Systems (ITSC)},
  year={2016}
}

@inproceedings{murphy2007head,
  title={Head pose estimation for driver assistance systems: A robust algorithm and experimental evaluation},
  author={Murphy-Chutorian, Erik and Doshi, Anup and Trivedi, Mohan Manubhai},
  booktitle={Proceedings of IEEE Intelligent Transportation Systems Conference (ITSC)},
  year={2007}
}

@article{fernandes2023leveling,
  title={Leveling the Playing Field: A Comparative Reevaluation of Unmodified Eye Tracking as an Input and Interaction Modality for {VR}},
  author={Fernandes, Ajoy S and Murdison, T Scott and Proulx, Michael J},
  journal={IEEE Transactions on Visualization and Computer Graphics (TVCG)},
  volume={29},
  number={5},
  pages={2269--2279},
  year={2023},
  publisher={IEEE}
}

@misc{nbcEyetrackingCar,
	title = {Eye Tracker Wakes Sleepy Drivers},
    author ={{NBC} Tech News Daily Staff},
	howpublished = {\url{https://www.nbcnews.com/id/wbna39668980}},
     year={2010},
}

@inproceedings{newman2020turkeyes,
  title={Turkeyes: A web-based toolbox for crowdsourcing attention data},
  author={Newman, Anelise and McNamara, Barry and Fosco, Camilo and Zhang, Yun Bin and Sukhum, Pat and Tancik, Matthew and Kim, Nam Wook and Bylinskii, Zoya},
  booktitle={Proceedings of the 2020 CHI Conference on Human Factors in Computing Systems (CHI)},
  pages={1--13},
  year={2020}
}

@inproceedings{othman2017crowdeyes,
  title={{CrowdEyes}: Crowdsourcing for robust real-world mobile eye tracking},
  author={Othman, Mohammad and Amaral, Telmo and McNaney, R{\'o}is{\'\i}n and Smeddinck, Jan D and Vines, John and Olivier, Patrick},
  booktitle={Proceedings of the 19th International Conference on Human-Computer Interaction with Mobile Devices and Services (MobileHCI)},
  pages={1--13},
  year={2017}
}

@misc{bbcEyetrackingCar,
	title = {Caterpillar backs eye-tracker to combat driver fatigue},
    author ={Kelion, Leo},
	howpublished = {\url{https://www.bbc.com/news/technology-22640279}},
     year={2013},
}

@misc{bmwEyeLaneChange,
	title = {In a new {BMW} sedan, drivers can change lanes using just their eyes},
    author ={Valdes-Dapena, Peter },
	howpublished = {\url{https://edition.cnn.com/2023/05/24/business/bmw-eye-lane-change/index.html}},
     year={2023},
}

@misc{smartEye,
	title = {Driver-monitoring systems to be as common as seat belts},
    author ={Berman, Bradley},
	howpublished = {\url{https://www.sae.org/news/2020/02/smart-eye-safety-driver-monitoring}},
     year={2020},
}

@misc{bmwForbes,
	title = {Seeing machines and {BMW} team up on driver monitoring at {CSE}},
    author ={Abuelsamid, Sam},
	howpublished = {\url{https://www.forbes.com/sites/samabuelsamid/2020/01/07/seeing-machines-and-bmw-team-up-on-driver-monitoring-at-ces/}},
     year={2020},
}

@misc{tobiiDriverMonitor,
	title = {Tobii Driver Monitoring System},
	howpublished = {\url{https://www.tobii.com/products/automotive/tobii-dms}},
    year={2023}
}

@inproceedings{katsini2020role,
  title={The role of eye gaze in security and privacy applications: Survey and future {HCI} research directions},
  author={Katsini, Christina and Abdrabou, Yasmeen and Raptis, George E and Khamis, Mohamed and Alt, Florian},
  booktitle={Proceedings of the ACM Conference on Human Factors in Computing Systems (CHI)},
  year={2020}
}

@inproceedings{eberz201928,
  title={28 blinks later: Tackling practical challenges of eye movement biometrics},
  author={Eberz, Simon and Lovisotto, Giulio and Rasmussen, Kasper B and Lenders, Vincent and Martinovic, Ivan},
  booktitle={Proceedings of the ACM SIGSAC Conference on Computer and Communications Security (CCS)},
  year={2019}
}

@inproceedings{sluganovic2016using,
  title={Using reflexive eye movements for fast challenge-response authentication},
  author={Sluganovic, Ivo and Roeschlin, Marc and Rasmussen, Kasper B and Martinovic, Ivan},
  booktitle={Proceedings of the ACM SIGSAC Conference on Computer and Communications Security (CCS)},
  year={2016}
}

@inproceedings{nguyen2020input,
  title={Input-aware dynamic backdoor attack},
  author={Nguyen, Tuan Anh and Tran, Anh},
  booktitle={Proceedings of Conference on Advances in Neural Information Processing Systems (NeurIPS)},
  year={2020}
}

@inproceedings{xi2021graphbackdoor,
  title={Graph Backdoor},
  author={Xi, Zhaohan and Pang, Ren and Ji, Shouling and Wang, Ting},
  booktitle={Proceedings of the USENIX Security Symposium (Security)},
  year={2021},
}
@article{chen2018detecting,
  title={Detecting backdoor attacks on deep neural networks by activation clustering},
  author={Chen, Bryant and Carvalho, Wilka and Baracaldo, Nathalie and Ludwig, Heiko and Edwards, Benjamin and Lee, Taesung and Molloy, Ian and Srivastava, Biplav},
  journal={arXiv preprint arXiv:1811.03728},
  year={2018}
}
@article{tran2018spectral,
  title={Spectral signatures in backdoor attacks},
  author={Tran, Brandon and Li, Jerry and Madry, Aleksander},
  journal={Advances in neural information processing systems (NeurIPS)},
  volume={31},
  year={2018}
}

@inproceedings{zheng2022lipschitzness,
  title={Data-free Backdoor Removal based on Channel Lipschitzness},
  author={Zheng, Runkai and Tang, Rongjun and Li, Jianze and Liu, Li},
  booktitle={Proceedings of European Conference on Computer Vision (ECCV)},
  year={2022}
}
@inproceedings{shen2021transfertoall,
  title={Backdoor Pre-trained Models Can Transfer to All},
  author={Shen, Lujia and Ji, Shouling and Zhang, Xuhong and Li, Jinfeng and Chen, Jing and Shi, Jie and Fang, Chengfang and Yin, Jianwei and Wang, Ting},
  booktitle={Proceedings of the ACM SIGSAC Conference on Computer and Communications Security (CCS)},
  year={2021},
}
@inproceedings{zhang2021backdoorgraph,
  title={Backdoor attacks to graph neural networks},
  author={Zhang, Zaixi and Jia, Jinyuan and Wang, Binghui and Gong, NZ},
  booktitle={Proceedings of the ACM Symposium on Access Control Models and Technologies (SACMAT)},
  year={2021},
}


@inproceedings{liu2022unlearning,
  title={Backdoor Defense with Machine Unlearning},
  author={Liu, Yang and Fan, Mingyuan and Chen, Cen and Liu, Ximeng and Ma, Zhuo and Wang, Li and Ma, Jianfeng },
  booktitle={Proceedings of the IEEE International Conference on Computer Communications (INFOCOM)},
  year={2022},
}
@inproceedings{doan2020februus,
  title={Februus: Input purification defense against trojan attacks on deep neural network systems},
  author={Doan, Bao Gia and Abbasnejad, Ehsan and Ranasinghe, Damith C},
  booktitle={Proceedings of the Annual Computer Security Applications Conference (ACSAC)},
  year={2020}
}
@inproceedings{gao2019strip,
  title={{STRIP}: A Defence Against Trojan Attacks on Deep Neural Networks},
  author={Gao, Yansong and Xu, Change and Wang, Derui and Chen, Shiping and Ranasinghe, Damith C and Nepal, Surya},
  booktitle={Proceedings of the Annual Computer Security Applications Conference (ACSAC)},
  year={2019}
}

@inproceedings{ma2022beatrix,
  title={The “Beatrix” Resurrections: Robust Backdoor Detection via Gram Matrices},
  author={Ma, Wanlun and Wang, Derui and Sun, Ruoxi and Xue, Minhui and Wen, Sheng and Xiang, Yang},
  booktitle={Proceedings of Network and Distributed System Security Symposium (NDSS)},
  year={2023}
}
@inproceedings{wang2019neural,
  title={Neural cleanse: Identifying and mitigating backdoor attacks in neural networks},
  author={Wang, Bolun and Yao, Yuanshun and Shan, Shawn and Li, Huiying and Viswanath, Bimal and Zheng, Haitao and Zhao, Ben Y},
  booktitle={Proceedings of the IEEE Symposium on Security and Privacy (S\&P)},
  year={2019},
}

@inproceedings{wu2021anp,
  title={Adversarial Neuron Pruning Purifies Backdoored Deep Models},
  author={Wu, Dongxian and Wang, Yisen},
  booktitle={Proceedings of the Conference on Advances in neural information processing systems (NeurIPS)},
  year={2021}
}
@inproceedings{zeng2022ibau,
  title={Adversarial Unlearning of Backdoors via Implicit Hypergradient},
  author={Zeng, Yi and Chen, Si and Park, Won and Mao, Z. Morley and Jin, Ming and Jia, Ruoxi},
  booktitle={Proceedings of the International Conference on Learning Representations (ICLR)},
  year={2022}
}
@inproceedings{zheng2022lips,
  title={Data-free Backdoor Removal based on Channel Lipschitzness},
  author={Zheng, Runkai and Tang, Rongjun and Li, Jianze and Liu, Li},
  booktitle={Proceedings of European Conference on Computer Vision (ECCV)},
  year={2022}
}
@inproceedings{nguyen2021wanet,
  title={Wanet--imperceptible warping-based backdoor attack},
  author={Nguyen, Anh and Tran, Anh},
  booktitle={Proceedings of International Conference on Learning Representations (ICLR)},
  year={2021}
}
@inproceedings{liu2019abs,
  title={Abs: Scanning neural networks for back-doors by artificial brain stimulation},
  author={Liu, Yingqi and Lee, Wen-Chuan and Tao, Guanhong and Ma, Shiqing and Aafer, Yousra and Zhang, Xiangyu},
  booktitle={Proceedings of the 2019 ACM SIGSAC Conference on Computer and Communications Security (CCS)},
  year={2019}
}
@inproceedings{wang2022rethinking,
  title={Rethinking the Reverse-engineering of Trojan Triggers},
  author={Wang, Zhenting and Mei, Kai and Ding, Hailun and Zhai, Juan and Ma, Shiqing},
  booktitle={Proceedings of Conference on Advances in Neural Information Processing Systems (NeurIPS)},
  year={2022}
}


@inproceedings{sun2022backdoor,
  title={Backdoor attacks on crowd counting},
  author={Sun, Yuhua and Zhang, Tailai and Ma, Xingjun and Zhou, Pan and Lou, Jian and Xu, Zichuan and Di, Xing and Cheng, Yu and Sun, Lichao},
  booktitle={Proceedings of the 30th ACM International Conference on Multimedia (Multimedia )},
  year={2022}
}

@inproceedings{xu2021detecting,
  title={Detecting ai trojans using meta neural analysis},
  author={Xu, Xiaojun and Wang, Qi and Li, Huichen and Borisov, Nikita and Gunter, Carl A and Li, Bo},
  booktitle={Proceedings of the IEEE Symposium on Security and Privacy (S\&P)},
  year={2021}
}

@article{chen2017targeted,
  title={Targeted backdoor attacks on deep learning systems using data poisoning},
  author={Chen, Xinyun and Liu, Chang and Li, Bo and Lu, Kimberly and Song, Dawn},
  journal={arXiv preprint arXiv:1712.05526},
  year={2017}
}

 @inproceedings{liutrojaning2018,
  title={Trojaning Attack on Neural Networks},
  author={Liu, Yingqi and Ma, Shiqing and Aafer, Yousra and Lee, Wen-Chuan and Zhai, Juan and Wang, Weihang and Zhang, Xiangyu},
  booktitle={Proceedings of Network and Distributed System Security Symposium (NDSS)},
  year={2018}
}

@inproceedings{bagdasaryan2020blind,
  title={Blind backdoors in deep learning models},
  author={Bagdasaryan, Eugene and Shmatikov, Vitaly},
  booktitle={Proceedings of the USENIX Security Symposium (Security)},
  year={2021}
}

@inproceedings{yao2019latent,
  title={Latent backdoor attacks on deep neural networks},
  author={Yao, Yuanshun and Li, Huiying and Zheng, Haitao and Zhao, Ben Y},
  booktitle={Proceedings of the ACM SIGSAC Conference on Computer and Communications Security (CCS)},
  year={2019}
}

@InProceedings{He_2016_CVPR,
author = {He, Kaiming and Zhang, Xiangyu and Ren, Shaoqing and Sun, Jian},
title = {Deep Residual Learning for Image Recognition},
booktitle = {Proceedings of the IEEE Conference on Computer Vision and Pattern Recognition (CVPR)},
year = {2016}
}

@article{turner2019label,
  title={Label-consistent backdoor attacks},
  author={Turner, Alexander and Tsipras, Dimitris and Madry, Aleksander},
  journal={arXiv preprint arXiv:1912.02771},
  year={2019}
}

@inproceedings{khamis2016gazetouchpass,
  title={Gazetouchpass: Multimodal authentication using gaze and touch on mobile devices},
  author={Khamis, Mohamed and Alt, Florian and Hassib, Mariam and von Zezschwitz, Emanuel and Hasholzner, Regina and Bulling, Andreas},
  booktitle={Proceedings of the 2016 CHI Conference Extended Abstracts on Human Factors in Computing Systems (CHI)},
  year={2016}
}

@INPROCEEDINGS{7732431,
  author={Maralappanavar, Shweta and Behera, ReenaKumari and Mudenagudi, Uma},
  booktitle={2016 International Conference on Advances in Computing, Communications and Informatics (ICACCI)}, 
  title={Driver's distraction detection based on gaze estimation}, 
  year={2016}
}

@article{yamada2018detecting,
  title={Detecting mental fatigue from eye-tracking data gathered while watching video: Evaluation in younger and older adults},
  author={Yamada, Yasunori and Kobayashi, Masatomo},
  journal={Artificial Intelligence in Medicine},
  volume={91},
  pages={39--48},
  year={2018},
  publisher={Elsevier}
}

@article{zhang19_pami,
  title = {MPIIGaze: Real-World Dataset and Deep Appearance-Based Gaze Estimation},
  author = {Zhang, Xucong and Sugano, Yusuke and Fritz, Mario and Bulling, Andreas},
  year = {2019},
  journal = {IEEE Transactions on Pattern Analysis and Machine Intelligence (TPAMI)}
}

@article{fanelli_IJCV,
  author = {Fanelli, Gabriele and Dantone, Matthias and Gall, Juergen and Fossati, Andrea and Van Gool, Luc},
  title = {Random Forests for Real Time 3D Face Analysis},
  journal = {International Journal of Computer Vision (IJCV)},
  year = {2013},
  month = {February},
  volume = {101},
  number = {3},
  pages = {437--458}
}

@InProceedings{Borghi_2017_CVPR,
author = {Borghi, Guido and Venturelli, Marco and Vezzani, Roberto and Cucchiara, Rita},
title = {{POSEidon}: Face-From-Depth for Driver Pose Estimation},
booktitle = {Proceedings of the IEEE Conference on Computer Vision and Pattern Recognition (CVPR)},
year = {2017}
}
@InProceedings{CAVE_0324,
author = {B.A. Smith and Q. Yin and S.K. Feiner and S.K. Nayar},
title = {{G}aze {L}ocking: {P}assive {E}ye {C}ontact {D}etection for {H}uman?{O}bject {I}nteraction},
booktitle = {Proceedings of the ACM Symposium on User Interface Software and Technology (UIST)},
year = {2013}
}
@InProceedings{Wang_2017_CVPR,
author = {Wang, Fei and Jiang, Mengqing and Qian, Chen and Yang, Shuo and Li, Cheng and Zhang, Honggang and Wang, Xiaogang and Tang, Xiaoou},
title = {Residual Attention Network for Image Classification},
booktitle = {Proceedings of the IEEE Conference on Computer Vision and Pattern Recognition (CVPR)},
year = {2017}
}
@article{patney2016towards,
  title={Towards foveated rendering for gaze-tracked virtual reality},
  author={Patney, Anjul and Salvi, Marco and Kim, Joohwan and Kaplanyan, Anton and Wyman, Chris and Benty, Nir and Luebke, David and Lefohn, Aaron},
  journal={ACM Transactions on Graphics},
  volume={35},
  number={6},
  pages={1--12},
  year={2016}
}
@InProceedings{Ruiz_2018_CVPR_Workshops,
author = {Ruiz, Nataniel and Chong, Eunji and Rehg, James M.},
title = {Fine-Grained Head Pose Estimation Without Keypoints},
booktitle = {Proceedings of the IEEE Conference on Computer Vision and Pattern Recognition (CVPR) Workshops},
month = {June},
year = {2018}
}

@InProceedings{Kendall_2017_CVPR,
author = {Kendall, Alex and Cipolla, Roberto},
title = {Geometric Loss Functions for Camera Pose Regression With Deep Learning},
booktitle = {Proceedings of the IEEE Conference on Computer Vision and Pattern Recognition (CVPR)},
month = {July},
year = {2017}
}
@INPROCEEDINGS{9304573,
  author={Rangesh, Akshay and Zhang, Bowen and Trivedi, Mohan M.},
  booktitle={Proceedings of the IEEE Intelligent Vehicles Symposium (IV)}, 
  title={Driver Gaze Estimation in the Real World: Overcoming the Eyeglass Challenge}, 
  year={2020}}
@InProceedings{Zeisl_2015_ICCV,
author = {Zeisl, Bernhard and Sattler, Torsten and Pollefeys, Marc},
title = {Camera Pose Voting for Large-Scale Image-Based Localization},
booktitle = {Proceedings of the IEEE International Conference on Computer Vision (ICCV)},
month = {December},
year = {2015}
}
@INPROCEEDINGS{9070240,
  author={Lee, Myoung-jae and Ha, Young-guk},
  booktitle={Proceedings of the IEEE International Conference on Big Data and Smart Computing (BigComp)}, 
  title={Autonomous Driving Control Using End-to-End Deep Learning}, 
  year={2020},
  }

@article{zhao2021end,
  title={End-to-End deep reinforcement learning for image-based UAV autonomous control},
  author={Zhao, Jiang and Sun, Jiaming and Cai, Zhihao and Wang, Longhong and Wang, Yingxun},
  journal={Applied Sciences}
}
@article{guo2023scale,
  title={Scale-up: An efficient black-box input-level backdoor detection via analyzing scaled prediction consistency},
  author={Guo, Junfeng and Li, Yiming and Chen, Xun and Guo, Hanqing and Sun, Lichao and Liu, Cong},
  journal={arXiv preprint arXiv:2302.03251},
  year={2023}
}
@inproceedings{Zhang2020ETHXGaze,
  author    = {Xucong Zhang and Seonwook Park and Thabo Beeler and Derek Bradley and Siyu Tang and Otmar Hilliges},
  title     = {ETH-XGaze: A Large Scale Dataset for Gaze Estimation under Extreme Head Pose and Gaze Variation},
  year      = {2020},
  booktitle = {Proceedings of the European Conference on Computer Vision (ECCV)}
}

@INPROCEEDINGS{4357803,
  author={Murphy-Chutorian, Erik and Doshi, Anup and Trivedi, Mohan Manubhai},
  booktitle={2007 IEEE Intelligent Transportation Systems Conference}, 
  title={Head Pose Estimation for Driver Assistance Systems: A Robust Algorithm and Experimental Evaluation}, 
  year={2007}}

  @ARTICLE{8567956,
  author={Borghi, Guido and Fabbri, Matteo and Vezzani, Roberto and Calderara, Simone and Cucchiara, Rita},
  journal={IEEE Transactions on Pattern Analysis and Machine Intelligence}, 
  title={Face-from-Depth for Head Pose Estimation on Depth Images}, 
  year={2020}}

@InProceedings{Li_2021_ICCV,
    author    = {Li, Yuezun and Li, Yiming and Wu, Baoyuan and Li, Longkang and He, Ran and Lyu, Siwei},
    title     = {Invisible Backdoor Attack With Sample-Specific Triggers},
    booktitle = {Proceedings of the IEEE/CVF International Conference on Computer Vision (ICCV)},
    month     = {October},
    year      = {2021}
}

@INPROCEEDINGS{9797338,
  author={Salem, Ahmed and Wen, Rui and Backes, Michael and Ma, Shiqing and Zhang, Yang},
  booktitle={Proceedings of IEEE European Symposium on Security and Privacy (EuroS\&P)}, 
  title={Dynamic Backdoor Attacks Against Machine Learning Models}, 
  year={2022}}

@InProceedings{Zhao_2022_CVPR,
    author    = {Zhao, Zhendong and Chen, Xiaojun and Xuan, Yuexin and Dong, Ye and Wang, Dakui and Liang, Kaitai},
    title     = {DEFEAT: Deep Hidden Feature Backdoor Attacks by Imperceptible Perturbation and Latent Representation Constraints},
    booktitle = {Proceedings of the IEEE/CVF Conference on Computer Vision and Pattern Recognition (CVPR)},
    month     = {June},
    year      = {2022}
}

@InProceedings{Wang_2022_CVPR,
    author    = {Wang, Zhenting and Zhai, Juan and Ma, Shiqing},
    title     = {BppAttack: Stealthy and Efficient Trojan Attacks Against Deep Neural Networks via Image Quantization and Contrastive Adversarial Learning},
    booktitle = {Proceedings of the IEEE/CVF Conference on Computer Vision and Pattern Recognition (CVPR)},
    month     = {June},
    year      = {2022}
}

@INPROCEEDINGS{9869920,
  author={Koffas, Stefanos and Picek, Stjepan and Conti, Mauro},
  booktitle={Proceedings of IEEE International Conference on Artificial Intelligence Circuits and Systems (AICAS)}, 
  title={Dynamic Backdoors with Global Average Pooling}, 
  year={2022}}

@inproceedings{wang2022invisible,
  title={An Invisible Black-Box Backdoor Attack Through Frequency Domain},
  author={Wang, Tong and Yao, Yuan and Xu, Feng and An, Shengwei and Tong, Hanghang and Wang, Ting},
  booktitle={Proceedings of European Conference on Computer Vision (ECCV)},
  year={2022},
}

@INPROCEEDINGS{9747582,
  author={Phan, Huy and Xie, Yi and Liu, Jian and Chen, Yingying and Yuan, Bo},
  booktitle={Proceedings of IEEE International Conference on Acoustics, Speech and Signal Processing (ICASSP)}, 
  title={Invisible and Efficient Backdoor Attacks for Compressed Deep Neural Networks}, 
  year={2022}}

@ARTICLE{9296553,
  author={Xiang, Zhen and Miller, David J. and Kesidis, George},
  journal={IEEE Transactions on Neural Networks and Learning Systems}, 
  title={Detection of Backdoors in Trained Classifiers Without Access to the Training Set}, 
  year={2022},
  volume={33},
  number={3},
  pages={1177-1191},
}

@InProceedings{Guan_2022_CVPR,
    author    = {Guan, Jiyang and Tu, Zhuozhuo and He, Ran and Tao, Dacheng},
    title     = {Few-Shot Backdoor Defense Using Shapley Estimation},
    booktitle = {Proceedings of the IEEE/CVF Conference on Computer Vision and Pattern Recognition (CVPR)},
    month     = {June},
    year      = {2022}
}
@InProceedings{qiao2019defending,
  title={Defending neural backdoors via generative distribution modeling},
  author={Qiao, Ximing and Yang, Yukun and Li, Hai},
  booktitle={Proceedings of the Conference on Advances in neural information processing systems (NeurIPS)},
  year={2019}
}
@inproceedings{gupta2019nose,
  title={Nose, eyes and ears: Head pose estimation by locating facial keypoints},
  author={Gupta, Aryaman and Thakkar, Kalpit and Gandhi, Vineet and Narayanan, PJ},
  booktitle={Proceedings of the IEEE International Conference on Acoustics, Speech and Signal Processing (ICASSP)},
  year={2019}
}
@INPROCEEDINGS{8802997,
  author={Barni, M. and Kallas, K. and Tondi, B.},
  booktitle={2019 IEEE International Conference on Image Processing (ICIP)}, 
  title={A New Backdoor Attack in CNNS by Training Set Corruption Without Label Poisoning}, 
  year={2019},
  }
@inproceedings{liu2020reflection,
  title={Reflection backdoor: A natural backdoor attack on deep neural networks},
  author={Liu, Yunfei and Ma, Xingjun and Bailey, James and Lu, Feng},
  booktitle={Proceedings of European Conference on Computer Vision (ECCV)},
  year={2020}
}
@inproceedings{wu2021adversarial,
  title={Adversarial neuron pruning purifies backdoored deep models},
  author={Wu, Dongxian and Wang, Yisen},
  booktitle={Proceedings of the Conference on Advances in neural information processing systems (NeurIPS)},
  year={2021}
}
@inproceedings{liu2018fine,
  title={Fine-pruning: Defending against backdooring attacks on deep neural networks},
  author={Liu, Kang and Dolan-Gavitt, Brendan and Garg, Siddharth},
  booktitle={International symposium on research in attacks, intrusions, and defenses},
  year={2018},

}
@article{li2021backdoor,
  title={Backdoor attack and defense for deep regression},
  author={Li, Xi and Kesidis, George and Miller, David J and Lucic, Vladimir},
  journal={arXiv preprint arXiv:2109.02381},
  year={2021}
}
@article{howard2017mobilenets,
  title={Mobilenets: Efficient convolutional neural networks for mobile vision applications},
  author={Howard, Andrew G and Zhu, Menglong and Chen, Bo and Kalenichenko, Dmitry and Wang, Weijun and Weyand, Tobias and Andreetto, Marco and Adam, Hartwig},
  journal={arXiv preprint arXiv:1704.04861},
  year={2017}
}
@InProceedings{Krafka_2016_CVPR,
author = {Krafka, Kyle and Khosla, Aditya and Kellnhofer, Petr and Kannan, Harini and Bhandarkar, Suchendra and Matusik, Wojciech and Torralba, Antonio},
title = {Eye Tracking for Everyone},
booktitle = {Proceedings of the IEEE Conference on Computer Vision and Pattern Recognition (CVPR)},
year = {2016}
}
@article{kingma2014adam,
  title={Adam: A method for stochastic optimization},
  author={Kingma, Diederik P and Ba, Jimmy},
  journal={arXiv preprint arXiv:1412.6980},
  year={2014}
}
@InProceedings{CVPR_physical_trigger,
    author    = {Wenger, Emily and Passananti, Josephine and Bhagoji, Arjun Nitin and Yao, Yuanshun and Zheng, Haitao and Zhao, Ben Y.},
    title     = {Backdoor Attacks Against Deep Learning Systems in the Physical World},
    booktitle = {Proceedings of the IEEE/CVF Conference on Computer Vision and Pattern Recognition (CVPR)},
    year      = {2021},

}
@inproceedings{Zheng2020NeurIPS,
  author    = {Yufeng Zheng and Seonwook Park and Xucong Zhang and Shalini De Mello and Otmar Hilliges},
  title     = {Self-Learning Transformations for Improving Gaze and Head Redirection},
  year      = {2020},
  booktitle = {Proceedings of the Neural Information Processing Systems (NeurIPS)}
}
@article{hEYEbrid,
author = {Lander, Christian and l\"{o}chtefeld, Markus and Kr\"{u}ger, Antonio},
title = {hEYEbrid: A hybrid approach for mobile calibration-free gaze estimation},
year = {2018},
journal = {Proceedings of the ACM on Interactive, Mobile, Wearable and Ubiquitous Technologies (IMWUT)},
}
@article{GazeDwellSelection,
author = {Isomoto, Toshiya and Yamanaka, Shota and Shizuki, Buntarou},
title = {Dwell Selection with ML-based Intent Prediction Using Only Gaze Data},
year = {2022},
  journal={Proceedings of the ACM on Interactive, Mobile, Wearable and Ubiquitous Technologies (IMWUT)},
}
@article{imon,
author = {Huynh, Sinh and Balan, Rajesh Krishna and Ko, JeongGil},
title = {iMon: Appearance-based Gaze Tracking System on Mobile Devices},
year = {2022},
  journal={Proceedings of the ACM on Interactive, Mobile, Wearable and Ubiquitous Technologies (IMWUT)},
}
@inproceedings{FischerECCV2018,
author = {Tobias Fischer and Hyung Jin Chang and Yiannis Demiris},
title = {{RT-GENE: Real-Time Eye Gaze Estimation in Natural Environments}},
booktitle = {Proceedings of European Conference on Computer Vision (ECCV)},
year = {2018},
}
@article{GazeGesture,
author = {Li, Yinghui and Cao, Zhichao and Wang, Jiliang},
title = {Gazture: Design and Implementation of a Gaze based Gesture Control System on Tablets},
year = {2017},
  journal={Proceedings of the ACM on Interactive, Mobile, Wearable and Ubiquitous Technologies (IMWUT)},
}
@article{GazeChild,
author = {Chong, Eunji and Chanda, Katha and Ye, Zhefan and Southerland, Audrey and Ruiz, Nataniel and Jones, Rebecca M. and Rozga, Agata and Rehg, James M.},
title = {Detecting Gaze Towards Eyes in Natural Social Interactions and Its Use in Child Assessment},
year = {2017},
publisher = {Association for Computing Machinery},
  journal={Proceedings of the ACM on Interactive, Mobile, Wearable and Ubiquitous Technologies (IMWUT)},
}
@article{GazeParallaxCorrection,
author = {Khamis, Mohamed and Buschek, Daniel and Thieron, Tobias and Alt, Florian and Bulling, Andreas},
title = {EyePACT: Eye-Based Parallax Correction on Touch-Enabled Interactive Displays},
year = {2018},
  journal={Proceedings of the ACM on Interactive, Mobile, Wearable and Ubiquitous Technologies (IMWUT)},
}
@article{hansen2009eye,
  title={In the eye of the beholder: A survey of models for eyes and gaze},
  author={Hansen, Dan Witzner and Ji, Qiang},
  journal={IEEE Transactions on Pattern Analysis and Machine Intelligence (TPAMI)},
  volume={32},
  number={3},
  pages={478--500},
  year={2009},
  publisher={IEEE}
}

@inproceedings{khamis2018past,
  title={The past, present, and future of gaze-enabled handheld mobile devices: Survey and lessons learned},
  author={Khamis, Mohamed and Alt, Florian and Bulling, Andreas},
  booktitle={Proceedings of the 20th International Conference on Human-Computer Interaction with Mobile Devices and Services (MobileHCI)},
  year={2018}
}

@article{zhang2018continuous,
  title={Continuous authentication using eye movement response of implicit visual stimuli},
  author={Zhang, Yongtuo and Hu, Wen and Xu, Weitao and Chou, Chun Tung and Hu, Jiankun},
  journal={Proceedings of the ACM on Interactive, Mobile, Wearable and Ubiquitous Technologies (IMWUT)},
  year={2018},
}

@inproceedings{marwecki2019mise,
  title={Mise-unseen: Using eye tracking to hide virtual reality scene changes in plain sight},
  author={Marwecki, Sebastian and Wilson, Andrew D and Ofek, Eyal and Gonzalez Franco, Mar and Holz, Christian},
  booktitle={Proceedings of the 32nd Annual ACM Symposium on User Interface Software and Technology (UIST)},
  year={2019}
}

@inproceedings{lu2015combining,
  title={Combining Eye Movements and {EEG} to Enhance Emotion Recognition.},
  author={Lu, Yifei and Zheng, Wei-Long and Li, Binbin and Lu, Bao-Liang},
  booktitle={Proceedings of the International Joint Conferences on Artificial Intelligence},
  year={2015},
}

@article{guestrin2006general,
  title={General theory of remote gaze estimation using the pupil center and corneal reflections},
  author={Guestrin, Elias Daniel and Eizenman, Moshe},
  journal={IEEE Transactions on Biomedical Engineering},
  volume={53},
  number={6},
  pages={1124--1133},
  year={2006},
  publisher={IEEE}
}
@inproceedings{nakazawa2012point,
  title={Point of gaze estimation through corneal surface reflection in an active illumination environment},
  author={Nakazawa, Atsushi and Nitschke, Christian},
  booktitle={Proceedings of the European Conference on Computer Vision (ECCV)},
  year={2012}
}
@article{zhu2007novel,
  title={Novel eye gaze tracking techniques under natural head movement},
  author={Zhu, Zhiwei and Ji, Qiang},
  journal={IEEE Transactions on Biomedical Engineering},
  volume={54},
  number={12},
  pages={2246--2260},
  year={2007},
  publisher={IEEE}
}
@inproceedings{zhang2015appearance,
  title={Appearance-based gaze estimation in the wild},
  author={Zhang, Xucong and Sugano, Yusuke and Fritz, Mario and Bulling, Andreas},
  booktitle={Proceedings of the IEEE Conference on Computer Vision and Pattern Recognition (CVPR)},
  year={2015}
}
@inproceedings{tan2002appearance,
  title={Appearance-based eye gaze estimation},
  author={Tan, Kar-Han and Kriegman, David J and Ahuja, Narendra},
  booktitle={Proceedings of Sixth IEEE Workshop on Applications of Computer Vision (WACV)},
  year={2002}
}

@inproceedings{zhang17_cvprw,
  title = {It's Written All Over Your Face: Full-Face Appearance-Based Gaze Estimation},
  author = {Zhang, Xucong and Sugano, Yusuke and Fritz, Mario and Bulling, Andreas},
  booktitle = {Proceedings of IEEE Conference on Computer Vision and Pattern Recognition Workshops (CVPRW)},
  year={2017}
}
@inproceedings{xu2023towards,
  title={Towards Reliable and Efficient Backdoor Trigger Inversion via Decoupling Benign Features},
  author={Xu, Xiong and Huang, Kunzhe and Li, Yiming and Qin, Zhan and Ren, Kui},
  booktitle={Proceedings of the International Conference on Learning Representations (ICLR)},
  year={2024}
}
@inproceedings{lan2020gazegraph,
  title={{GazeGraph}: Graph-based few-shot cognitive context sensing from human visual behavior},
  author={Lan, Guohao and Heit, Bailey and Scargill, Tim and Gorlatova, Maria},
  booktitle={Proceedings of the 18th Conference on Embedded Networked Sensor Systems (SenSys)},
  year={2020}
}
@INPROCEEDINGS{EyeSyn,
  author={Lan, Guohao and Scargill, Tim and Gorlatova, Maria},
  booktitle={Proceedings of the 21st ACM/IEEE International Conference on Information Processing in Sensor Networks (IPSN)}, 
  title={{EyeSyn}: Psychology-inspired Eye Movement Synthesis for Gaze-based Activity Recognition}, 
  year={2022}
}
@article{srivastava2018combining,
  title={Combining low and mid-level gaze features for desktop activity recognition},
  author={Srivastava, Namrata and Newn, Joshua and Velloso, Eduardo},
  journal={Proceedings of the ACM on Interactive, Mobile, Wearable and Ubiquitous Technologies (IMWUT)},
  year={2018},
  publisher={ACM New York, NY, USA}
}
@article{GazeAttention,
author = {Abdelrahman, Yomna and Khan, Anam Ahmad and Newn, Joshua and Velloso, Eduardo and Safwat, Sherine Ashraf and Bailey, James and Bulling, Andreas and Vetere, Frank and Schmidt, Albrecht},
title = {Classifying Attention Types with Thermal Imaging and Eye Tracking},
year = {2019},
issue_date = {September 2019},
journal={Proceedings of the ACM on Interactive, Mobile, Wearable and Ubiquitous Technologies (IMWUT)},
}
@article{GazeReading,
author = {Qi, Xiangyao and Lu, Qi and Pan, Wentao and Zhao, Yingying and Zhu, Rui and Dong, Mingzhi and Chang, Yuhu and Lv, Qin and Dick, Robert P. and Yang, Fan and Lu, Tun and Gu, Ning and Shang, Li},
title = {CASES: A Cognition-Aware Smart Eyewear System for Understanding How People Read},
year = {2023},
issue_date = {September 2023},
  journal={Proceedings of the ACM on Interactive, Mobile, Wearable and Ubiquitous Technologies (IMWUT)},
}
@article{GazeELearning,
author = {Zhu, Rongrong and Shi, Liang and Song, Yunpeng and Cai, ZhongMin},
title = {Integrating Gaze and Mouse Via Joint Cross-Attention Fusion Net for Students' Activity Recognition in E-learning},
year = {2023},
issue_date = {September 2023},
  journal={Proceedings of the ACM on Interactive, Mobile, Wearable and Ubiquitous Technologies (IMWUT)},
}
@article{PupilNet,
author = {Wangwiwattana, Chatchai and Ding, Xinyi and Larson, Eric C.},
title = {PupilNet, Measuring Task Evoked Pupillary Response using Commodity RGB Tablet Cameras: Comparison to Mobile, Infrared Gaze Trackers for Inferring Cognitive Load},
year = {2018},
issue_date = {December 2017},
  journal={Proceedings of the ACM on Interactive, Mobile, Wearable and Ubiquitous Technologies (IMWUT)},
}
@article{GazeContext,
author = {Meyer, Johannes and Frank, Adrian and Schlebusch, Thomas and Kasneci, Enkeljeda},
title = {A CNN-based Human Activity Recognition System Combining a Laser Feedback Interferometry Eye Movement Sensor and an {IMU} for Context-aware Smart Glasses},
year = {2022},
issue_date = {Dec 2021},
  journal={Proceedings of the ACM on Interactive, Mobile, Wearable and Ubiquitous Technologies (IMWUT)},
}
@article{cueauth,
author = {Khamis, Mohamed and Trotter, Ludwig and M\"{a}kel\"{a}, Ville and Zezschwitz, Emanuel von and Le, Jens and Bulling, Andreas and Alt, Florian},
title = {CueAuth: Comparing Touch, Mid-Air Gestures, and Gaze for Cue-based Authentication on Situated Displays},
year = {2018},
issue_date = {December 2018},
  journal={Proceedings of the ACM on Interactive, Mobile, Wearable and Ubiquitous Technologies (IMWUT)},
}

@inproceedings{wenger2021backdoor,
  title={Backdoor attacks against deep learning systems in the physical world},
  author={Wenger, Emily and Passananti, Josephine and Bhagoji, Arjun Nitin and Yao, Yuanshun and Zheng, Haitao and Zhao, Ben Y},
  booktitle={Proceedings of the IEEE/CVF Conference on Computer Vision and Pattern Recognition (CVPR)},
  year={2021}
}

@article{VREED,
author = {Tabbaa, Luma and Searle, Ryan and Bafti, Saber Mirzaee and Hossain, Md Moinul and Intarasisrisawat, Jittrapol and Glancy, Maxine and Ang, Chee Siang},
title = {{VREED}: Virtual Reality Emotion Recognition Dataset Using Eye Tracking \& Physiological Measures},
year = {2022},
issue_date = {Dec 2021},
  journal={Proceedings of the ACM on Interactive, Mobile, Wearable and Ubiquitous Technologies (IMWUT)},
}
@article{GazeAttentionAR,
author = {Vortmann, Lisa-Marie and Putze, Felix},
title = {Exploration of Person-Independent BCIs for Internal and External Attention-Detection in Augmented Reality},
year = {2021},
issue_date = {June 2021},
  journal={Proceedings of the ACM on Interactive, Mobile, Wearable and Ubiquitous Technologies (IMWUT)},
}

@article{SwiVR,
author = {Colley, Mark and Jansen, Pascal and Rukzio, Enrico and Gugenheimer, Jan},
title = {SwiVR-Car-Seat: Exploring Vehicle Motion Effects on Interaction Quality in Virtual Reality Automated Driving Using a Motorized Swivel Seat},
year = {2022},
issue_date = {Dec 2021},
  journal={Proceedings of the ACM on Interactive, Mobile, Wearable and Ubiquitous Technologies (IMWUT)},
}

@article{wilsonGazeAR,
author = {Wilson, Justin C. and Nair, Suku and Scielzo, Sandro and Larson, Eric C.},
title = {Objective Measures of Cognitive Load Using Deep Multi-Modal Learning: A Use-Case in Aviation},
year = {2021},
issue_date = {March 2021},
  journal={Proceedings of the ACM on Interactive, Mobile, Wearable and Ubiquitous Technologies (IMWUT)},
}
@misc{gazeTracking,
  title = {Gaze Estimation Models},
  year = {2024},
  note = {\url{https://github.com/search?q=gaze+tracking}}
}
@misc{facerecognition,
  title = {Face Recognition Models},
  year = {2024},
  note = {\url{https://github.com/ageitgey/face_recognition}}
}
@misc{imagenet,
  title = {Image Classification Models},
  year = {2022},
  note = {\url{https://github.com/qubvel/classification_models}}
}
@misc{tao,
  title = {NVIDIA TAO Toolkit},
  year = {2024},
  note = {\url{https://developer.nvidia.com/tao-toolkit}}
}
@InProceedings{Li_2021_ICCV_ISSA,
    author    = {Li, Yuezun and Li, Yiming and Wu, Baoyuan and Li, Longkang and He, Ran and Lyu, Siwei},
    title     = {Invisible Backdoor Attack With Sample-Specific Triggers},
    booktitle = {Proceedings of the IEEE/CVF International Conference on Computer Vision (ICCV)},
    month     = {October},
    year      = {2021},
    pages     = {16463-16472}
}

@InProceedings{Tancik_2020_CVPR,
author = {Tancik, Matthew and Mildenhall, Ben and Ng, Ren},
title = {StegaStamp: Invisible Hyperlinks in Physical Photographs},
booktitle = {Proceedings of the IEEE/CVF Conference on Computer Vision and Pattern Recognition (CVPR)},
month = {June},
year = {2020}
}

@article{li2021neural,
  title={Neural attention distillation: Erasing backdoor triggers from deep neural networks},
  author={Li, Yige and Lyu, Xixiang and Koren, Nodens and Lyu, Lingjuan and Li, Bo and Ma, Xingjun},
  journal={arXiv preprint arXiv:2101.05930},
  year={2021}
}


@InProceedings{RNP,
  title={Reconstructive Neuron Pruning for Backdoor Defense},
  author={Li, Yige and Lyu, Xixiang and Ma, Xingjun and Koren, Nodens and Lyu, Lingjuan and Li, Bo and Jiang, Yu-Gang},
  booktitle={Proceedings of the 40th International Conference on Machine Learning},
  year={2023},
  series={Proceedings of Machine Learning Research},
}
@article{Biwi,
  author = {Fanelli, Gabriele and Dantone, Matthias and Gall, Juergen and Fossati, Andrea and Van Gool, Luc},
  title = {Random Forests for Real Time 3D Face Analysis},
  journal = { International Journal of Computer Vision},
  year = {2013},
  month = {February},
  volume = {101},
  number = {3},
  pages = {437--458}
}

@InProceedings{Pandora,
author = {Borghi, Guido and Venturelli, Marco and Vezzani, Roberto and Cucchiara, Rita},
title = {POSEidon: Face-From-Depth for Driver Pose Estimation},
booktitle = {Proceedings of the IEEE Conference on Computer Vision and Pattern Recognition (CVPR)},
month = {July},
year = {2017}
}

@inproceedings{hueber2020headbang,
  title={Headbang: Using head gestures to trigger discrete actions on mobile devices},
  author={Hueber, Sebastian and Cherek, Christian and Wacker, Philipp and Borchers, Jan and Voelker, Simon},
  booktitle={Proceedings of the 22nd International Conference on Human-Computer Interaction with Mobile Devices and Services (MobileHCI)},
  pages={1--10},
  year={2020}
}

@inproceedings{crossan2009head,
  title={Head tilting for interaction in mobile contexts},
  author={Crossan, Andrew and McGill, Mark and Brewster, Stephen and Murray-Smith, Roderick},
  booktitle={Proceedings of the 11th International Conference on Human-Computer Interaction with Mobile Devices and Services (MobileHCI)},
  pages={1--10},
  year={2009}
}

@inproceedings{wang2022faceori,
  title={Faceori: Tracking head position and orientation using ultrasonic ranging on earphones},
  author={Wang, Yuntao and Ding, Jiexin and Chatterjee, Ishan and Salemi Parizi, Farshid and Zhuang, Yuzhou and Yan, Yukang and Patel, Shwetak and Shi, Yuanchun},
  booktitle={Proceedings of the 2022 CHI Conference on Human Factors in Computing Systems (CHI)},
  pages={1--12},
  year={2022}
}

@inproceedings{liang2021auth,
  title={Auth+ track: Enabling authentication free interaction on smartphone by continuous user tracking},
  author={Liang, Chen and Yu, Chun and Wei, Xiaoying and Xu, Xuhai and Hu, Yongquan and Wang, Yuntao and Shi, Yuanchun},
  booktitle={Proceedings of the 2021 CHI Conference on Human Factors in Computing Systems (CHI)},
  pages={1--16},
  year={2021}
}

@inproceedings{ProductRecommendation,
author = {Shahriar, A. B. M. Fahim and Moon, Mahedee Zaman and Mahmud, Hasan and Hasan, Kamrul},
title = {Online Product Recommendation System by Using Eye Gaze Data},
year = {2020},
booktitle = {Proceedings of the International Conference on Computing Advancements},
}

@article{jaiswal2019intelligent,
  title={An intelligent recommendation system using gaze and emotion detection},
  author={Jaiswal, Saurabh and Virmani, Shubham and Sethi, Vishal and De, Kanjar and Roy, Partha Pratim},
  journal={Multimedia Tools and Applications},
  volume={78},
  pages={14231--14250},
  year={2019},
  publisher={Springer}
}

@inproceedings{tiwari2015suspicious,
  title={Suspicious face detection based on eye and other facial features movement monitoring},
  author={Tiwari, Chandan and Hanmandlu, Madasu and Vasikarla, Shantaram},
  booktitle={2015 IEEE Applied Imagery Pattern Recognition Workshop (AIPR)},
  year={2015},
}

@inproceedings{furtado2024real,
  title={Real-Time ATM Booth Suspicious Behavior Monitoring System},
  author={Furtado, Ashlin and Sayed, Rehan and Nooli, Arvin and Radhakrishna, Sriram and Oruganti, Rishabh and Venugopal, N},
  booktitle={International Conference on Smart Computing and Communication},
  year={2024},
}

@article{tejaswi2023proctor,
  title={Proctor net: An AI framework for suspicious activity detection in online proctored examinations},
  author={Tejaswi, Potluri and Venkatramaphanikumar, S and Kishore, K Venkata Krishna},
  journal={Measurement},
  volume={206},
  pages={112266},
  year={2023},
  publisher={Elsevier}
}
@INPROCEEDINGS{MSSSIM,
  author={Wang, Z. and Simoncelli, E.P. and Bovik, A.C.},
  booktitle={Proceedings of the Thrity-Seventh Asilomar Conference on Signals, Systems \& Computers}, 
  title={Multiscale structural similarity for image quality assessment}, 
volume={2},
  pages={1398--1402},
  year={2003}
}
@InProceedings{chen2022effective,
  title={Effective backdoor defense by exploiting sensitivity of poisoned samples},
  author={Chen, Weixin and Wu, Baoyuan and Wang, Haoqian},
  booktitle={Advances in Neural Information Processing Systems},
  year={2022}
}
@article{xu2021vulnerability,
  title={Vulnerability of appearance-based gaze estimation},
  author={Xu, Mingjie and Wang, Haofei and Liu, Yunfei and Lu, Feng},
  journal={arXiv preprint arXiv:2103.13134},
  year={2021}
}
@article{goodfellow2014explaining,
  title={Explaining and harnessing adversarial examples},
  author={Goodfellow, Ian J and Shlens, Jonathon and Szegedy, Christian},
  journal={arXiv preprint arXiv:1412.6572},
  year={2014}
}
@inproceedings{liu2020reflection,
  title={Reflection backdoor: A natural backdoor attack on deep neural networks},
  author={Liu, Yunfei and Ma, Xingjun and Bailey, James and Lu, Feng},
  booktitle={Computer Vision--ECCV 2020: 16th European Conference, Glasgow, UK, August 23--28, 2020, Proceedings, Part X 16},
  year={2020},
}
@article{abrams1989speed,
  title={Speed and accuracy of saccadic eye movements: characteristics of impulse variability in the oculomotor system.},
  author={Abrams, Richard A and Meyer, David E and Kornblum, Sylvan},
  journal={Journal of Experimental Psychology: Human Perception and Performance},
  volume={15},
  number={3},
  pages={529},
  year={1989},
}
@INPROCEEDINGS{huang2022backdoor,
  title={Backdoor defense via decoupling the training process},
  author={Huang, Kunzhe and Li, Yiming and Wu, Baoyuan and Qin, Zhan and Ren, Kui},
  booktitle = {Proceedings of the International Conference on Learning Representations (ICLR)},
  year={2022}
}
@InProceedings{wang_handpose,
author = {Wan, Chengde and Probst, Thomas and Van Gool, Luc and Yao, Angela},
title = {Dense 3D Regression for Hand Pose Estimation},
booktitle = {Proceedings of the IEEE Conference on Computer Vision and Pattern Recognition (CVPR)},
month = {June},
year = {2018}
}
@InProceedings{Moreno_human_pose,
author = {Moreno-Noguer, Francesc},
title = {3D Human Pose Estimation From a Single Image via Distance Matrix Regression},
booktitle = {Proceedings of the IEEE Conference on Computer Vision and Pattern Recognition (CVPR)},
month = {July},
year = {2017}
}
@inproceedings{li2017towards,
  title={Towards measuring and inferring user interest from gaze},
  author={Li, Yixuan and Xu, Pingmei and Lagun, Dmitry and Navalpakkam, Vidhya},
  booktitle={Proceedings of the 26th International Conference on World Wide Web Companion},
  pages={525--533},
  year={2017}
}
@incollection{bulling2019pervasive,
  title={Pervasive eye-tracking for real-world consumer behavior analysis},
  author={Bulling, Andreas and Wedel, Michel},
  booktitle={A handbook of process tracing methods},
  pages={27--44},
  year={2019},
  publisher={Routledge}
}
@article{orquin2021visual,
  title={The visual environment and attention in decision making.},
  author={Orquin, Jacob L and Lahm, Erik S and Stoji{\'c}, Hrvoje},
  journal={Psychological Bulletin},
  volume={147},
  number={6},
  pages={597},
  year={2021},
  publisher={American Psychological Association}
}
@article{xue2021backdoors,
  title={Backdoors hidden in facial features: A novel invisible backdoor attack against face recognition systems},
  author={Xue, Mingfu and He, Can and Wang, Jian and Liu, Weiqiang},
  journal={Peer-to-Peer Networking and Applications},
  volume={14},
  pages={1458--1474},
  year={2021},
  publisher={Springer}
}
@InProceedings{Feng_2023_CVPR,
    author    = {Feng, Shiwei and Tao, Guanhong and Cheng, Siyuan and Shen, Guangyu and Xu, Xiangzhe and Liu, Yingqi and Zhang, Kaiyuan and Ma, Shiqing and Zhang, Xiangyu},
    title     = {Detecting Backdoors in Pre-Trained Encoders},
    booktitle = {Proceedings of the IEEE/CVF Conference on Computer Vision and Pattern Recognition (CVPR)},
    month     = {June},
    year      = {2023}
}
@inproceedings{deng2009imagenet,
  title={Imagenet: A large-scale hierarchical image database},
  author={Deng, Jia and Dong, Wei and Socher, Richard and Li, Li-Jia and Li, Kai and Fei-Fei, Li},
  booktitle={Proceedings of the IEEE/CVF Conference on Computer Vision and Pattern Recognition (CVPR)},
  pages={248--255},
  year={2009},
}