@inproceedings{bueno2023datasets,
 title={Datasets for Artificial Intelligence in Education: The Case of Children with Neurodevelopmental Disorders},
 author={Bueno, Marcos LP and Thill, Serge},
 booktitle={International Conference in Methodologies and intelligent Systems for Techhnology Enhanced Learning},
 pages={70--77},
 year={2023},
 organization={Springer}
}

@inproceedings{costescu2020development,
 title={Development of a technological screening platform for children},
 author={Costescu, Cristina and Rosan, Adrian and Petru, Alina and Thill, Serge and Stefanut, Teodor and Heldal, Ilona and Kovari, Attila and Katona, Jozsef and Demeter, Robert},
 booktitle={2020 11th IEEE International Conference on Cognitive Infocommunications (CogInfoCom)},
 pages={000453--000458},
 year={2020},
 organization={IEEE}
}

@inproceedings{daehlen2024towards,
 title={Towards More Accurate Help: Informing Teachers how to Support NDD Children by Serious Games and Eye Tracking Technologies},
 author={D{\ae}hlen, Are and Heldal, Ilona and Rehman, Abdul and Ali, Qasim and Katona, Jozsef and K{\H{o}}v{\'a}ri, Attila and Stefanut, Teodor and Ferreira, Paula Da Costa and Costescu, Cristina},
 booktitle={Proceedings of the 2024 Symposium on Eye Tracking Research and Applications},
 pages={1--7},
 year={2024}
}

@article{thill2022modelling,
 title={From Modelling to Understanding Children's Behaviour in the Context of Robotics and Social Artificial Intelligence},
 author={Thill, Serge and Charisi, Vicky and Belpaeme, Tony and Paiva, Ana},
 journal={arXiv preprint arXiv:2210.11161},
 year={2022}
}

