@inproceedings{costescu2023mushroom,
 title={Mushroom Hunters: A Digital Game for Assessing and Training Sustained Attention in Children with Neurodevelopmental Disorders},
 author={Costescu, Cristina and David, Carmen and Ro»ôan, Adrian and Ferreira, Paula and Ferreira, Aristides and Vera, Lucia and Herrera, Gerardo},
 booktitle={International Conference in Methodologies and intelligent Systems for Techhnology Enhanced Learning},
 pages={78--86},
 year={2023},
 organization={Springer}
}
@inproceedings{ali2023towards,
  title = {Towards a Framework for Visualization and Analysis of Eye Tracking Data for Functional Vision Screening},
  author = {Ali, Qasim and Heldal, Ilona and Helgesen, Carsten G.},
  booktitle = {Proceedings of the 3rd International Health Data Workshop (HEDA 2023)},
  series = {CEUR Workshop Proceedings},
  volume = {3440},
  year = {2023},
  pages = {3-12},
  url = {https://ceur-ws.org/Vol-3440/paper3.pdf},
  publisher = {CEUR-WS.org}
}

@article{song2022application,
 title={Application and research progress of machine learning in the diagnosis and treatment of neurodevelopmental disorders in children},
 author={Song, Chao and Jiang, Zhong-Quan and Liu, Dong and Wu, Ling-Ling},
 journal={Frontiers in psychiatry},
 volume={13},
 pages={960672},
 year={2022},
 publisher={Frontiers Media SA}
}
@inproceedings{bueno2023datasets,
 title={Datasets for Artificial Intelligence in Education: The Case of Children with Neurodevelopmental Disorders},
 author={Bueno, Marcos LP and Thill, Serge},
 booktitle={International Conference in Methodologies and intelligent Systems for Techhnology Enhanced Learning},
 pages={70--77},
 year={2023},
 organization={Springer}
}

@misc{joana,
 author = {Joana, Campos and Marcos, Bueno and Serge, Thill and Ana, Paiva},
 title = {Algorithm Features and Abilities, 2022. Public deliverable that can be sent with request},
 year = {2024},
 url = {https://project-empower.eu/},
 note = {Accessed: 2024-11-02}
}

@article{thill2022modelling,
 title={From Modelling to Understanding Children's Behaviour in the Context of Robotics and Social Artificial Intelligence},
 author={Thill, Serge and Charisi, Vicky and Belpaeme, Tony and Paiva, Ana},
 journal={arXiv preprint arXiv:2210.11161},
 year={2022}
}
@inproceedings{costescu2020development,
 title={Development of a technological screening platform for children},
 author={Costescu, Cristina and Rosan, Adrian and Petru, Alina and Thill, Serge and Stefanut, Teodor and Heldal, Ilona and Kovari, Attila and Katona, Jozsef and Demeter, Robert},
 booktitle={2020 11th IEEE International Conference on Cognitive Infocommunications (CogInfoCom)},
 pages={000453--000458},
 year={2020},
 organization={IEEE}
}
@inproceedings{daehlen2024towards,
 title={Towards More Accurate Help: Informing Teachers how to Support NDD Children by Serious Games and Eye Tracking Technologies},
 author={D{\ae}hlen, Are and Heldal, Ilona and Rehman, Abdul and Ali, Qasim and Katona, Jozsef and K{\H{o}}v{\'a}ri, Attila and Stefanut, Teodor and Ferreira, Paula Da Costa and Costescu, Cristina},
 booktitle={Proceedings of the 2024 Symposium on Eye Tracking Research and Applications},
 pages={1--7},
 year={2024}
}
@article{zavadenko2023neurodevelopmental,
 title={Neurodevelopmental Disorders in Children: Neuroplasticity and the Possibilities of Nootropic Pharmacotherapy},
 author={Zavadenko, NN},
 journal={Neurochemical Journal},
 volume={17},
 number={2},
 pages={202--210},
 year={2023},
 publisher={Springer}
}
@article{yu2023openndd,
 title={OpenNDD: Open Set Recognition for Neurodevelopmental Disorders Detection},
 author={Yu, Jiaming and Guan, Zihao and Chang, Xinyue and Liu, Xiumei and Shi, Zhenshan and Yang, Changcai and Chen, Riqing and Xue, Lanyan and Wei, Lifang},
 journal={arXiv preprint arXiv:2306.16045},
 year={2023}
}
@article{gogineni2023neurodevelopmental,
 title={Neurodevelopmental Disorders},
 author={Gogineni, Rama Rao and Joshi, Prasad and Rostain, Anthony},
 journal={The WASP Textbook on Social Psychiatry: Historical, Developmental, Cultural, and Clinical Perspectives},
 pages={289},
 year={2023},
 publisher={Oxford University Press}
}
@inproceedings{antolini2023neurodevelopmental,
 title={Where Do Neurodevelopmental Disorders Go? Casting the Eye Away from Childhood towards Adulthood},
 author={Antolini, Giulia and Colizzi, Marco},
 booktitle={Healthcare},
 volume={11},
 number={7},
 pages={1015},
 year={2023},
 organization={MDPI}
}
@inproceedings{mumenin2023diagnosis,
 title={Diagnosis of Autism Spectrum Disorder Through Eye Movement Tracking Using Deep Learning},
 author={Mumenin, Nasirul and Islam, Md Farhadul and Chowdhury, Md Reasad Zaman and Yousuf, Mohammad Abu},
 booktitle={Proceedings of International Conference on Information and Communication Technology for Development: ICICTD 2022},
 pages={251--262},
 year={2023},
 organization={Springer}
}
@inproceedings{chung2022newborn,
 title={Newborn screening for neurodevelopmental diseases: Are we there yet?},
 author={Chung, Wendy K and Berg, Jonathan S and Botkin, Jeffrey R and Brenner, Steven E and Brosco, Jeffrey P and Brothers, Kyle B and Currier, Robert J and Gaviglio, Amy and Kowtoniuk, Walter E and Olson, Colleen and others},
 booktitle={American Journal of Medical Genetics Part C: Seminars in Medical Genetics},
 volume={190},
 number={2},
 pages={222--230},
 year={2022},
 organization={Wiley Online Library}
}
@inproceedings{gupta2023ai,
 title={AI-Based Techniques for the Detection of Neuro-Developmental Disorders: A Survey},
 author={Gupta, Arshia and Malhotra, Deepti},
 booktitle={2023 6th International Conference on Information Systems and Computer Networks (ISCON)},
 pages={1--5},
 year={2023},
 organization={IEEE}
}
@article{alcaniz2022eye,
 title={Eye gaze as a biomarker in the recognition of autism spectrum disorder using virtual reality and machine learning: A proof of concept for diagnosis},
 author={Alca{\~n}iz, Mariano and Chicchi-Giglioli, Irene Alice and Carrasco-Ribelles, Luc{\'\i}a A and Mar{\'\i}n-Morales, Javier and Minissi, Maria Eleonora and Teruel-Garc{\'\i}a, Gonzalo and Sirera, Marian and Abad, Luis},
 journal={Autism Research},
 volume={15},
 number={1},
 pages={131--145},
 year={2022},
 publisher={Wiley Online Library}
}
@inproceedings{kollias2022autism,
 title={Autism detection in High-Functioning Adults with the application of Eye-Tracking technology and Machine Learning},
 author={Kollias, Konstantinos-Filippos and Syriopoulou-Delli, Christine K and Sarigiannidis, Panagiotis and Fragulis, George F},
 booktitle={2022 11th International Conference on Modern Circuits and Systems Technologies (MOCAST)},
 pages={1--4},
 year={2022},
 organization={IEEE}
}
@incollection{bucur2024federated,
 title={Federated Learning and Explainable AI in Healthcare},
 author={Bucur, Anca and Manni, Francesca and Bukharev, Aleksandr and Moorthy, Shiva and Mendez, Nancy Irisarri and Jain, Anshul},
 booktitle={Explainable AI in Healthcare},
 pages={279--294},
 year={2024},
 publisher={Chapman and Hall/CRC}
}