@string{ijcars = {Int. Journal of Computer Assisted Radiology and Surgery (IJCARS)}}

@string{spie={SPIE Med. Img.: Img. Processing}}

@string{isbi={Proc. IEEE Int. Symposium on Biomed. Img. (ISBI)}}

@string{iros={Int. Conf. on Intelligent Robots and Systems (IROS)}}

@string{icra={Proc. IEEE Int. Conf. on Robotics and Automation (ICRA)}}

@string{mva={Machine Vision and Applications}}

@string{miccai={MICCAI}}

@string{bmvc = {British Machine Vision Conf. (BMVC)}}

@string{cviu = {Computer Vision and Img. Understanding (CVIU)}}

@string{cvpr = {IEEE/CVF CVPR}}

@string{accv = {Asian Conf. on Computer Vision (ACCV)}}

@string{eccv = {European Conf. on Computer Vision (ECCV)}}

@string{iccv = {IEEE/CVF Int. Conf. on Computer Vision (ICCV)}}

@string{ijcv = {Int. Journal of Computer Vision (IJCV)}}

@string{nips = {Neural Information Processig Systems (NIPS)}}

@string{tmi = {IEEE Transactions on Med. Img. (TMI)}}

@string{media = {Med. Img. Analysis}}

@string{pami = {IEEE Transactions on Pattern Analysis and Machine Intelligence (TPAMI)}}

@string{pr = {Pattern Recognition}}

@string{siggraph = {ACM SIGGRAPH}}

@string{sma = {IEEE Int. Conf. on Shape Modeling and Applications (SMI)}}

@string{ijsm = {Int. Journal of Shape Modelling}}

@string{smi = {Proc. of Shape Modeling Int.}}

@string{cad = {Computer-Aided Design}}

@string{pnas = {Proc. of the National Academy of Sciences of the United States of America (PNAS)}}

@string{icml = {Int. Conf. on Mach. Learning (ICML)}}

@string{eurographics = {Eurographics}}

@string{tvcg = {IEEE Transactions on Visualization and Computer Graphics}}

@string{sgp = {Eurographics Symposium on Geometry Processing (SGP)}}

@string{ivc = {Img. and Vision Computing}}

@string{lncs = {Lecture Notes in Computer Science}}

@string{icpr = {Int. Conf. on Pattern Recognition (ICPR)}}

@string{acha = {Applied and Computational Harmonic Analysis}}

@string{colt = {Proc. of the Annual Conf. on Learning Theory}}

@string{aistats = {Artificial Intelligence and Statistics}}

@string{wacv ={IEEE/CVF Int Workshop WACV}},

@string{wmvc ={IEEE Workshop on Motion and Video Computing, (WACV/WMVC)}},

@string{dpvt = {Int. Symposium on 3D Data Processing, Visualization and Transmission}},

@string{ar = {Academ. Radiology}}


@string{sci-rep = {Sci. Reports}}