@ARTICLE{10675394,
  author={Gu, Shangding and Yang, Long and Du, Yali and Chen, Guang and Walter, Florian and Wang, Jun and Knoll, Alois},
  journal={IEEE Transactions on Pattern Analysis and Machine Intelligence}, 
  title={A Review of Safe Reinforcement Learning: Methods, Theories, and Applications}, 
  year={2024},
  volume={46},
  number={12},
  pages={11216-11235}}

@INPROCEEDINGS{8793611,
  author={Lütjens, Björn and Everett, Michael and How, Jonathan P.},
  booktitle={2019 International Conference on Robotics and Automation (ICRA)}, 
  title={Safe Reinforcement Learning With Model Uncertainty Estimates}, 
  year={2019},
  volume={},
  number={},
  pages={8662-8668}}

@INPROCEEDINGS{9116288,
  author={Rottmann, Matthias and Maag, Kira and Chan, Robin and Hüger, Fabian and Schlicht, Peter and Gottschalk, Hanno},
  booktitle={2020 Design, Automation \& Test in Europe Conference \& Exhibition (DATE)}, 
  title={Detection of False Positive and False Negative Samples in Semantic Segmentation}, 
  year={2020},
  volume={},
  number={},
  pages={1351-1356}}

@InProceedings{Cen_2021_ICCV,
    author    = {Cen, Jun and Yun, Peng and Cai, Junhao and Wang, Michael Yu and Liu, Ming},
    title     = {Deep Metric Learning for Open World Semantic Segmentation},
    booktitle = {Proceedings of the IEEE/CVF International Conference on Computer Vision (ICCV)},
    month     = {October},
    year      = {2021},
    pages     = {15333-15342}
}

@article{DBLP:journals/corr/KahnVPAL17,
  author       = {Gregory Kahn and
                  Adam Villaflor and
                  Vitchyr Pong and
                  Pieter Abbeel and
                  Sergey Levine},
  title        = {Uncertainty-Aware Reinforcement Learning for Collision Avoidance},
  journal      = {CoRR},
  volume       = {abs/1702.01182},
  year         = {2017},
  url          = {http://arxiv.org/abs/1702.01182},
  eprinttype    = {arXiv},
  eprint       = {1702.01182},
  timestamp    = {Mon, 13 Aug 2018 16:48:49 +0200},
  biburl       = {https://dblp.org/rec/journals/corr/KahnVPAL17.bib},
  bibsource    = {dblp computer science bibliography, https://dblp.org}
}

@InProceedings{Oberdiek_2020_CVPR_Workshops,
author = {Oberdiek, Philipp and Rottmann, Matthias and Fink, Gernot A.},
title = {Detection and Retrieval of Out-of-Distribution Objects in Semantic Segmentation},
booktitle = {Proceedings of the IEEE/CVF Conference on Computer Vision and Pattern Recognition (CVPR) Workshops},
month = {June},
year = {2020}
}

@ARTICLE{Zhang2024SafeReinforcmentLearning,
  author={Zhang, Zheng and Liu, Qi and Li, Yanjie and Lin, Ke and Li, Linyu},
  journal={IEEE Transactions on Intelligent Transportation Systems}, 
  title={Safe Reinforcement Learning in Autonomous Driving With Epistemic Uncertainty Estimation}, 
  year={2024},
  volume={25},
  number={10},
  pages={13653-13666}}

@inproceedings{ancha2024deep,
  title={Deep Evidential Uncertainty Estimation for Semantic Segmentation under Out-Of-Distribution Obstacles},
  author={Ancha, Siddharth and Osteen, Philip R and Roy, Nicholas},
  booktitle={Proc. IEEE Int. Conf. Robot. Autom},
  year={2024}
}

@inproceedings{chan2019metafusioncontrolledfalsenegativereduction,
  title={Controlled false negative reduction of minority classes in semantic segmentation},
  author={Chan, Robin and Rottmann, Matthias and H{\"u}ger, Fabian and Schlicht, Peter and Gottschalk, Hanno},
  booktitle={2020 International Joint Conference on Neural Networks (IJCNN)},
  pages={1--8},
  year={2020},
  organization={IEEE}
}

@article{colling2020metaboxnewregionbased,
      title={MetaBox+: A new Region Based Active Learning Method for Semantic Segmentation using Priority Maps}, 
      author={Pascal Colling and Lutz Roese-Koerner and Hanno Gottschalk and Matthias Rottmann},
      year={2020},
      journal={arXiv:2010.01884},
      eprint={2010.01884},
      archivePrefix={arXiv},
      primaryClass={cs.CV},
      url={https://arxiv.org/abs/2010.01884}, 
}

@article{efron1987better,
  title={Better bootstrap confidence intervals},
  author={Efron, Bradley},
  journal={Journal of the American statistical Association},
  volume={82},
  number={397},
  pages={171--185},
  year={1987},
  publisher={Taylor \& Francis}
}

@inproceedings{gal2016dropout,
  title={Dropout as a bayesian approximation: Representing model uncertainty in deep learning},
  author={Gal, Yarin and Ghahramani, Zoubin},
  booktitle={international conference on machine learning},
  pages={1050--1059},
  year={2016},
  organization={PMLR}
}

@INPROCEEDINGS{hoel2020tactical,
  author={Hoel, Carl-Johan and Wolff, Krister and Laine, Leo},
  booktitle={2020 IEEE Intelligent Vehicles Symposium (IV)}, 
  title={Tactical Decision-Making in Autonomous Driving by Reinforcement Learning with Uncertainty Estimation}, 
  year={2020},
  volume={},
  number={},
  pages={1563-1569}}

@article{kendall2017uncertaintiesneedbayesiandeep,
  title={What uncertainties do we need in bayesian deep learning for computer vision?},
  author={Kendall, Alex and Gal, Yarin},
  journal={Advances in neural information processing systems},
  volume={30},
  year={2017}
}

@article{maag2024pixelwisegradientuncertaintyconvolutional,
    author = {Maag, Kira and Riedlinger, Tobias},
    journal = {International Joint Conference on Computer Vision, Imaging and Computer Graphics Theory and Applications (VISAPP)},
    year = {2024},
    pages = {112-122},
    title = {Pixel-Wise Gradient Uncertainty for Convolutional Neural Networks Applied to Out-of-Distribution Segmentation},
    publisher={SciTePress},
    doi = {10.5220/0012353300003660}
}

@inproceedings{naeini_mahdi_pakdaman_obtaining_2015,
	title = {Obtaining {Well} {Calibrated} {Probabilities} {Using} {Bayesian} {Binning}},
	booktitle = {Proceedings of the {Twenty}-{Ninth} {AAAI} {Conference} on {Artificial} {Intelligence}},
	author = {Naeini, Mahdi Pakdaman and Cooper, Gregory F. and Hauskrecht, Milos},
	year = {2015},
}

@InProceedings{pmlr-v235-franco24a,
  title = 	 {Hyperbolic Active Learning for Semantic Segmentation under Domain Shift},
  author =       {Franco, Luca and Mandica, Paolo and Kallidromitis, Konstantinos and Guillory, Devin and Li, Yu-Teng and Darrell, Trevor and Galasso, Fabio},
  booktitle = 	 {Proceedings of the 41st International Conference on Machine Learning},
  pages = 	 {13864--13884},
  year = 	 {2024},
  volume = 	 {235},
  series = 	 {Proceedings of Machine Learning Research},
  month = 	 {21--27 Jul},
  publisher =    {PMLR}
}

@inproceedings{pmlr-v37-sui15,
  title={Safe exploration for optimization with Gaussian processes},
  author={Sui, Yanan and Gotovos, Alkis and Burdick, Joel and Krause, Andreas},
  booktitle={International conference on machine learning},
  pages={997--1005},
  year={2015},
  organization={PMLR}
}

@inproceedings{shen2021real,
  title={Real-time uncertainty estimation in computer vision via uncertainty-aware distribution distillation},
  author={Shen, Yichen and Zhang, Zhilu and Sabuncu, Mert R and Sun, Lin},
  booktitle={Proceedings of the IEEE/CVF Winter Conference on Applications of Computer Vision},
  pages={707--716},
  year={2021}
}

@INPROCEEDINGS{tejaswi2019regionbasedal,
  author={Kasarla, Tejaswi and Nagendar, G and Hegde, Guruprasad M. and Balasubramanian, V. and Jawahar, C.V.},
  booktitle={2019 IEEE Winter Conference on Applications of Computer Vision (WACV)}, 
  title={Region-based active learning for efficient labeling in semantic segmentation}, 
  year={2019},
  volume={},
  number={},
  pages={1109-1117}}

@article{thomas2021safe,
  title={Safe reinforcement learning by imagining the near future},
  author={Thomas, Garrett and Luo, Yuping and Ma, Tengyu},
  journal={Advances in Neural Information Processing Systems},
  volume={34},
  pages={13859--13869},
  year={2021}
}

@inproceedings{wachi2018safeexploration,
  title={Safe exploration and optimization of constrained mdps using gaussian processes},
  author={Wachi, Akifumi and Sui, Yanan and Yue, Yisong and Ono, Masahiro},
  booktitle={Proceedings of the AAAI Conference on Artificial Intelligence},
  volume={32},
  year={2018}
}

@InProceedings{yingda2020synthesizethencompare,
author="Xia, Yingda
and Zhang, Yi
and Liu, Fengze
and Shen, Wei
and Yuille, Alan L.",
title="Synthesize Then Compare: Detecting Failures and Anomalies for Semantic Segmentation",
booktitle="Computer Vision -- ECCV 2020",
year="2020",
publisher="Springer International Publishing",
address="Cham",
pages="145--161"
}

@article{zhang2022safereinforcementlearningcontrastive,
      title={Safe Reinforcement Learning with Contrastive Risk Prediction}, 
      author={Hanping Zhang and Yuhong Guo},
      year={2022},
      journal={arXiv:2209.09648},
      eprint={2209.09648},
      archivePrefix={arXiv},
      primaryClass={cs.AI},
      url={https://arxiv.org/abs/2209.09648}, 
}

