
@ARTICLE{sutton1998rlintro,
  author={Sutton, R.S. and Barto, A.G.},
  journal={IEEE Transactions on Neural Networks}, 
  title={Reinforcement Learning: An Introduction}, 
  year={1998},
  volume={9},
  number={5},
  pages={1054-1054}}

@article{ppo,
      title={Proximal Policy Optimization Algorithms}, 
      author={John Schulman and Filip Wolski and Prafulla Dhariwal and Alec Radford and Oleg Klimov},
      year={2017},
      journal={arXiv:1707.06347},
      eprint={1707.06347},
      archivePrefix={arXiv},
      primaryClass={cs.LG}
}

@misc{grundlagenpaper,
  title={IMPLEMENTING A DEEP REINFORCEMENT LEARNING MODEL FOR AUTONOMOUS DRIVING},
  author={Razak, Asad Idrees and L{\'a}szl{\'o}, Toka},
year ={2022},
publisher={GitHub},
journal={GitHub repository},
howpublished={\url{https://github.com/idreesshaikh/Autonomous-Driving-in-Carla-using-Deep-Reinforcement-Learning}}
}

@inproceedings{carla,
  title = { {CARLA}: {An} Open Urban Driving Simulator},
  author = {Alexey Dosovitskiy and German Ros and Felipe Codevilla and Antonio Lopez and Vladlen Koltun},
  booktitle = {Proceedings of the 1st Annual Conference on Robot Learning},
  pages = {1--16},
  year = {2017}
}

@misc{drivinginoneday,
      title={Learning to Drive in a Day}, 
      author={Alex Kendall and Jeffrey Hawke and David Janz and Przemyslaw Mazur and Daniele Reda and John-Mark Allen and Vinh-Dieu Lam and Alex Bewley and Amar Shah},
      year={2018},
      eprint={1807.00412},
      archivePrefix={arXiv},
      primaryClass={cs.LG}
}

@INPROCEEDINGS{learningdrlcarla2021,
  author={Agarwal, Tanmay and Arora, Hitesh and Schneider, Jeff},
  booktitle={2021 IEEE International Intelligent Transportation Systems Conference (ITSC)}, 
  title={Learning Urban Driving Policies using Deep Reinforcement Learning}, 
  year={2021},
  volume={},
  number={},
  pages={607-614}}

@article{doi:10.1177/0278364913495721,
author = {Jens Kober and J. Andrew Bagnell and Jan Peters},
title ={Reinforcement learning in robotics: A survey},

journal = {The International Journal of Robotics Research},
volume = {32},
number = {11},
pages = {1238-1274},
year = {2013},
doi = {10.1177/0278364913495721}
}

@INPROCEEDINGS{9116288,
  author={Rottmann, Matthias and Maag, Kira and Chan, Robin and Hüger, Fabian and Schlicht, Peter and Gottschalk, Hanno},
  booktitle={2020 Design, Automation \& Test in Europe Conference \& Exhibition (DATE)}, 
  title={Detection of False Positive and False Negative Samples in Semantic Segmentation}, 
  year={2020},
  volume={},
  number={},
  pages={1351-1356}}


@article{DBLP:journals/corr/KahnVPAL17,
  author       = {Gregory Kahn and
                  Adam Villaflor and
                  Vitchyr Pong and
                  Pieter Abbeel and
                  Sergey Levine},
  title        = {Uncertainty-Aware Reinforcement Learning for Collision Avoidance},
  journal      = {CoRR},
  volume       = {abs/1702.01182},
  year         = {2017},
  url          = {http://arxiv.org/abs/1702.01182},
  eprinttype    = {arXiv},
  eprint       = {1702.01182},
  timestamp    = {Mon, 13 Aug 2018 16:48:49 +0200},
  biburl       = {https://dblp.org/rec/journals/corr/KahnVPAL17.bib},
  bibsource    = {dblp computer science bibliography, https://dblp.org}
}
@INPROCEEDINGS{8793611,
  author={Lütjens, Björn and Everett, Michael and How, Jonathan P.},
  booktitle={2019 International Conference on Robotics and Automation (ICRA)}, 
  title={Safe Reinforcement Learning With Model Uncertainty Estimates}, 
  year={2019},
  volume={},
  number={},
  pages={8662-8668}}


@inproceedings{toromanoff2020end,
  title={End-to-end model-free reinforcement learning for urban driving using implicit affordances},
  author={Toromanoff, Marin and Wirbel, Emilie and Moutarde, Fabien},
  booktitle={Proceedings of the IEEE/CVF conference on computer vision and pattern recognition},
  pages={7153--7162},
  year={2020}
}

@INPROCEEDINGS{ye2020automatedlanechangestrategy,
  author={Ye, Fei and Cheng, Xuxin and Wang, Pin and Chan, Ching-Yao and Zhang, Jiucai},
  booktitle={2020 IEEE Intelligent Vehicles Symposium (IV)}, 
  title={Automated Lane Change Strategy using Proximal Policy Optimization-based Deep Reinforcement Learning}, 
  year={2020},
  volume={},
  number={},
  pages={1746-1752}}


@inproceedings{gal2016dropout,
  title={Dropout as a bayesian approximation: Representing model uncertainty in deep learning},
  author={Gal, Yarin and Ghahramani, Zoubin},
  booktitle={international conference on machine learning},
  pages={1050--1059},
  year={2016},
  organization={PMLR}
}

@article{efron1987better,
  title={Better bootstrap confidence intervals},
  author={Efron, Bradley},
  journal={Journal of the American statistical Association},
  volume={82},
  number={397},
  pages={171--185},
  year={1987},
  publisher={Taylor \& Francis}
}

@article{maag2024pixelwisegradientuncertaintyconvolutional,
    author = {Maag, Kira and Riedlinger, Tobias},
    journal = {International Joint Conference on Computer Vision, Imaging and Computer Graphics Theory and Applications (VISAPP)},
    year = {2024},
    pages = {112-122},
    title = {Pixel-Wise Gradient Uncertainty for Convolutional Neural Networks Applied to Out-of-Distribution Segmentation},
    publisher={SciTePress},
    doi = {10.5220/0012353300003660}
}


@article{zhang2024safetyguaranteedrobustmultiagent,
      title={Safety Guaranteed Robust Multi-Agent Reinforcement Learning with Hierarchical Control for Connected and Automated Vehicles}, 
      author={Zhili Zhang and H M Sabbir Ahmad and Ehsan Sabouni and Yanchao Sun and Furong Huang and Wenchao Li and Fei Miao},
      year={2024},
      journal={arXiv:2309.11057},
      eprint={2309.11057},
      archivePrefix={arXiv},
      primaryClass={cs.RO},
      url={https://arxiv.org/abs/2309.11057}, 
}


@article{bojarski2016endendlearningselfdriving,
  title={End to end learning for self-driving cars},
  author = {Bojarski, Mariusz and et al.},
  journal={arXiv:1604.07316},
  year={2016}
}
@INPROCEEDINGS{7995975,
  author={Chen, Zhilu and Huang, Xinming},
  booktitle={2017 IEEE Intelligent Vehicles Symposium (IV)}, 
  title={End-to-end learning for lane keeping of self-driving cars}, 
  year={2017},
  volume={},
  number={},
  pages={1856-1860}}

@INPROCEEDINGS{8460934,
  author={Jaritz, Maximilian and de Charette, Raoul and Toromanoff, Marin and Perot, Etienne and Nashashibi, Fawzi},
  booktitle={2018 IEEE International Conference on Robotics and Automation (ICRA)}, 
  title={End-to-End Race Driving with Deep Reinforcement Learning}, 
  year={2018},
  volume={},
  number={},
  pages={2070-2075}}

@InProceedings{Perot_2017_CVPR_Workshops,
author = {Perot, Etienne and Jaritz, Maximilian and Toromanoff, Marin and de Charette, Raoul},
title = {End-To-End Driving in a Realistic Racing Game With Deep Reinforcement Learning},
booktitle = {Proceedings of the IEEE Conference on Computer Vision and Pattern Recognition (CVPR) Workshops},
month = {July},
year = {2017}
}

@INPROCEEDINGS{8917306,
  author={Chen, Jianyu and Yuan, Bodi and Tomizuka, Masayoshi},
  booktitle={2019 IEEE Intelligent Transportation Systems Conference (ITSC)}, 
  title={Model-free Deep Reinforcement Learning for Urban Autonomous Driving}, 
  year={2019},
  volume={},
  number={},
  pages={2765-2771}}

@InProceedings{Holder_2021_ICCV,
    author    = {Holder, Christopher J. and Shafique, Muhammad},
    title     = {Efficient Uncertainty Estimation in Semantic Segmentation via Distillation},
    booktitle = {Proceedings of the IEEE/CVF International Conference on Computer Vision (ICCV) Workshops},
    month     = {October},
    year      = {2021},
    pages     = {3087-3094}
}


%Safe rl

@InProceedings{sootla2022sauterlsurelysafe
,author = {Sootla, Aivar and Cowen-Rivers, Alexander I and Jafferjee, Taher and Wang, Ziyan and Mguni, David H and Wang, Jun and Ammar, Haitham},
  title = {Saute {RL}: Almost Surely Safe Reinforcement Learning Using State Augmentation},
  booktitle = {Proceedings of the 39th International Conference on Machine Learning},
  month = {July},
  year = 	{2022},
  pages = {20423-20443}
,
  volume = 	 {162},
  series = 	 {Proceedings of Machine Learning Research},

  publisher =    {PMLR}
}

@article{thomas2021safe,
  title={Safe reinforcement learning by imagining the near future},
  author={Thomas, Garrett and Luo, Yuping and Ma, Tengyu},
  journal={Advances in Neural Information Processing Systems},
  volume={34},
  pages={13859--13869},
  year={2021}
}

@article{zhang2022safereinforcementlearningcontrastive,
      title={Safe Reinforcement Learning with Contrastive Risk Prediction}, 
      author={Hanping Zhang and Yuhong Guo},
      year={2022},
      journal={arXiv:2209.09648},
      eprint={2209.09648},
      archivePrefix={arXiv},
      primaryClass={cs.AI},
      url={https://arxiv.org/abs/2209.09648}, 
}

%Trajectory planning
@article{park2024trajectoryplanningautonomousvehicle,
      title={Trajectory Planning for Autonomous Vehicle Using Iterative Reward Prediction in Reinforcement Learning}, 
      author={Hyunwoo Park},
      year={2024},
      journal={arXiv:2404.12079},
      eprint={2404.12079},
      archivePrefix={arXiv},
      primaryClass={cs.RO},
      url={https://arxiv.org/abs/2404.12079}, 
}

@InProceedings{Chan_2021_ICCV,
    author    = {Chan, Robin and Rottmann, Matthias and Gottschalk, Hanno},
    title     = {Entropy Maximization and Meta Classification for Out-of-Distribution Detection in Semantic Segmentation},
    booktitle = {Proceedings of the IEEE/CVF International Conference on Computer Vision (ICCV)},
    month     = {October},
    year      = {2021},
    pages     = {5128-5137}
}

@INPROCEEDINGS{9564545,
  author={Nitsch, Julia and Itkina, Masha and Senanayake, Ransalu and Nieto, Juan and Schmidt, Max and Siegwart, Roland and Kochenderfer, Mykel J. and Cadena, Cesar},
  booktitle={2021 IEEE International Intelligent Transportation Systems Conference (ITSC)}, 
  title={Out-of-Distribution Detection for Automotive Perception}, 
  year={2021},
  volume={},
  number={},
  pages={2938-2943}}

@inproceedings{hendrycks2018baselinedetectingmisclassifiedoutofdistribution,
  added-at = {2023-11-30T16:36:27.000+0100},
  author = {Hendrycks, Dan and Gimpel, Kevin},
  biburl = {https://www.bibsonomy.org/bibtex/216ff943d0aedf00f79793532c1a7461c/andolab},
  booktitle = {International Conference on Learning Representations ICLR (Poster)},
  interhash = {c198223714bea8d959e26861ff07dd8d},
  intrahash = {16ff943d0aedf00f79793532c1a7461c},
  keywords = {OOD_detection},
  timestamp = {2023-12-05T04:07:22.000+0100},
  title = {A Baseline for Detecting Misclassified and Out-of-Distribution Examples in Neural Networks.},
  url = {http://dblp.uni-trier.de/db/conf/iclr/iclr2017.html#HendrycksG17},
  year = 2017
}





@article{kendall2017uncertaintiesneedbayesiandeep,
  title={What uncertainties do we need in bayesian deep learning for computer vision?},
  author={Kendall, Alex and Gal, Yarin},
  journal={Advances in neural information processing systems},
  volume={30},
  year={2017}
}

@inproceedings{guo2017calibration,
  title={On calibration of modern neural networks},
  author={Guo, Chuan and Pleiss, Geoff and Sun, Yu and Weinberger, Kilian Q},
  booktitle={International conference on machine learning},
  pages={1321--1330},
  year={2017},
  organization={PMLR}
}



@article{lakshminarayananSimpleScalablePredictive2017,
title = {Simple and Scalable Predictive Uncertainty Estimation Using Deep Ensembles},
author = {Lakshminarayanan, Balaji and Pritzel, Alexander and Blundell, Charles},
year = {2017},
journal = {Advances in neural information processing systems},
volume = {30}
}

@INPROCEEDINGS{metaseg,
  author={Rottmann, Matthias and Colling, Pascal and Hack, Thomas P. and Chan, Robin and Hüger, Fabian and Schlicht, Peter and Gottschalk, Hanno},
  booktitle={2020 International Joint Conference on Neural Networks (IJCNN)}, 
  title={Prediction Error Meta Classification in Semantic Segmentation: Detection via Aggregated Dispersion Measures of Softmax Probabilities}, 
  year={2020},
  volume={},
  number={},
  pages={1-9}}


@inproceedings{anthony2023usemahalanobisdistanceoutofdistribution,
  title={On the use of Mahalanobis distance for out-of-distribution detection with neural networks for medical imaging},
  author={Anthony, Harry and Kamnitsas, Konstantinos},
  booktitle={International Workshop on Uncertainty for Safe Utilization of Machine Learning in Medical Imaging},
  pages={136--146},
  year={2023},
  organization={Springer}
}

@inproceedings{naeini_mahdi_pakdaman_obtaining_2015,
	title = {Obtaining {Well} {Calibrated} {Probabilities} {Using} {Bayesian} {Binning}},
	booktitle = {Proceedings of the {Twenty}-{Ninth} {AAAI} {Conference} on {Artificial} {Intelligence}},
	author = {Naeini, Mahdi Pakdaman and Cooper, Gregory F. and Hauskrecht, Milos},
	year = {2015},
}


@ARTICLE{10675394,
  author={Gu, Shangding and Yang, Long and Du, Yali and Chen, Guang and Walter, Florian and Wang, Jun and Knoll, Alois},
  journal={IEEE Transactions on Pattern Analysis and Machine Intelligence}, 
  title={A Review of Safe Reinforcement Learning: Methods, Theories, and Applications}, 
  year={2024},
  volume={46},
  number={12},
  pages={11216-11235}}


@inproceedings{pmlr-v37-sui15,
  title={Safe exploration for optimization with Gaussian processes},
  author={Sui, Yanan and Gotovos, Alkis and Burdick, Joel and Krause, Andreas},
  booktitle={International conference on machine learning},
  pages={997--1005},
  year={2015},
  organization={PMLR}
}

@inproceedings{wachi2018safeexploration,
  title={Safe exploration and optimization of constrained mdps using gaussian processes},
  author={Wachi, Akifumi and Sui, Yanan and Yue, Yisong and Ono, Masahiro},
  booktitle={Proceedings of the AAAI Conference on Artificial Intelligence},
  volume={32},
  year={2018}
}


%%%%%%%%%%%% UQ in RL %%%%%%%%%%%%
@INPROCEEDINGS{hoel2020tactical,
  author={Hoel, Carl-Johan and Wolff, Krister and Laine, Leo},
  booktitle={2020 IEEE Intelligent Vehicles Symposium (IV)}, 
  title={Tactical Decision-Making in Autonomous Driving by Reinforcement Learning with Uncertainty Estimation}, 
  year={2020},
  volume={},
  number={},
  pages={1563-1569}}

@ARTICLE{Zhang2024SafeReinforcmentLearning,
  author={Zhang, Zheng and Liu, Qi and Li, Yanjie and Lin, Ke and Li, Linyu},
  journal={IEEE Transactions on Intelligent Transportation Systems}, 
  title={Safe Reinforcement Learning in Autonomous Driving With Epistemic Uncertainty Estimation}, 
  year={2024},
  volume={25},
  number={10},
  pages={13653-13666}}



%%%%%%%%%%%% UQ in Vision %%%%%%%%%%%%%%%%%%
@inproceedings{shen2021real,
  title={Real-time uncertainty estimation in computer vision via uncertainty-aware distribution distillation},
  author={Shen, Yichen and Zhang, Zhilu and Sabuncu, Mert R and Sun, Lin},
  booktitle={Proceedings of the IEEE/CVF Winter Conference on Applications of Computer Vision},
  pages={707--716},
  year={2021}
}

@inproceedings{
kahl2024valuesframeworksystematicvalidation,
title={Val{UES}: A Framework for Systematic Validation of Uncertainty Estimation in Semantic Segmentation},
author={Kim-Celine Kahl and Carsten T. L{\"u}th and Maximilian Zenk and Klaus Maier-Hein and Paul F Jaeger},
booktitle={The Twelfth International Conference on Learning Representations},
year={2024},
url={https://openreview.net/forum?id=yV6fD7LYkF}
}

@article{colling2020metaboxnewregionbased,
      title={MetaBox+: A new Region Based Active Learning Method for Semantic Segmentation using Priority Maps}, 
      author={Pascal Colling and Lutz Roese-Koerner and Hanno Gottschalk and Matthias Rottmann},
      year={2020},
      journal={arXiv:2010.01884},
      eprint={2010.01884},
      archivePrefix={arXiv},
      primaryClass={cs.CV},
      url={https://arxiv.org/abs/2010.01884}, 
}

 @InProceedings{Oberdiek_2020_CVPR_Workshops,
author = {Oberdiek, Philipp and Rottmann, Matthias and Fink, Gernot A.},
title = {Detection and Retrieval of Out-of-Distribution Objects in Semantic Segmentation},
booktitle = {Proceedings of the IEEE/CVF Conference on Computer Vision and Pattern Recognition (CVPR) Workshops},
month = {June},
year = {2020}
}

@InProceedings{Cen_2021_ICCV,
    author    = {Cen, Jun and Yun, Peng and Cai, Junhao and Wang, Michael Yu and Liu, Ming},
    title     = {Deep Metric Learning for Open World Semantic Segmentation},
    booktitle = {Proceedings of the IEEE/CVF International Conference on Computer Vision (ICCV)},
    month     = {October},
    year      = {2021},
    pages     = {15333-15342}
}

@InProceedings{yingda2020synthesizethencompare,
author="Xia, Yingda
and Zhang, Yi
and Liu, Fengze
and Shen, Wei
and Yuille, Alan L.",
title="Synthesize Then Compare: Detecting Failures and Anomalies for Semantic Segmentation",
booktitle="Computer Vision -- ECCV 2020",
year="2020",
publisher="Springer International Publishing",
address="Cham",
pages="145--161"
}

@inproceedings{ancha2024deep,
  title={Deep Evidential Uncertainty Estimation for Semantic Segmentation under Out-Of-Distribution Obstacles},
  author={Ancha, Siddharth and Osteen, Philip R and Roy, Nicholas},
  booktitle={Proc. IEEE Int. Conf. Robot. Autom},
  year={2024}
}

@INPROCEEDINGS{tejaswi2019regionbasedal,
  author={Kasarla, Tejaswi and Nagendar, G and Hegde, Guruprasad M. and Balasubramanian, V. and Jawahar, C.V.},
  booktitle={2019 IEEE Winter Conference on Applications of Computer Vision (WACV)}, 
  title={Region-based active learning for efficient labeling in semantic segmentation}, 
  year={2019},
  volume={},
  number={},
  pages={1109-1117}}


@InProceedings{pmlr-v235-franco24a,
  title = 	 {Hyperbolic Active Learning for Semantic Segmentation under Domain Shift},
  author =       {Franco, Luca and Mandica, Paolo and Kallidromitis, Konstantinos and Guillory, Devin and Li, Yu-Teng and Darrell, Trevor and Galasso, Fabio},
  booktitle = 	 {Proceedings of the 41st International Conference on Machine Learning},
  pages = 	 {13864--13884},
  year = 	 {2024},
  volume = 	 {235},
  series = 	 {Proceedings of Machine Learning Research},
  month = 	 {21--27 Jul},
  publisher =    {PMLR}
}

@inproceedings{chan2019metafusioncontrolledfalsenegativereduction,
  title={Controlled false negative reduction of minority classes in semantic segmentation},
  author={Chan, Robin and Rottmann, Matthias and H{\"u}ger, Fabian and Schlicht, Peter and Gottschalk, Hanno},
  booktitle={2020 International Joint Conference on Neural Networks (IJCNN)},
  pages={1--8},
  year={2020},
  organization={IEEE}
}