@article{Knapitsch2017,
    author    = {Arno Knapitsch and Jaesik Park and Qian-Yi Zhou and Vladlen Koltun},
    title     = {Tanks and Temples: Benchmarking Large-Scale Scene Reconstruction},
    journal   = {ACM Transactions on Graphics (TOG)},
    volume    = {36},
    number    = {4},
    year      = {2017},
}

@inproceedings{barron2022mip,
  title={Mip-nerf 360: Unbounded anti-aliased neural radiance fields},
  author={Barron, Jonathan T and Mildenhall, Ben and Verbin, Dor and Srinivasan, Pratul P and Hedman, Peter},
  booktitle={Proceedings of the IEEE/CVF Conference on Computer Vision and Pattern Recognition},
  pages={5470--5479},
  year={2022}
}

@inproceedings{bregler2000recovering,
  title={Recovering non-rigid 3D shape from image streams},
  author={Bregler, Christoph and Hertzmann, Aaron and Biermann, Henning},
  booktitle={Proceedings of the IEEE/CVF Conference on Computer Vision and Pattern Recognition},
  volume={2},
  pages={690--696},
  year={2000},
  organization={IEEE}
}

@article{campos2021orb,
  title={Orb-slam3: An accurate open-source library for visual, visual--inertial, and multimap slam},
  author={Campos, Carlos and Elvira, Richard and Rodr{\'\i}guez, Juan J G{\'o}mez and Montiel, Jos{\'e} MM and Tard{\'o}s, Juan D},
  journal={IEEE Transactions on Robotics},
  volume={37},
  number={6},
  pages={1874--1890},
  year={2021},
  publisher={IEEE}
}

@inproceedings{chung2023orbeez,
  title={Orbeez-slam: A real-time monocular visual slam with orb features and nerf-realized mapping},
  author={Chung, Chi-Ming and Tseng, Yang-Che and Hsu, Ya-Ching and Shi, Xiang-Qian and Hua, Yun-Hung and Yeh, Jia-Fong and Chen, Wen-Chin and Chen, Yi-Ting and Hsu, Winston H},
  booktitle={IEEE International Conference on Robotics and Automation (ICRA)},
  pages={9400--9406},
  year={2023},
  organization={IEEE}
}

@article{deng2023prosgnerf,
  title={Prosgnerf: Progressive dynamic neural scene graph with frequency modulated auto-encoder in urban scenes},
  author={Deng, Tianchen and Liu, Siyang and Wang, Xuan and Liu, Yejia and Wang, Danwei and Chen, Weidong},
  journal={arXiv preprint arXiv:2312.09076},
  year={2023}
}

@article{deng2024compact,
  title={Compact 3d gaussian splatting for dense visual slam},
  author={Deng, Tianchen and Chen, Yaohui and Zhang, Leyan and Yang, Jianfei and Yuan, Shenghai and Liu, Jiuming and Wang, Danwei and Wang, Hesheng and Chen, Weidong},
  journal={arXiv preprint arXiv:2403.11247},
  year={2024}
}

@article{deng2024neslam,
  title={Neslam: Neural implicit mapping and self-supervised feature tracking with depth completion and denoising},
  author={Deng, Tianchen and Wang, Yanbo and Xie, Hongle and Wang, Hesheng and Wang, Jingchuan and Wang, Danwei and Chen, Weidong},
  journal={arXiv preprint arXiv:2403.20034},
  year={2024}
}

@inproceedings{deng2024plgslam,
  title={Plgslam: Progressive neural scene represenation with local to global bundle adjustment},
  author={Deng, Tianchen and Shen, Guole and Qin, Tong and Wang, Jianyu and Zhao, Wentao and Wang, Jingchuan and Wang, Danwei and Chen, Weidong},
  booktitle={Proceedings of the IEEE/CVF Conference on Computer Vision and Pattern Recognition},
  pages={19657--19666},
  year={2024}
}

@article{du2022accurate,
  author={Du, Zheng-Jun and Huang, Shi-Sheng and Mu, Tai-Jiang and Zhao, Qunhe and Martin, Ralph R. and Xu, Kun},
  journal={IEEE Transactions on Visualization and Computer Graphics}, 
  title={Accurate Dynamic SLAM Using CRF-Based Long-Term Consistency}, 
  year={2022},
  volume={28},
  number={4},
  pages={1745-1757}
}

@inproceedings{ha2024rgbd,
    title={RGBD GS-ICP SLAM},
    author={Ha, Seongbo and Yeon, Jiung and Yu, Hyeonwoo"},
    booktitle={European Conference on Computer Vision},
    year={2025},
    pages={180--197},
    organization={Springer}
}

@inproceedings{hu2025cg,
  title={Cg-slam: Efficient dense rgb-d slam in a consistent uncertainty-aware 3d gaussian field},
  author={Hu, Jiarui and Chen, Xianhao and Feng, Boyin and Li, Guanglin and Yang, Liangjing and Bao, Hujun and Zhang, Guofeng and Cui, Zhaopeng},
  booktitle={European Conference on Computer Vision},
  pages={93--112},
  year={2025},
  organization={Springer}
}

@article{huang2023real,
    author={Huang, Shi-Sheng and Chen, Haoxiang and Huang, Jiahui and Fu, Hongbo and Hu, Shi-Min},
    journal={ IEEE Transactions on Visualization \& Computer Graphics },
    title={{ Real-Time Globally Consistent 3D Reconstruction With Semantic Priors }},
    year={2023},
    volume={29},
    number={04},
    ISSN={1941-0506},
    pages={1977-1991}
}

@inproceedings{huang2024photo,
  title={Photo-SLAM: Real-time Simultaneous Localization and Photorealistic Mapping for Monocular Stereo and RGB-D Cameras},
  author={Huang, Huajian and Li, Longwei and Cheng, Hui and Yeung, Sai-Kit},
  booktitle={Proceedings of the IEEE/CVF Conference on Computer Vision and Pattern Recognition},
  pages={21584--21593},
  year={2024}
}

@inproceedings{johari2023eslam,
  title={Eslam: Efficient dense slam system based on hybrid representation of signed distance fields},
  author={Johari, Mohammad Mahdi and Carta, Camilla and Fleuret, Fran{\c{c}}ois},
  booktitle={Proceedings of the IEEE/CVF Conference on Computer Vision and Pattern Recognition},
  pages={17408--17419},
  year={2023}
}

@article{jung2024relaxing,
  title={Relaxing Accurate Initialization Constraint for 3D Gaussian Splatting},
  author={Jung, Jaewoo and Han, Jisang and An, Honggyu and Kang, Jiwon and Park, Seonghoon and Kim, Seungryong},
  journal={arXiv preprint arXiv:2403.09413},
  year={2024}
}

@inproceedings{keetha2024splatam,
  title={SplaTAM: Splat Track \& Map 3D Gaussians for Dense RGB-D SLAM},
  author={Keetha, Nikhil and Karhade, Jay and Jatavallabhula, Krishna Murthy and Yang, Gengshan and Scherer, Sebastian and Ramanan, Deva and Luiten, Jonathon},
  booktitle={Proceedings of the IEEE/CVF Conference on Computer Vision and Pattern Recognition},
  pages={21357--21366},
  year={2024}
}

@article{kerbl20233d,
  title={3D Gaussian Splatting for Real-Time Radiance Field Rendering.},
  author={Kerbl, Bernhard and Kopanas, Georgios and Leimk{\"u}hler, Thomas and Drettakis, George},
  journal={ACM Transactions on Graphics (TOG)},
  volume={42},
  number={4},
  pages={139--1},
  year={2023}
}

@article{li2023end,
  title={End-to-end rgb-d slam with multi-mlps dense neural implicit representations},
  author={Li, Mingrui and He, Jiaming and Wang, Yangyang and Wang, Hongyu},
  journal={IEEE Robotics and Automation Letters},
  year={2023},
  publisher={IEEE}
}

@inproceedings{li2025sgs,
  title={Sgs-slam: Semantic gaussian splatting for neural dense slam},
  author={Li, Mingrui and Liu, Shuhong and Zhou, Heng and Zhu, Guohao and Cheng, Na and Deng, Tianchen and Wang, Hongyu},
  booktitle={European Conference on Computer Vision},
  pages={163--179},
  year={2025},
  organization={Springer}
}

@inproceedings{liso2024loopy,
  title={Loopy-slam: Dense neural slam with loop closures},
  author={Liso, Lorenzo and Sandstr{\"o}m, Erik and Yugay, Vladimir and Van Gool, Luc and Oswald, Martin R},
  booktitle={Proceedings of the IEEE/CVF Conference on Computer Vision and Pattern Recognition},
  pages={20363--20373},
  year={2024}
}

@inproceedings{matsuki2024gaussian,
  title={Gaussian splatting slam},
  author={Matsuki, Hidenobu and Murai, Riku and Kelly, Paul HJ and Davison, Andrew J},
  booktitle={Proceedings of the IEEE/CVF Conference on Computer Vision and Pattern Recognition},
  pages={18039--18048},
  year={2024}
}

@article{mildenhall2021nerf,
  title={Nerf: Representing scenes as neural radiance fields for view synthesis},
  author={Mildenhall, Ben and Srinivasan, Pratul P and Tancik, Matthew and Barron, Jonathan T and Ramamoorthi, Ravi and Ng, Ren},
  journal={Communications of the ACM},
  volume={65},
  number={1},
  pages={99--106},
  year={2021},
  publisher={ACM New York, NY, USA}
}

@article{mur2015orb,
  title={ORB-SLAM: a versatile and accurate monocular SLAM system},
  author={Mur-Artal, Raul and Montiel, Jose Maria Martinez and Tardos, Juan D},
  journal={IEEE Transactions on Robotics},
  volume={31},
  number={5},
  pages={1147--1163},
  year={2015},
  publisher={IEEE}
}

@article{mur2017orb,
  title={Orb-slam2: An open-source slam system for monocular, stereo, and rgb-d cameras},
  author={Mur-Artal, Raul and Tard{\'o}s, Juan D},
  journal={IEEE Transactions on Robotics},
  volume={33},
  number={5},
  pages={1255--1262},
  year={2017},
  publisher={IEEE}
}

@article{niemeyer2024radsplat,
  title={Radsplat: Radiance field-informed gaussian splatting for robust real-time rendering with 900+ fps},
  author={Niemeyer, Michael and Manhardt, Fabian and Rakotosaona, Marie-Julie and Oechsle, Michael and Duckworth, Daniel and Gosula, Rama and Tateno, Keisuke and Bates, John and Kaeser, Dominik and Tombari, Federico},
  journal={arXiv preprint arXiv:2403.13806},
  year={2024}
}

@article{pan2024robust,
    author={Pan, Xiaokun and Huang, Gan and Zhang, Ziyang and Li, Jinyu and Bao, Hujun and Zhang, Guofeng},
    journal={ IEEE Transactions on Visualization \& Computer Graphics },
    title={{ Robust Collaborative Visual-Inertial SLAM for Mobile Augmented Reality }},
    year={2024},
    volume={30},
    number={11},
    ISSN={1941-0506},
    pages={7354-7363}
}

@inproceedings{peng2024rtg,
  title={Rtg-slam: Real-time 3d reconstruction at scale using gaussian splatting},
  author={Peng, Zhexi and Shao, Tianjia and Liu, Yong and Zhou, Jingke and Yang, Yin and Wang, Jingdong and Zhou, Kun},
  booktitle={ACM SIGGRAPH 2024 Conference Papers},
  pages={1--11},
  year={2024}
}

@inproceedings{sandstrom2023point,
  title={Point-slam: Dense neural point cloud-based slam},
  author={Sandstr{\"o}m, Erik and Li, Yue and Van Gool, Luc and Oswald, Martin R},
  booktitle={Proceedings of the IEEE/CVF International Conference on Computer Vision},
  pages={18433--18444},
  year={2023}
}

@inproceedings{schonberger2016structure,
  title={Structure-from-motion revisited},
  author={Schonberger, Johannes L and Frahm, Jan-Michael},
  booktitle={Proceedings of the IEEE/CVF Conference on Computer Vision and Pattern Recognition},
  pages={4104--4113},
  year={2016}
}

@inproceedings{sucar2021imap,
  title={imap: Implicit mapping and positioning in real-time},
  author={Sucar, Edgar and Liu, Shikun and Ortiz, Joseph and Davison, Andrew J},
  booktitle={Proceedings of the IEEE/CVF International Conference on Computer Vision},
  pages={6229--6238},
  year={2021}
}

@inproceedings{wang2023co,
  title={Co-slam: Joint coordinate and sparse parametric encodings for neural real-time slam},
  author={Wang, Hengyi and Wang, Jingwen and Agapito, Lourdes},
  booktitle={Proceedings of the IEEE/CVF Conference on Computer Vision and Pattern Recognition},
  pages={13293--13302},
  year={2023}
}

@ARTICLE{xie2025depth,
    author={Xie, Weijian and Chu, Guanyi and Qian, Quanhao and Yu, Yihao and Li, Hai and Chen, Danpeng and Zhai, Shangjin and Wang, Nan and Bao, Hujun and Zhang, Guofeng},
    journal={ IEEE Transactions on Visualization \& Computer Graphics },
    title={{ Depth Completion with Multiple Balanced Bases and Confidence for Dense Monocular SLAM }},
    year={2025},
    volume={},
    number={01},
    ISSN={1941-0506},
    pages={1-12}
}

@article{yan2017dense,
    author={Yan, Zhixin and Ye, Mao and Ren, Liu},
    journal={ IEEE Transactions on Visualization \& Computer Graphics },
    title={{ Dense Visual SLAM with Probabilistic Surfel Map }},
    year={2017},
    volume={23},
    number={11},
    ISSN={1941-0506},
    pages={2389-2398}
}

@inproceedings{yan2024gs,
  title={Gs-slam: Dense visual slam with 3d gaussian splatting},
  author={Yan, Chi and Qu, Delin and Xu, Dan and Zhao, Bin and Wang, Zhigang and Wang, Dong and Li, Xuelong},
  booktitle={Proceedings of the IEEE/CVF Conference on Computer Vision and Pattern Recognition},
  pages={19595--19604},
  year={2024}
}

@article{yugay2023gaussian,
  title={Gaussian-slam: Photo-realistic dense slam with gaussian splatting},
  author={Yugay, Vladimir and Li, Yue and Gevers, Theo and Oswald, Martin R},
  journal={arXiv preprint arXiv:2312.10070},
  year={2023}
}

@article{zhang2019hierarchical,
    author={Zhang, Jianhua and Gui, Mengping and Wang, Qichao and Liu, Ruyu and Xu, Junzhe and Chen, Shengyong},
    journal={ IEEE Transactions on Visualization \& Computer Graphics },
    title={{ Hierarchical Topic Model Based Object Association for Semantic SLAM }},
    year={2019},
    volume={25},
    number={11},
    ISSN={1941-0506},
    pages={3052-3062}
}

@inproceedings{zhang2023go,
  title={Go-slam: Global optimization for consistent 3d instant reconstruction},
  author={Zhang, Youmin and Tosi, Fabio and Mattoccia, Stefano and Poggi, Matteo},
  booktitle={Proceedings of the IEEE/CVF International Conference on Computer Vision},
  pages={3727--3737},
  year={2023}
}

@article{zhou2024mod,
  author={Zhou, Heng and Guo, Zhetao and Ren, Yuxiang and Liu, Shuhong and Zhang, Lechen and Zhang, Kaidi and Li, Mingrui},
  journal={IEEE Robotics and Automation Letters}, 
  title={MoD-SLAM: Monocular Dense Mapping for Unbounded 3D Scene Reconstruction}, 
  year={2025},
  volume={10},
  number={1},
  pages={484-491},
}

@inproceedings{zhu2022nice,
  title={Nice-slam: Neural implicit scalable encoding for slam},
  author={Zhu, Zihan and Peng, Songyou and Larsson, Viktor and Xu, Weiwei and Bao, Hujun and Cui, Zhaopeng and Oswald, Martin R and Pollefeys, Marc},
  booktitle={Proceedings of the IEEE/CVF Conference on Computer Vision and Pattern Recognition},
  pages={12786--12796},
  year={2022}
}

@article{zhu2024loopsplat,
  title={Loopsplat: Loop closure by registering 3d gaussian splats},
  author={Zhu, Liyuan and Li, Yue and Sandstr{\"o}m, Erik and Schindler, Konrad and Armeni, Iro},
  journal={arXiv preprint arXiv:2408.10154},
  year={2024}
}

@inproceedings{zhu2024nicer,
  title={Nicer-slam: Neural implicit scene encoding for rgb slam},
  author={Zhu, Zihan and Peng, Songyou and Larsson, Viktor and Cui, Zhaopeng and Oswald, Martin R and Geiger, Andreas and Pollefeys, Marc},
  booktitle={International Conference on 3D Vision (3DV)},
  pages={42--52},
  year={2024},
  organization={IEEE}
}

