@String(PAMI = {IEEE Trans. Pattern Anal. Mach. Intell.})
@String(IJCV = {Int. J. Comput. Vis.})
@String(CVPR= {IEEE Conf. Comput. Vis. Pattern Recog.})
@String(ICCV= {Int. Conf. Comput. Vis.})
@String(ECCV= {Eur. Conf. Comput. Vis.})
@String(NIPS= {Adv. Neural Inform. Process. Syst.})
@String(ICPR = {Int. Conf. Pattern Recog.})
@String(BMVC= {Brit. Mach. Vis. Conf.})
@String(TOG= {ACM Trans. Graph.})
@String(TIP  = {IEEE Trans. Image Process.})
@String(TVCG  = {IEEE Trans. Vis. Comput. Graph.})
@String(TMM  = {IEEE Trans. Multimedia})
@String(ACMMM= {ACM Int. Conf. Multimedia})
@String(ICME = {Int. Conf. Multimedia and Expo})
@String(ICASSP=	{ICASSP})
@String(ICIP = {IEEE Int. Conf. Image Process.})
@String(ACCV  = {ACCV})
@String(ICLR = {Int. Conf. Learn. Represent.})
@String(IJCAI = {IJCAI})
@String(PR   = {Pattern Recognition})
@String(AAAI = {AAAI})
@String(CVPRW= {IEEE Conf. Comput. Vis. Pattern Recog. Worksh.})
@String(CSVT = {IEEE Trans. Circuit Syst. Video Technol.})

@String(SPL	= {IEEE Sign. Process. Letters})
@String(VR   = {Vis. Res.})
@String(JOV	 = {J. Vis.})
@String(TVC  = {The Vis. Comput.})
@String(JCST  = {J. Comput. Sci. Tech.})
@String(CGF  = {Comput. Graph. Forum})
@String(CVM = {Computational Visual Media})


@String(PAMI  = {IEEE TPAMI})
@String(IJCV  = {IJCV})
@String(CVPR  = {CVPR})
@String(ICCV  = {ICCV})
@String(ECCV  = {ECCV})
@String(NIPS  = {NeurIPS})
@String(ICPR  = {ICPR})
@String(BMVC  =	{BMVC})
@String(TOG   = {ACM TOG})
@String(TIP   = {IEEE TIP})
@String(TVCG  = {IEEE TVCG})
@String(TCSVT = {IEEE TCSVT})
@String(TMM   =	{IEEE TMM})
@String(ACMMM = {ACM MM})
@String(ICME  =	{ICME})
@String(ICASSP=	{ICASSP})
@String(ICIP  = {ICIP})
@String(ACCV  = {ACCV})
@String(ICLR  = {ICLR})
@String(IJCAI = {IJCAI})
@String(PR = {PR})
@String(AAAI = {AAAI})
@String(CVPRW= {CVPRW})
@String(CSVT = {IEEE TCSVT})

@article{pire2017s,
  title={S-PTAM: Stereo parallel tracking and mapping},
  author={Pire, Taih{\'u} and Fischer, Thomas and Castro, Gast{\'o}n and De Crist{\'o}foris, Pablo and Civera, Javier and Berlles, Julio Jacobo},
  journal={Robotics and Autonomous Systems},
  volume={93},
  pages={27--42},
  year={2017},
  publisher={Elsevier}
}

@inproceedings{zakharov2020autolabeling,
  title={Autolabeling 3d objects with differentiable rendering of sdf shape priors},
  author={Zakharov, Sergey and Kehl, Wadim and Bhargava, Arjun and Gaidon, Adrien},
  booktitle={Proceedings of the IEEE/CVF Conference on Computer Vision and Pattern Recognition},
  pages={12224--12233},
  year={2020}
}

@inproceedings{wang2022nerf,
  title={Nerf-sr: High quality neural radiance fields using supersampling},
  author={Wang, Chen and Wu, Xian and Guo, Yuan-Chen and Zhang, Song-Hai and Tai, Yu-Wing and Hu, Shi-Min},
  booktitle={Proceedings of the 30th ACM International Conference on Multimedia},
  pages={6445--6454},
  year={2022}
}

@article{ichnowski2021dex,
  title={Dex-NeRF: Using a neural radiance field to grasp transparent objects},
  author={Ichnowski, Jeffrey and Avigal, Yahav and Kerr, Justin and Goldberg, Ken},
  journal={arXiv preprint arXiv:2110.14217},
  year={2021}
}

@inproceedings{hu2023nerf,
  title={Nerf-rpn: A general framework for object detection in nerfs},
  author={Hu, Benran and Huang, Junkai and Liu, Yichen and Tai, Yu-Wing and Tang, Chi-Keung},
  booktitle={Proceedings of the IEEE/CVF Conference on Computer Vision and Pattern Recognition},
  pages={23528--23538},
  year={2023}
}

@inproceedings{schops2019bad,
  title={Bad slam: Bundle adjusted direct rgb-d slam},
  author={Schops, Thomas and Sattler, Torsten and Pollefeys, Marc},
  booktitle={Proceedings of the IEEE/CVF Conference on Computer Vision and Pattern Recognition},
  pages={134--144},
  year={2019}
}

@article{zhou2024mod,
  author={Zhou, Heng and Guo, Zhetao and Ren, Yuxiang and Liu, Shuhong and Zhang, Lechen and Zhang, Kaidi and Li, Mingrui},
  journal={IEEE Robotics and Automation Letters}, 
  title={MoD-SLAM: Monocular Dense Mapping for Unbounded 3D Scene Reconstruction}, 
  year={2025},
  volume={10},
  number={1},
  pages={484-491},
}

@inproceedings{zhu2024nicer,
  title={Nicer-slam: Neural implicit scene encoding for rgb slam},
  author={Zhu, Zihan and Peng, Songyou and Larsson, Viktor and Cui, Zhaopeng and Oswald, Martin R and Geiger, Andreas and Pollefeys, Marc},
  booktitle={International Conference on 3D Vision (3DV)},
  pages={42--52},
  year={2024},
  organization={IEEE}
}

@article{jung2024relaxing,
  title={Relaxing Accurate Initialization Constraint for 3D Gaussian Splatting},
  author={Jung, Jaewoo and Han, Jisang and An, Honggyu and Kang, Jiwon and Park, Seonghoon and Kim, Seungryong},
  journal={arXiv preprint arXiv:2403.09413},
  year={2024}
}

@inproceedings{yang2023nerfvs,
  title={Nerfvs: Neural radiance fields for free view synthesis via geometry scaffolds},
  author={Yang, Chen and Li, Peihao and Zhou, Zanwei and Yuan, Shanxin and Liu, Bingbing and Yang, Xiaokang and Qiu, Weichao and Shen, Wei},
  booktitle={Proceedings of the IEEE/CVF Conference on Computer Vision and Pattern Recognition},
  pages={16549--16558},
  year={2023}
}

@article{deng2024compact,
  title={Compact 3d gaussian splatting for dense visual slam},
  author={Deng, Tianchen and Chen, Yaohui and Zhang, Leyan and Yang, Jianfei and Yuan, Shenghai and Liu, Jiuming and Wang, Danwei and Wang, Hesheng and Chen, Weidong},
  journal={arXiv preprint arXiv:2403.11247},
  year={2024}
}

@inproceedings{ha2024rgbd,
    title={RGBD GS-ICP SLAM},
    author={Ha, Seongbo and Yeon, Jiung and Yu, Hyeonwoo"},
    booktitle={European Conference on Computer Vision},
    year={2025},
    pages={180--197},
    organization={Springer}
}

@inproceedings{hu2025cg,
  title={Cg-slam: Efficient dense rgb-d slam in a consistent uncertainty-aware 3d gaussian field},
  author={Hu, Jiarui and Chen, Xianhao and Feng, Boyin and Li, Guanglin and Yang, Liangjing and Bao, Hujun and Zhang, Guofeng and Cui, Zhaopeng},
  booktitle={European Conference on Computer Vision},
  pages={93--112},
  year={2025},
  organization={Springer}
}

@inproceedings{barron2021mip,
  title={Mip-nerf: A multiscale representation for anti-aliasing neural radiance fields},
  author={Barron, Jonathan T and Mildenhall, Ben and Tancik, Matthew and Hedman, Peter and Martin-Brualla, Ricardo and Srinivasan, Pratul P},
  booktitle={Proceedings of the IEEE/CVF International Conference on Computer Vision},
  pages={5855--5864},
  year={2021}
}

@article{Knapitsch2017,
    author    = {Arno Knapitsch and Jaesik Park and Qian-Yi Zhou and Vladlen Koltun},
    title     = {Tanks and Temples: Benchmarking Large-Scale Scene Reconstruction},
    journal   = {ACM Transactions on Graphics (TOG)},
    volume    = {36},
    number    = {4},
    year      = {2017},
}

@article{tang2023mips,
  title={Mips-fusion: Multi-implicit-submaps for scalable and robust online neural rgb-d reconstruction},
  author={Tang, Yijie and Zhang, Jiazhao and Yu, Zhinan and Wang, He and Xu, Kai},
  journal={ACM Transactions on Graphics (TOG)},
  volume={42},
  number={6},
  pages={1--16},
  year={2023},
  publisher={ACM New York, NY, USA}
}

@inproceedings{li2025sgs,
  title={Sgs-slam: Semantic gaussian splatting for neural dense slam},
  author={Li, Mingrui and Liu, Shuhong and Zhou, Heng and Zhu, Guohao and Cheng, Na and Deng, Tianchen and Wang, Hongyu},
  booktitle={European Conference on Computer Vision},
  pages={163--179},
  year={2025},
  organization={Springer}
}

@article{mildenhall2021nerf,
  title={Nerf: Representing scenes as neural radiance fields for view synthesis},
  author={Mildenhall, Ben and Srinivasan, Pratul P and Tancik, Matthew and Barron, Jonathan T and Ramamoorthi, Ravi and Ng, Ren},
  journal={Communications of the ACM},
  volume={65},
  number={1},
  pages={99--106},
  year={2021},
  publisher={ACM New York, NY, USA}
}

@inproceedings{martin2021nerf,
  title={Nerf in the wild: Neural radiance fields for unconstrained photo collections},
  author={Martin-Brualla, Ricardo and Radwan, Noha and Sajjadi, Mehdi SM and Barron, Jonathan T and Dosovitskiy, Alexey and Duckworth, Daniel},
  booktitle={Proceedings of the IEEE/CVF conference on computer vision and pattern recognition},
  pages={7210--7219},
  year={2021}
}

@article{liu2024deraings,
  title={DeRainGS: Gaussian Splatting for Enhanced Scene Reconstruction in Rainy Environments},
  author={Liu, Shuhong and Chen, Xiang and Chen, Hongming and Xu, Quanfeng and Li, Mingrui},
  journal={arXiv preprint arXiv:2408.11540},
  year={2024}
}

@article{kulhanek2024wildgaussians,
  title={WildGaussians: 3D Gaussian Splatting in the Wild},
  author={Kulhanek, Jonas and Peng, Songyou and Kukelova, Zuzana and Pollefeys, Marc and Sattler, Torsten},
  journal={Advances in Neural Information Processing Systems},
  year={2024}
}

@article{deng2024neslam,
  title={Neslam: Neural implicit mapping and self-supervised feature tracking with depth completion and denoising},
  author={Deng, Tianchen and Wang, Yanbo and Xie, Hongle and Wang, Hesheng and Wang, Jingchuan and Wang, Danwei and Chen, Weidong},
  journal={arXiv preprint arXiv:2403.20034},
  year={2024}
}

@article{burri2016euroc,
  title={The EuRoC micro aerial vehicle datasets},
  author={Burri, Michael and Nikolic, Janosch and Gohl, Pascal and Schneider, Thomas and Rehder, Joern and Omari, Sammy and Achtelik, Markus W and Siegwart, Roland},
  journal={The International Journal of Robotics Research},
  volume={35},
  number={10},
  pages={1157--1163},
  year={2016},
  publisher={SAGE Publications Sage UK: London, England}
}

@inproceedings{pumarola2021d,
  title={D-nerf: Neural radiance fields for dynamic scenes},
  author={Pumarola, Albert and Corona, Enric and Pons-Moll, Gerard and Moreno-Noguer, Francesc},
  booktitle={Proceedings of the IEEE/CVF Conference on Computer Vision and Pattern Recognition},
  pages={10318--10327},
  year={2021}
}

@inproceedings{zhu2022nice,
  title={Nice-slam: Neural implicit scalable encoding for slam},
  author={Zhu, Zihan and Peng, Songyou and Larsson, Viktor and Xu, Weiwei and Bao, Hujun and Cui, Zhaopeng and Oswald, Martin R and Pollefeys, Marc},
  booktitle={Proceedings of the IEEE/CVF Conference on Computer Vision and Pattern Recognition},
  pages={12786--12796},
  year={2022}
}

@inproceedings{wang2023co,
  title={Co-slam: Joint coordinate and sparse parametric encodings for neural real-time slam},
  author={Wang, Hengyi and Wang, Jingwen and Agapito, Lourdes},
  booktitle={Proceedings of the IEEE/CVF Conference on Computer Vision and Pattern Recognition},
  pages={13293--13302},
  year={2023}
}

@inproceedings{yu2024mip,
  title={Mip-splatting: Alias-free 3d gaussian splatting},
  author={Yu, Zehao and Chen, Anpei and Huang, Binbin and Sattler, Torsten and Geiger, Andreas},
  booktitle={Proceedings of the IEEE/CVF Conference on Computer Vision and Pattern Recognition},
  pages={19447--19456},
  year={2024}
}

@inproceedings{barron2023zip,
  title={Zip-nerf: Anti-aliased grid-based neural radiance fields},
  author={Barron, Jonathan T and Mildenhall, Ben and Verbin, Dor and Srinivasan, Pratul P and Hedman, Peter},
  booktitle={Proceedings of the IEEE/CVF International Conference on Computer Vision},
  pages={19697--19705},
  year={2023}
}

@inproceedings{liso2024loopy,
  title={Loopy-slam: Dense neural slam with loop closures},
  author={Liso, Lorenzo and Sandstr{\"o}m, Erik and Yugay, Vladimir and Van Gool, Luc and Oswald, Martin R},
  booktitle={Proceedings of the IEEE/CVF Conference on Computer Vision and Pattern Recognition},
  pages={20363--20373},
  year={2024}
}

@article{yugay2023gaussian,
  title={Gaussian-slam: Photo-realistic dense slam with gaussian splatting},
  author={Yugay, Vladimir and Li, Yue and Gevers, Theo and Oswald, Martin R},
  journal={arXiv preprint arXiv:2312.10070},
  year={2023}
}

@article{zhu2024loopsplat,
  title={Loopsplat: Loop closure by registering 3d gaussian splats},
  author={Zhu, Liyuan and Li, Yue and Sandstr{\"o}m, Erik and Schindler, Konrad and Armeni, Iro},
  journal={arXiv preprint arXiv:2408.10154},
  year={2024}
}

@inproceedings{peng2024rtg,
  title={Rtg-slam: Real-time 3d reconstruction at scale using gaussian splatting},
  author={Peng, Zhexi and Shao, Tianjia and Liu, Yong and Zhou, Jingke and Yang, Yin and Wang, Jingdong and Zhou, Kun},
  booktitle={ACM SIGGRAPH 2024 Conference Papers},
  pages={1--11},
  year={2024}
}

@inproceedings{sturm2012benchmark,
  title={A benchmark for the evaluation of RGB-D SLAM systems},
  author={Sturm, J{\"u}rgen and Engelhard, Nikolas and Endres, Felix and Burgard, Wolfram and Cremers, Daniel},
  booktitle={2012 IEEE/RSJ international conference on intelligent robots and systems},
  pages={573--580},
  year={2012},
  organization={IEEE}
}

@inproceedings{dai2017scannet,
  title={Scannet: Richly-annotated 3d reconstructions of indoor scenes},
  author={Dai, Angela and Chang, Angel X and Savva, Manolis and Halber, Maciej and Funkhouser, Thomas and Nie{\ss}ner, Matthias},
  booktitle={Proceedings of the IEEE/CVF Conference on Computer Vision and Pattern Recognition},
  pages={5828--5839},
  year={2017}
}

@inproceedings{huang2021di,
  title={Di-fusion: Online implicit 3d reconstruction with deep priors},
  author={Huang, Jiahui and Huang, Shi-Sheng and Song, Haoxuan and Hu, Shi-Min},
  booktitle={Proceedings of the IEEE/CVF Conference on Computer Vision and Pattern Recognition},
  pages={8932--8941},
  year={2021}
}

@article{straub2019replica,
  title={The Replica dataset: A digital replica of indoor spaces},
  author={Straub, Julian and Whelan, Thomas and Ma, Lingni and Chen, Yufan and Wijmans, Erik and Green, Simon and Engel, Jakob J and Mur-Artal, Raul and Ren, Carl and Verma, Shobhit and others},
  journal={arXiv preprint arXiv:1906.05797},
  year={2019}
}

@article{muller2022instant,
  title={Instant neural graphics primitives with a multiresolution hash encoding},
  author={M{\"u}ller, Thomas and Evans, Alex and Schied, Christoph and Keller, Alexander},
  journal={ACM Transactions on Graphics (TOG)},
  volume={41},
  number={4},
  pages={1--15},
  year={2022},
  publisher={ACM New York, NY, USA}
}

@inproceedings{barron2022mip,
  title={Mip-nerf 360: Unbounded anti-aliased neural radiance fields},
  author={Barron, Jonathan T and Mildenhall, Ben and Verbin, Dor and Srinivasan, Pratul P and Hedman, Peter},
  booktitle={Proceedings of the IEEE/CVF Conference on Computer Vision and Pattern Recognition},
  pages={5470--5479},
  year={2022}
}

@inproceedings{schonberger2016structure,
  title={Structure-from-motion revisited},
  author={Schonberger, Johannes L and Frahm, Jan-Michael},
  booktitle={Proceedings of the IEEE/CVF Conference on Computer Vision and Pattern Recognition},
  pages={4104--4113},
  year={2016}
}

@article{liu2024structure,
  title={Structure Gaussian SLAM with Manhattan World Hypothesis},
  author={Liu, Shuhong and Zhou, Heng and Li, Liuzhuozheng and Liu, Yun and Deng, Tianchen and Zhou, Yiming and Li, Mingrui},
  journal={arXiv preprint arXiv:2405.20031},
  year={2024}
}

@inproceedings{mao2024ngel,
  title={Ngel-slam: Neural implicit representation-based global consistent low-latency slam system},
  author={Mao, Yunxuan and Yu, Xuan and Zhang, Zhuqing and Wang, Kai and Wang, Yue and Xiong, Rong and Liao, Yiyi},
  booktitle={IEEE International Conference on Robotics and Automation (ICRA)},
  pages={6952--6958},
  year={2024},
  organization={IEEE}
}

@inproceedings{bregler2000recovering,
  title={Recovering non-rigid 3D shape from image streams},
  author={Bregler, Christoph and Hertzmann, Aaron and Biermann, Henning},
  booktitle={Proceedings of the IEEE/CVF Conference on Computer Vision and Pattern Recognition},
  volume={2},
  pages={690--696},
  year={2000},
  organization={IEEE}
}

@inproceedings{sturm2012evaluating,
  title={Evaluating egomotion and structure-from-motion approaches using the TUM RGB-D benchmark},
  author={Sturm, J{\"u}rgen and Burgard, Wolfram and Cremers, Daniel},
  booktitle={Proc. of the Workshop on Color-Depth Camera Fusion in Robotics at the IEEE/RJS International Conference on Intelligent Robot Systems (IROS)},
  volume={13},
  pages={6},
  year={2012}
}

@inproceedings{newcombe2011dtam,
  title={DTAM: Dense tracking and mapping in real-time},
  author={Newcombe, Richard A and Lovegrove, Steven J and Davison, Andrew J},
  booktitle={Proceedings of the IEEE/CVF International Conference on Computer Vision},
  pages={2320--2327},
  year={2011},
  organization={IEEE}
}

@article{mur2015orb,
  title={ORB-SLAM: a versatile and accurate monocular SLAM system},
  author={Mur-Artal, Raul and Montiel, Jose Maria Martinez and Tardos, Juan D},
  journal={IEEE Transactions on Robotics},
  volume={31},
  number={5},
  pages={1147--1163},
  year={2015},
  publisher={IEEE}
}

@article{liao2022so,
  title={So-slam: Semantic object slam with scale proportional and symmetrical texture constraints},
  author={Liao, Ziwei and Hu, Yutong and Zhang, Jiadong and Qi, Xianyu and Zhang, Xiaoyu and Wang, Wei},
  journal={IEEE Robotics and Automation Letters},
  volume={7},
  number={2},
  pages={4008--4015},
  year={2022},
  publisher={IEEE}
}

@inproceedings{johari2023eslam,
  title={Eslam: Efficient dense slam system based on hybrid representation of signed distance fields},
  author={Johari, Mohammad Mahdi and Carta, Camilla and Fleuret, Fran{\c{c}}ois},
  booktitle={Proceedings of the IEEE/CVF Conference on Computer Vision and Pattern Recognition},
  pages={17408--17419},
  year={2023}
}

@inproceedings{runz2017co,
  title={Co-fusion: Real-time segmentation, tracking and fusion of multiple objects},
  author={R{\"u}nz, Martin and Agapito, Lourdes},
  booktitle={IEEE International Conference on Robotics and Automation (ICRA)},
  pages={4471--4478},
  year={2017},
  organization={IEEE}
}

@inproceedings{bloesch2018codeslam,
  title={Codeslam—learning a compact, optimisable representation for dense visual slam},
  author={Bloesch, Michael and Czarnowski, Jan and Clark, Ronald and Leutenegger, Stefan and Davison, Andrew J},
  booktitle={Proceedings of the IEEE/CVF Conference on Computer Vision and Pattern Recognition},
  pages={2560--2568},
  year={2018}
}

@inproceedings{curless1996volumetric,
  title={A volumetric method for building complex models from range images},
  author={Curless, Brian and Levoy, Marc},
  booktitle={Proceedings of the 23rd annual conference on Computer graphics and interactive techniques},
  pages={303--312},
  year={1996}
}

@article{craig2004tandem,
  title={TANDEM: matching proteins with tandem mass spectra},
  author={Craig, Robertson and Beavis, Ronald C},
  journal={Bioinformatics},
  volume={20},
  number={9},
  pages={1466--1467},
  year={2004},
  publisher={Oxford University Press}
}

@inproceedings{yao2019recurrent,
  title={Recurrent mvsnet for high-resolution multi-view stereo depth inference},
  author={Yao, Yao and Luo, Zixin and Li, Shiwei and Shen, Tianwei and Fang, Tian and Quan, Long},
  booktitle={Proceedings of the IEEE/CVF Conference on Computer Vision and Pattern Recognition},
  pages={5525--5534},
  year={2019}
}

@article{teed2021droid,
  title={Droid-slam: Deep visual slam for monocular, stereo, and rgb-d cameras},
  author={Teed, Zachary and Deng, Jia},
  journal={Advances in Neural Information Processing Systems},
  volume={34},
  pages={16558--16569},
  year={2021}
}

@inproceedings{yu2021pixelnerf,
  title={pixelnerf: Neural radiance fields from one or few images},
  author={Yu, Alex and Ye, Vickie and Tancik, Matthew and Kanazawa, Angjoo},
  booktitle={Proceedings of the IEEE/CVF Conference on Computer Vision and Pattern Recognition},
  pages={4578--4587},
  year={2021}
}

@inproceedings{deng2022depth,
  title={Depth-supervised nerf: Fewer views and faster training for free},
  author={Deng, Kangle and Liu, Andrew and Zhu, Jun-Yan and Ramanan, Deva},
  booktitle={Proceedings of the IEEE/CVF Conference on Computer Vision and Pattern Recognition},
  pages={12882--12891},
  year={2022}
}

@inproceedings{guo2022nerfren,
  title={Nerfren: Neural radiance fields with reflections},
  author={Guo, Yuan-Chen and Kang, Di and Bao, Linchao and He, Yu and Zhang, Song-Hai},
  booktitle={Proceedings of the IEEE/CVF Conference on Computer Vision and Pattern Recognition},
  pages={18409--18418},
  year={2022}
}

@inproceedings{xu2022point,
  title={Point-nerf: Point-based neural radiance fields},
  author={Xu, Qiangeng and Xu, Zexiang and Philip, Julien and Bi, Sai and Shu, Zhixin and Sunkavalli, Kalyan and Neumann, Ulrich},
  booktitle={Proceedings of the IEEE/CVF Conference on Computer Vision and Pattern Recognition},
  pages={5438--5448},
  year={2022}
}

@article{kerbl20233d,
  title={3D Gaussian Splatting for Real-Time Radiance Field Rendering.},
  author={Kerbl, Bernhard and Kopanas, Georgios and Leimk{\"u}hler, Thomas and Drettakis, George},
  journal={ACM Transactions on Graphics (TOG)},
  volume={42},
  number={4},
  pages={139--1},
  year={2023}
}

@article{mur2017orb,
  title={Orb-slam2: An open-source slam system for monocular, stereo, and rgb-d cameras},
  author={Mur-Artal, Raul and Tard{\'o}s, Juan D},
  journal={IEEE Transactions on Robotics},
  volume={33},
  number={5},
  pages={1255--1262},
  year={2017},
  publisher={IEEE}
}

@article{campos2021orb,
  title={Orb-slam3: An accurate open-source library for visual, visual--inertial, and multimap slam},
  author={Campos, Carlos and Elvira, Richard and Rodr{\'\i}guez, Juan J G{\'o}mez and Montiel, Jos{\'e} MM and Tard{\'o}s, Juan D},
  journal={IEEE Transactions on Robotics},
  volume={37},
  number={6},
  pages={1874--1890},
  year={2021},
  publisher={IEEE}
}

@inproceedings{shi2020we,
  title={Are we ready for service robots? the openloris-scene datasets for lifelong slam},
  author={Shi, Xuesong and Li, Dongjiang and Zhao, Pengpeng and Tian, Qinbin and Tian, Yuxin and Long, Qiwei and Zhu, Chunhao and Song, Jingwei and Qiao, Fei and Song, Le and others},
  booktitle={IEEE International Conference on Robotics and Automation (ICRA)},
  pages={3139--3145},
  year={2020},
  organization={IEEE}
}

@inproceedings{sandstrom2023point,
  title={Point-slam: Dense neural point cloud-based slam},
  author={Sandstr{\"o}m, Erik and Li, Yue and Van Gool, Luc and Oswald, Martin R},
  booktitle={Proceedings of the IEEE/CVF International Conference on Computer Vision},
  pages={18433--18444},
  year={2023}
}

@article{whelan2012kintinuous,
  title={Kintinuous: Spatially extended kinectfusion},
  author={Whelan, Thomas and Kaess, Michael and Fallon, Maurice and Johannsson, Hordur and Leonard, John and McDonald, John},
  booktitle={Proc. Workshop RGB-D, Adv. Reason. Depth Cameras},
  year={2012},
  article={4}
}

@article{deng2023long,
  title={Long-term visual simultaneous localization and mapping: Using a bayesian persistence filter-based global map prediction},
  author={Deng, Tianchen and Xie, Hongle and Wang, Jingchuan and Chen, Weidong},
  journal={IEEE Robotics \& Automation Magazine},
  volume={30},
  number={1},
  pages={36--49},
  year={2023},
  publisher={IEEE}
}

@inproceedings{deng2024plgslam,
  title={Plgslam: Progressive neural scene represenation with local to global bundle adjustment},
  author={Deng, Tianchen and Shen, Guole and Qin, Tong and Wang, Jianyu and Zhao, Wentao and Wang, Jingchuan and Wang, Danwei and Chen, Weidong},
  booktitle={Proceedings of the IEEE/CVF Conference on Computer Vision and Pattern Recognition},
  pages={19657--19666},
  year={2024}
}

@article{du2022accurate,
  author={Du, Zheng-Jun and Huang, Shi-Sheng and Mu, Tai-Jiang and Zhao, Qunhe and Martin, Ralph R. and Xu, Kun},
  journal={IEEE Transactions on Visualization and Computer Graphics}, 
  title={Accurate Dynamic SLAM Using CRF-Based Long-Term Consistency}, 
  year={2022},
  volume={28},
  number={4},
  pages={1745-1757}
}

@ARTICLE{xie2025depth,
    author={Xie, Weijian and Chu, Guanyi and Qian, Quanhao and Yu, Yihao and Li, Hai and Chen, Danpeng and Zhai, Shangjin and Wang, Nan and Bao, Hujun and Zhang, Guofeng},
    journal={ IEEE Transactions on Visualization \& Computer Graphics },
    title={{ Depth Completion with Multiple Balanced Bases and Confidence for Dense Monocular SLAM }},
    year={2025},
    volume={},
    number={01},
    ISSN={1941-0506},
    pages={1-12}
}

@article{zhai2024nis,
    author={Zhai, Hongjia and Huang, Gan and Hu, Qirui and Li, Guanglin and Bao, Hujun and Zhang, Guofeng},
    journal={ IEEE Transactions on Visualization \& Computer Graphics },
    title={{ NIS-SLAM: Neural Implicit Semantic RGB-D SLAM for 3D Consistent Scene Understanding }},
    year={2024},
    volume={30},
    number={11},
    ISSN={1941-0506},
    pages={7129-7139},
}

@article{zhang2019hierarchical,
    author={Zhang, Jianhua and Gui, Mengping and Wang, Qichao and Liu, Ruyu and Xu, Junzhe and Chen, Shengyong},
    journal={ IEEE Transactions on Visualization \& Computer Graphics },
    title={{ Hierarchical Topic Model Based Object Association for Semantic SLAM }},
    year={2019},
    volume={25},
    number={11},
    ISSN={1941-0506},
    pages={3052-3062}
}

@article{yan2017dense,
    author={Yan, Zhixin and Ye, Mao and Ren, Liu},
    journal={ IEEE Transactions on Visualization \& Computer Graphics },
    title={{ Dense Visual SLAM with Probabilistic Surfel Map }},
    year={2017},
    volume={23},
    number={11},
    ISSN={1941-0506},
    pages={2389-2398}
}

@article{deng2023prosgnerf,
  title={Prosgnerf: Progressive dynamic neural scene graph with frequency modulated auto-encoder in urban scenes},
  author={Deng, Tianchen and Liu, Siyang and Wang, Xuan and Liu, Yejia and Wang, Danwei and Chen, Weidong},
  journal={arXiv preprint arXiv:2312.09076},
  year={2023}
}

@article{pan2024robust,
    author={Pan, Xiaokun and Huang, Gan and Zhang, Ziyang and Li, Jinyu and Bao, Hujun and Zhang, Guofeng},
    journal={ IEEE Transactions on Visualization \& Computer Graphics },
    title={{ Robust Collaborative Visual-Inertial SLAM for Mobile Augmented Reality }},
    year={2024},
    volume={30},
    number={11},
    ISSN={1941-0506},
    pages={7354-7363}
}

@article{huang2023real,
    author={Huang, Shi-Sheng and Chen, Haoxiang and Huang, Jiahui and Fu, Hongbo and Hu, Shi-Min},
    journal={ IEEE Transactions on Visualization \& Computer Graphics },
    title={{ Real-Time Globally Consistent 3D Reconstruction With Semantic Priors }},
    year={2023},
    volume={29},
    number={04},
    ISSN={1941-0506},
    pages={1977-1991}
}


@article{whelan2015realtime,
  author    = {Thomas Whelan and Michael Kaess and Hordur Johannsson and Maurice Fallon and John J. Leonard and John McDonald},
  title     = {Real-time large-scale dense RGB-D SLAM with volumetric fusion},
  journal   = {The International Journal of Robotics Research},
  volume    = {34},
  number    = {4-5},
  pages     = {598--626},
  year      = {2015}
}

@inproceedings{hosseinzadeh2019real,
  title={Real-time monocular object-model aware sparse SLAM},
  author={Hosseinzadeh, Mehdi and Li, Kejie and Latif, Yasir and Reid, Ian},
  booktitle={IEEE International Conference on Robotics and Automation (ICRA)},
  pages={7123--7129},
  year={2019},
  organization={IEEE}
}

@article{wang2004image,
  title={Image quality assessment: from error visibility to structural similarity},
  author={Wang, Zhou and Bovik, Alan C and Sheikh, Hamid R and Simoncelli, Eero P},
  journal={IEEE transactions on image processing},
  volume={13},
  number={4},
  pages={600--612},
  year={2004},
  publisher={IEEE}
}

@inproceedings{zwicker2001surface,
  title={Surface splatting},
  author={Zwicker, Matthias and Pfister, Hanspeter and Van Baar, Jeroen and Gross, Markus},
  booktitle={Proceedings of the 28th annual conference on Computer graphics and interactive techniques},
  pages={371--378},
  year={2001}
}

@inproceedings{yang2022vox,
  title={Vox-fusion: Dense tracking and mapping with voxel-based neural implicit representation},
  author={Yang, Xingrui and Li, Hai and Zhai, Hongjia and Ming, Yuhang and Liu, Yuqian and Zhang, Guofeng},
  booktitle={2022 IEEE International Symposium on Mixed and Augmented Reality (ISMAR)},
  pages={499--507},
  year={2022},
  organization={IEEE}
}

@article{qin2018vins,
  title={Vins-mono: A robust and versatile monocular visual-inertial state estimator},
  author={Qin, Tong and Li, Peiliang and Shen, Shaojie},
  journal={IEEE Transactions on Robotics},
  volume={34},
  number={4},
  pages={1004--1020},
  year={2018},
  publisher={IEEE}
}

@inproceedings{matsuki2024gaussian,
  title={Gaussian splatting slam},
  author={Matsuki, Hidenobu and Murai, Riku and Kelly, Paul HJ and Davison, Andrew J},
  booktitle={Proceedings of the IEEE/CVF Conference on Computer Vision and Pattern Recognition},
  pages={18039--18048},
  year={2024}
}

@inproceedings{yan2024gs,
  title={Gs-slam: Dense visual slam with 3d gaussian splatting},
  author={Yan, Chi and Qu, Delin and Xu, Dan and Zhao, Bin and Wang, Zhigang and Wang, Dong and Li, Xuelong},
  booktitle={Proceedings of the IEEE/CVF Conference on Computer Vision and Pattern Recognition},
  pages={19595--19604},
  year={2024}
}

@inproceedings{kong2023vmap,
  title={vmap: Vectorised object mapping for neural field slam},
  author={Kong, Xin and Liu, Shikun and Taher, Marwan and Davison, Andrew J},
  booktitle={Proceedings of the IEEE/CVF Conference on Computer Vision and Pattern Recognition},
  pages={952--961},
  year={2023}
}

@article{li2023end,
  title={End-to-end rgb-d slam with multi-mlps dense neural implicit representations},
  author={Li, Mingrui and He, Jiaming and Wang, Yangyang and Wang, Hongyu},
  journal={IEEE Robotics and Automation Letters},
  year={2023},
  publisher={IEEE}
}

@inproceedings{chung2023orbeez,
  title={Orbeez-slam: A real-time monocular visual slam with orb features and nerf-realized mapping},
  author={Chung, Chi-Ming and Tseng, Yang-Che and Hsu, Ya-Ching and Shi, Xiang-Qian and Hua, Yun-Hung and Yeh, Jia-Fong and Chen, Wen-Chin and Chen, Yi-Ting and Hsu, Winston H},
  booktitle={IEEE International Conference on Robotics and Automation (ICRA)},
  pages={9400--9406},
  year={2023},
  organization={IEEE}
}

@inproceedings{newcombe2011kinectfusion,
  title={Kinectfusion: Real-time dense surface mapping and tracking},
  author={Newcombe, Richard A and Izadi, Shahram and Hilliges, Otmar and Molyneaux, David and Kim, David and Davison, Andrew J and Kohi, Pushmeet and Shotton, Jamie and Hodges, Steve and Fitzgibbon, Andrew},
  booktitle={2011 10th IEEE international symposium on mixed and augmented reality},
  pages={127--136},
  year={2011},
  organization={Ieee}
}

@inproceedings{sucar2021imap,
  title={imap: Implicit mapping and positioning in real-time},
  author={Sucar, Edgar and Liu, Shikun and Ortiz, Joseph and Davison, Andrew J},
  booktitle={Proceedings of the IEEE/CVF International Conference on Computer Vision},
  pages={6229--6238},
  year={2021}
}

@inproceedings{rosinol2023nerf,
  title={Nerf-slam: Real-time dense monocular slam with neural radiance fields},
  author={Rosinol, Antoni and Leonard, John J and Carlone, Luca},
  booktitle={2023 IEEE/RSJ International Conference on Intelligent Robots and Systems (IROS)},
  pages={3437--3444},
  year={2023},
  organization={IEEE}
}

@article{wang2021neus,
  title={Neus: Learning neural implicit surfaces by volume rendering for multi-view reconstruction},
  author={Wang, Peng and Liu, Lingjie and Liu, Yuan and Theobalt, Christian and Komura, Taku and Wang, Wenping},
  journal={arXiv preprint arXiv:2106.10689},
  year={2021}
}

@inproceedings{turki2022mega,
  title={Mega-nerf: Scalable construction of large-scale nerfs for virtual fly-throughs},
  author={Turki, Haithem and Ramanan, Deva and Satyanarayanan, Mahadev},
  booktitle={Proceedings of the IEEE/CVF Conference on Computer Vision and Pattern Recognition},
  pages={12922--12931},
  year={2022}
}

@article{Yu2024GOF,
  author    = {Yu, Zehao and Sattler, Torsten and Geiger, Andreas},
  title     = {Gaussian Opacity Fields: Efficient Adaptive Surface Reconstruction in Unbounded Scenes},
  journal   = {ACM Transactions on Graphics (TOG)},
  year      = {2024},
}

@inproceedings{zhang2023go,
  title={Go-slam: Global optimization for consistent 3d instant reconstruction},
  author={Zhang, Youmin and Tosi, Fabio and Mattoccia, Stefano and Poggi, Matteo},
  booktitle={Proceedings of the IEEE/CVF International Conference on Computer Vision},
  pages={3727--3737},
  year={2023}
}

@inproceedings{keetha2024splatam,
  title={SplaTAM: Splat Track \& Map 3D Gaussians for Dense RGB-D SLAM},
  author={Keetha, Nikhil and Karhade, Jay and Jatavallabhula, Krishna Murthy and Yang, Gengshan and Scherer, Sebastian and Ramanan, Deva and Luiten, Jonathon},
  booktitle={Proceedings of the IEEE/CVF Conference on Computer Vision and Pattern Recognition},
  pages={21357--21366},
  year={2024}
}

@article{niemeyer2024radsplat,
  title={Radsplat: Radiance field-informed gaussian splatting for robust real-time rendering with 900+ fps},
  author={Niemeyer, Michael and Manhardt, Fabian and Rakotosaona, Marie-Julie and Oechsle, Michael and Duckworth, Daniel and Gosula, Rama and Tateno, Keisuke and Bates, John and Kaeser, Dominik and Tombari, Federico},
  journal={arXiv preprint arXiv:2403.13806},
  year={2024}
}

@inproceedings{zwicker2001ewa,
  title={EWA volume splatting},
  author={Zwicker, Matthias and Pfister, Hanspeter and Van Baar, Jeroen and Gross, Markus},
  booktitle={Proceedings Visualization, 2001. VIS'01.},
  pages={29--538},
  year={2001},
  organization={IEEE}
}

@article{forster2016svo,
  title={SVO: Semidirect visual odometry for monocular and multicamera systems},
  author={Forster, Christian and Zhang, Zichao and Gassner, Michael and Werlberger, Manuel and Scaramuzza, Davide},
  journal={IEEE Transactions on Robotics},
  volume={33},
  number={2},
  pages={249--265},
  year={2016},
  publisher={IEEE}
}

@inproceedings{huang2024photo,
  title={Photo-SLAM: Real-time Simultaneous Localization and Photorealistic Mapping for Monocular Stereo and RGB-D Cameras},
  author={Huang, Huajian and Li, Longwei and Cheng, Hui and Yeung, Sai-Kit},
  booktitle={Proceedings of the IEEE/CVF Conference on Computer Vision and Pattern Recognition},
  pages={21584--21593},
  year={2024}
}

