@inproceedings{anwar2019real,
	title={Real image denoising with feature attention},
	author={Anwar, Saeed and Barnes, Nick},
	booktitle={Proceedings of the IEEE International Conference on Computer Vision},
	pages={3155--3164},
	year={2019}
}

@inproceedings{chupraphawan2019deep,
	title={Deep convolutional neural network with edge feature for image denoising},
	author={Chupraphawan, Supakorn and Ratanamahatana, Chotirat Ann},
	booktitle={International Conference on Computing and Information Technology},
	pages={169--179},
	year={2019},
	organization={Springer}
}

@inproceedings{dong2015compression,
	title={Compression artifacts reduction by a deep convolutional network},
	author={Dong, Chao and Deng, Yubin and Loy, Chen Change and Tang, Xiaoou},
	booktitle={Proceedings of the IEEE International Conference on Computer Vision},
	pages={576--584},
	year={2015}
}

@article{fang2020multilevel,
	title={Multilevel edge features guided network for image denoising},
	author={Fang, Faming and Li, Juncheng and Yuan, Yiting and Zeng, Tieyong and Zhang, Guixu},
	journal={IEEE Transactions on Neural Networks and Learning Systems},
	volume={32},
	number={9},
	pages={3956--3970},
	year={2020},
	publisher={IEEE}
}

@inproceedings{liu2018multi,
	title={Multi-level wavelet-CNN for image restoration},
	author={Liu, Pengju and Zhang, Hongzhi and Zhang, Kai and Lin, Liang and Zuo, Wangmeng},
	booktitle={Proceedings of the IEEE Conference on Computer Vision and Pattern Recognition Workshops},
	pages={773--782},
	year={2018}
}

@inproceedings{liu2020gradnet,
	title={Gradnet image denoising},
	author={Liu, Yang and Anwar, Saeed and Zheng, Liang and Tian, Qi},
	booktitle={Proceedings of the IEEE Conference on Computer Vision and Pattern Recognition Workshops},
	pages={508--509},
	year={2020}
}

@inproceedings{mou2021dynamic,
	title={Dynamic attentive graph learning for image restoration},
	author={Mou, Chong and Zhang, Jian and Wu, Zhuoyuan},
	booktitle={Proceedings of the IEEE International Conference on Computer Vision},
	pages={4328--4337},
	year={2021}
}

@article{tian2020attention,
	title={Attention-guided CNN for image denoising},
	author={Tian, Chunwei and Xu, Yong and Li, Zuoyong and Zuo, Wangmeng and Fei, Lunke and Liu, Hong},
	journal={Neural Networks},
	volume={124},
	pages={117--129},
	year={2020},
	publisher={Elsevier}
}

@article{valsesia2020deep,
	title={Deep graph-convolutional image denoising},
	author={Valsesia, Diego and Fracastoro, Giulia and Magli, Enrico},
	journal={IEEE Transactions on Image Processing},
	volume={29},
	pages={8226--8237},
	year={2020},
	publisher={IEEE}
}

@article{yu2015multi,
	title={Multi-scale context aggregation by dilated convolutions},
	author={Yu, Fisher and Koltun, Vladlen},
	journal={arXiv preprint arXiv:1511.07122},
	year={2015}
}

@inproceedings{zhang2017learning,
	title={Learning deep CNN denoiser prior for image restoration},
	author={Zhang, Kai and Zuo, Wangmeng and Gu, Shuhang and Zhang, Lei},
	booktitle={Proceedings of the IEEE Conference on Computer Vision and Pattern Recognition},
	pages={3929--3938},
	year={2017}
}

@article{zhang2018ffdnet,
	title={FFDNet: Toward a fast and flexible solution for CNN-based image denoising},
	author={Zhang, Kai and Zuo, Wangmeng and Zhang, Lei},
	journal={IEEE Transactions on Image Processing},
	volume={27},
	number={9},
	pages={4608--4622},
	year={2018},
	publisher={IEEE}
}

