@inproceedings{li2018spatio,
	title={Spatio-temporal graph convolution for skeleton based action recognition},
	author={Chaolong, Li and Zhen, Cui and Wenming, Zheng and Chunyan, Xu and Jian, Yang},
	booktitle={Thirty-second AAAI Conference on Artificial Intelligence},
	volume={2},
	year={2018}
}
@article{song2018eeg,
	title={EEG emotion recognition using dynamical graph convolutional neural networks},
	author={Song, Tengfei and Zheng, Wenming and Song, Peng and Cui, Zhen},
	journal={IEEE Transactions on Affective Computing},
	volume={11},
	number={3},
	pages={532--541},
	year={2018},
	publisher={IEEE}
}
@article{li2018action,
	title={Action-Attending Graphic Neural Network},
	author={Li, Chaolong and Cui, Zhen and Zheng, Wenming and Xu, Chunyan and Ji, Rongrong and Yang, Jian},
	journal={IEEE Transactions on Image Processing},
	volume={27},
	number={7},
	pages={3657--3670},
	year={2018},
	publisher={IEEE}
}
@article{cui2017spectral,
	title={Spectral filter tracking},
	author={Cui, Zhen and Cai, Youyi and Zheng, Wenming and Xu, Chunyan and Yang, Jian},
	journal={IEEE Transactions on Image Processing},
	volume={28},
	number={5},
	pages={2479--2489},
	year={2018},
	publisher={IEEE}
}
@inproceedings{cui2018context,
	title={Context-dependent diffusion network for visual relationship detection},
	author={Cui, Zhen and Xu, Chunyan and Zheng, Wenming and Yang, Jian},
	booktitle={International Conference on Multimedia},
	pages={1475--1482},
	year={2018},
    organization={ACM}
}
@inproceedings{velickovic2017graph,
	title={Graph attention networks},
	author={Velickovic, Petar and Cucurull, Guillem and Casanova, Arantxa and Romero, Adriana and Lio, Pietro and Bengio, Yoshua},
	booktitle={6th International Conference on Learning Representations},
	year={2018}
}

@article{zhang2018tensor,
	title={Tensor graph convolutional neural network},
	author={Zhang, Tong and Zheng, Wenming and Cui, Zhen and Li, Yang},
	journal={arXiv preprint arXiv:1803.10071},
	year={2018}
}
@article{zhao2018work,
	title={When Work Matters: Transforming Classical Network Structures to Graph CNN},
	author={Zhao, Wenting and Xu, Chunyan and Cui, Zhen and Zhang, Tong and Jiang, Jiatao and Zhang, Zhenyu and Yang, Jian},
	journal={arXiv preprint arXiv:1807.02653},
	year={2018}
}
@article{jiang2018walk,
	title={Walk-steered convolution for graph classification},
	author={Jiang, Jiatao and Xu, Chunyan and Cui, Zhen and Zhang, Tong and Zheng, Wenming and Yang, Jian},
	journal={IEEE Transactions on Neural Networks and Learning Systems},
	volume={31},
	number={11},
	pages={4553--4566},
	year={2019},
	publisher={IEEE}
}
@article{felzenszwalb2004efficient,
	title={Efficient graph-based image segmentation},
	author={Felzenszwalb, Pedro F and Huttenlocher, Daniel P},
	journal={International Journal of Computer Vision},
	volume={59},
	pages={167--181},
	year={2004},
	publisher={Springer}
}
@inproceedings{monti2017geometric,
	title={Geometric deep learning on graphs and manifolds using mixture model CNNs},
	author={Monti, Federico and Boscaini, Davide and Masci, Jonathan and Rodola, Emanuele and Svoboda, Jan and Bronstein, Michael M},
	booktitle={Proceedings of the IEEE Conference on Computer Vision and Pattern Recognition},
	volume={1},
	number={2},
	pages={3},
	pages={5115--5124},
	year={2017}
}
@inproceedings{scholkopf2002kernel,
	title={A kernel approach for learning from almost orthogonal patterns},
	author={Sch{\"o}lkopf, Bernhard and Weston, Jason and Eskin, Eleazar and Leslie, Christina and Noble, William Stafford},
	booktitle={European Conference on Machine Learning},
	pages={511--528},
	year={2002},
	organization={Springer}
}
@article{scarselli2009graph,
	title={The graph neural network model},
	author={Scarselli, Franco and Gori, Marco and Tsoi, Ah Chung and Hagenbuchner, Markus and Monfardini, Gabriele},
	journal={IEEE Transactions on Neural Networks},
	volume={20},
	number={1},
	pages={61--80},
	year={2008},
	publisher={IEEE}
}
@inproceedings{yanardag2015deep,
	title={Deep graph kernels},
	author={Yanardag, Pinar and Vishwanathan, SVN},
	booktitle={International Conference on Knowledge Discovery and Data Mining},
	pages={1365--1374},
	year={2015}
}

@techreport{haussler1999convolution,
	title={Convolution kernels on discrete structures},
	author={Haussler, David},
	year={1999},
	institution={Technical report, Department of Computer Science, University of California at Santa Cruz}
}
@book{koller2009probabilistic,
	title={Probabilistic graphical models: principles and techniques},
	author={Koller, Daphne and Friedman, Nir},
	year={2009},
	publisher={MIT press}
}
@inproceedings{tang2015subgraph,
	title={Subgraph decomposition for multi-target tracking},
	author={Tang, Siyu and Andres, Bjoern and Andriluka, Miykhaylo and Schiele, Bernt},
	booktitle={Proceedings of the IEEE Conference on Computer Vision and Pattern Recognition},
	pages={5033--5041},
	year={2015}
}
@inproceedings{tang2017multiple,
	title={Multiple people tracking by lifted multicut and person re-identification},
	author={Tang, Siyu and Andriluka, Mykhaylo and Andres, Bjoern and Schiele, Bernt},
	booktitle={Proceedings of the IEEE Conference on Computer Vision and Pattern Recognition},
	pages={3539--3548},
	year={2017}
}

@article{marino2016more,
	title={The More You Know: Using Knowledge Graphs for Image Classification},
	author={Marino, Kenneth and Salakhutdinov, Ruslan and Gupta, Abhinav},
	journal={arXiv preprint arXiv:1612.04844},
	year={2016}
}
@inproceedings{liu2016spatio,
	title={Spatio-temporal lstm with trust gates for 3d human action recognition},
	author={Liu, Jun and Shahroudy, Amir and Xu, Dong and Wang, Gang},
	booktitle={14th European Conference on Computer Vision},
	pages={816--833},
	year={2016},
	organization={Springer}
}
@article{such2017robust,
	title={Robust spatial filtering with graph convolutional neural networks},
	author={Such, Felipe Petroski and Sah, Shagan and Dominguez, Miguel Alexander and Pillai, Suhas and Zhang, Chao and Michael, Andrew and Cahill, Nathan D and Ptucha, Raymond},
	journal={IEEE Journal of Selected Topics in Signal Processing},
	volume={11},
	number={6},
	pages={884--896},
	year={2017},
	publisher={IEEE}
}
@article{defferrard2016convolutional,
	title={Convolutional neural networks on graphs with fast localized spectral filtering},
	author={Defferrard, Micha{\"e}l and Bresson, Xavier and Vandergheynst, Pierre},
	journal={Advances in Neural Information Processing Systems},
	volume={29},
	pages={3844--3852},
	year={2016}
}
@article{henaff2015deep,
	title={Deep convolutional networks on graph-structured data},
	author={Henaff, Mikael and Bruna, Joan and LeCun, Yann},
	journal={arXiv preprint arXiv:1506.05163},
	year={2015}
}
@inproceedings{niepert2016learning,
	title={Learning convolutional neural networks for graphs},
	author={Niepert, Mathias and Ahmed, Mohamed and Kutzkov, Konstantin},
	booktitle={International Conference on Machine Learning},
	pages={2014--2023},
	year={2016},
	organization={PMLR}
}

@inproceedings{li2015gated,
	title={Gated graph sequence neural networks},
	author={Li, Yujia and Tarlow, Daniel and Brockschmidt, Marc and Zemel, Richard},
	booktitle={4th International Conference on Learning Representations},
	year={2016}
}
@inproceedings{perozzi2014deepwalk,
	title={Deepwalk: Online learning of social representations},
	author={Perozzi, Bryan and Al-Rfou, Rami and Skiena, Steven},
	booktitle={International Conference on Knowledge Discovery and Data Mining},
	pages={701--710},
	year={2014},
	organization={ACM}
}
@inproceedings{kipf2016semi,
	title={Semi-supervised classification with graph convolutional networks},
	author={Kipf, Thomas N and Welling, Max},
	booktitle={5th International Conference on Learning Representations},
	year={2017}
}
@article{sanchez2013image,
	title={Image classification with the fisher vector: Theory and practice},
	author={Sanchez, Jorge and Perronnin, Florent and Mensink, Thomas and Verbeek, Jakob},
	journal={International Journal of Computer Vision},
	volume={105},
	number={3},
	pages={222--245},
	year={2013},
	publisher={Springer}
}
@inproceedings{huang2016densely,
	title={Densely connected convolutional networks},
	author={Huang, Gao and Liu, Zhuang and Van Der Maaten, Laurens and Weinberger, Kilian Q},
	booktitle={Proceedings of the IEEE Conference on Computer Vision and Pattern Recognition},
	pages={4700--4708},
	year={2017}
}

@inproceedings{he2016deep,
	title={Deep residual learning for image recognition},
	author={He, Kaiming and Zhang, Xiangyu and Ren, Shaoqing and Sun, Jian},
	booktitle={Proceedings of the IEEE Conference on Computer Vision and Pattern Recognition},
	pages={770--778},
	year={2016}
}
@article{lecun2015deep,
	title={Deep learning},
	author={LeCun, Yann and Bengio, Yoshua and Hinton, Geoffrey},
	journal={Nature},
	volume={521},
	number={7553},
	pages={436--444},
	year={2015},
	publisher={Nature Research}
}
@inproceedings{kashima2003marginalized,
	title={Marginalized kernels between labeled graphs},
	author={Kashima, Hisashi and Tsuda, Koji and Inokuchi, Akihiro},
    booktitle={International Conference on Machine Learning},
	pages={321--328},
	year={2003}
}
@article{shervashidze2011weisfeiler,
	title={Weisfeiler-lehman graph kernels.},
	author={Shervashidze, Nino and Schweitzer, Pascal and Van Leeuwen, Erik Jan and Mehlhorn, Kurt and Borgwardt, Karsten M},
	journal={Journal of Machine Learning Research},
	volume={12},
	number={9},
	pages={2539--2561},
	year={2011}
}
@article{fei2014structured,
	title={Structured sparse boosting for graph classification},
	author={Fei, Hongliang and Huan, Jun},
	journal={ACM Transactions on Knowledge Discovery from Data},
	volume={9},
	number={1},
	pages={1--22},
	year={2014},
	publisher={ACM}
}
@inproceedings{thoma2009near,
	title={Near-optimal supervised feature selection among frequent subgraphs},
	author={Thoma, Marisa and Cheng, Hong and Gretton, Arthur and Han, Jiawei and Kriegel, Hans-Peter and Smola, Alex and Song, Le and Yu, Philip S and Yan, Xifeng and Borgwardt, Karsten},
	booktitle={International Conference on Data Mining},
	pages={1076--1087},
	year={2009},
	organization={SIAM}
}
@inproceedings{atwood2016diffusion,
	title={Diffusion-convolutional neural networks},
	author={Atwood, James and Towsley, Don},
	booktitle={Advances in Neural Information Processing Systems},
	pages={1993--2001},
	year={2016}
}
@inproceedings{shervashidze2009efficient,
	title={Efficient graphlet kernels for large graph comparison},
	author={Shervashidze, Nino and Vishwanathan, SVN and Petri, Tobias and Mehlhorn, Kurt and Borgwardt, Karsten},
	booktitle={Artificial Intelligence and Statistics},
	pages={488--495},
	year={2009}
}
@article{gomez2017dynamics,
	title={Dynamics Based Features For Graph Classification},
	author={Gomez, Leonardo Gutierrez and Chiem, Benjamin and Delvenne, Jean-Charles},
	journal={arXiv preprint arXiv:1705.10817},
	year={2017}
}
@article{orsini2017shift,
	title={Shift Aggregate Extract Networks},
	author={Orsini, Francesco and Baracchi, Daniele and Frasconi, Paolo},
	journal={arXiv preprint arXiv:1703.05537},
	year={2017}
}
@inproceedings{shahroudy2016ntu,
	title={NTU RGB+ D: A large scale dataset for 3D human activity analysis},
	author={Shahroudy, Amir and Liu, Jun and Ng, Tian-Tsong and Wang, Gang},
	booktitle={Proceedings of the IEEE Conference on Computer Vision and Pattern Recognition},
	pages={1010--1019},
	year={2016}
}
@inproceedings{vemulapalli2014human,
	title={Human action recognition by representing 3d skeletons as points in a lie group},
	author={Vemulapalli, Raviteja and Arrate, Felipe and Chellappa, Rama},
	booktitle={Proceedings of the IEEE Conference on Computer Vision and Pattern Recognition},
	pages={588--595},
	year={2014}
}
@inproceedings{hu2015jointly,
	title={Jointly learning heterogeneous features for RGB-D activity recognition},
	author={Hu, Jian-Fang and Zheng, Wei-Shi and Lai, Jianhuang and Zhang, Jianguo},
	booktitle={Proceedings of the IEEE Conference on Computer Vision and Pattern Recognition},
	pages={5344--5352},
	year={2015}
}
@inproceedings{batabyal2015action,
	title={Action recognition using joint coordinates of 3d skeleton data},
	author={Batabyal, Tamal and Chattopadhyay, Tanushyam and Mukherjee, Dipti Prasad},
	booktitle={2015 IEEE International Conference on Image Processing},
	pages={4107--4111},
	year={2015},
	organization={IEEE}
}

@inproceedings{huang2016deep,
	title={Deep learning on lie groups for skeleton-based action recognition},
	author={Huang, Zhiwu and Wan, Chengde and Probst, Thomas and Van Gool, Luc},
	booktitle={Proceedings of the IEEE Conference on Computer Vision and Pattern Recognition},
	pages={6099--6108},
	year={2017}
}

@inproceedings{song2017end,
	title={An End-to-End Spatio-Temporal Attention Model for Human Action Recognition from Skeleton Data.},
	author={Song, Sijie and Lan, Cuiling and Xing, Junliang and Zeng, Wenjun and Liu, Jiaying},
	booktitle={AAAI Conference on Artificial Intelligence},
	pages={4263--4270},
	year={2017}
}
@inproceedings{liu2017global,
	title={Global context-aware attention lstm networks for 3d action recognition},
	author={Liu, Jun and Wang, Gang and Hu, Ping and Duan, Ling-Yu and Kot, Alex C},
	booktitle={Proceedings of the IEEE Conference on Computer Vision and Pattern Recognition},
	pages={1647--1656},
	year={2017}
}
@inproceedings{zhang2017geometric,
	title={On geometric features for skeleton-based action recognition using multilayer LSTM networks},
	author={Zhang, Songyang and Liu, Xiaoming and Xiao, Jun},
	booktitle={IEEE Winter Conference on Applications of Computer Vision},
	pages={148--157},
	year={2017}
}
@inproceedings{ke2017new,
	title={A New Representation of Skeleton Sequences for 3D Action Recognition},
	author={Ke, Qiuhong and Bennamoun, Mohammed and An, Senjian and Sohel, Ferdous and Boussaid, Farid},
	booktitle={Proceedings of the IEEE Conference on Computer Vision and Pattern Recognition},
    pages={3288--3297},
	year={2017}
}
@article{liu2017enhanced,
	title={Enhanced skeleton visualization for view invariant human action recognition},
	author={Liu, Mengyuan and Liu, Hong and Chen, Chen},
	journal={Pattern Recognition},
	volume={68},
	pages={346--362},
	year={2017}
}
@article{gartner2003graph,
	title={On graph kernels: Hardness results and efficient alternatives},
	author={G{\"a}rtner, Thomas and Flach, Peter and Wrobel, Stefan},
	journal={Learning Theory and Kernel Machines},
	pages={129--143},
	year={2003},
	publisher={Springer}
}
@article{barnett2016feature,
	title={Feature-Based Classification of Networks},
	author={Barnett, Ian and Malik, Nishant and Kuijjer, Marieke L and Mucha, Peter J and Onnela, Jukka-Pekka},
	journal={arXiv preprint arXiv:1610.05868},
	year={2016}
}
@article{debnath1991structure,
	title={Structure-activity relationship of mutagenic aromatic and heteroaromatic nitro compounds. correlation with molecular orbital energies and hydrophobicity},
	author={Debnath, Asim Kumar and Lopez de Compadre, Rosa L and Debnath, Gargi and Shusterman, Alan J and Hansch, Corwin},
	journal={Journal of Medicinal Chemistry},
	volume={34},
	number={2},
	pages={786--797},
	year={1991},
	publisher={ACS Publications}
}
@inproceedings{leskovec2005graphs,
	title={Graphs over time: densification laws, shrinking diameters and possible explanations},
	author={Leskovec, Jure and Kleinberg, Jon and Faloutsos, Christos},
	booktitle={International Conference on Knowledge Discovery and Data Mining},
	pages={177--187},
	year={2005},
	organization={ACM}
}
@article{toivonen2003statistical,
	title={Statistical evaluation of the predictive toxicology challenge 2000--2001},
	author={Toivonen, Hannu and Srinivasan, Ashwin and King, Ross D and Kramer, Stefan and Helma, Christoph},
	journal={Bioinformatics},
	volume={19},
	number={10},
	pages={1183--1193},
	year={2003},
	publisher={Oxford University Press}
}
@article{wale2008comparison,
	title={Comparison of descriptor spaces for chemical compound retrieval and classification},
	author={Wale, Nikil and Watson, Ian A and Karypis, George},
	journal={Knowledge and Information Systems},
	volume={14},
	number={3},
	pages={347--375},
	year={2008},
	publisher={Springer}
}
@article{borgwardt2005protein,
	title={Protein function prediction via graph kernels},
	author={Borgwardt, Karsten M and Ong, Cheng Soon and Sch{\"o}nauer, Stefan and Vishwanathan, SVN and Smola, Alex J and Kriegel, Hans-Peter},
	journal={Bioinformatics},
	volume={21},
	number={suppl\_1},
	pages={i47--i56},
	year={2005},
	publisher={Oxford University Press}
}
@book{cvetkovic1980spectra,
	title={Spectra of graphs: theory and application},
	author={Cvetkovi{\'c}, Drago{\v{s}} M and Doob, Michael and Sachs, Horst},
	volume={87},
	year={1980},
	publisher={Academic Pr}
}
@inproceedings{hamilton2017inductive,
	title={Inductive representation learning on large graphs},
	author={Hamilton, Will and Ying, Zhitao and Leskovec, Jure},
	booktitle={Advances in Neural Information Processing Systems},
	pages={1025--1035},
	year={2017}
}
@article{luo2017deep,
	title={Deep learning of graphs with ngram convolutional neural networks},
	author={Luo, Zhiling and Liu, Ling and Yin, Jianwei and Li, Ying and Wu, Zhaohui},
	journal={IEEE Transactions on Knowledge and Data Engineering},
	volume={29},
	number={10},
	pages={2125--2139},
	year={2017},
	publisher={IEEE}
}
@inproceedings{morris2017glocalized,
	title={Glocalized Weisfeiler-Lehman Graph Kernels: Global-Local Feature Maps of Graphs},
	author={Morris, Christopher and Kersting, Kristian and Mutzel, Petra},
	booktitle={International Conference on Data Mining},
	pages={327--336},
	year={2017},
	organization={IEEE}
}
@inproceedings{duran2017learning,
	title={Learning Graph Representations with Embedding Propagation},
	author={Duran, Alberto Garcia and Niepert, Mathias},
	booktitle={Advances in Neural Information Processing Systems},
	volume={30},
	pages={5119--5130},
	year={2017}
}
@inproceedings{grover2016node2vec,
	title={node2vec: Scalable feature learning for networks},
	author={Grover, Aditya and Leskovec, Jure},
	booktitle={International Conference on Knowledge Discovery and Data Mining},
	pages={855--864},
	year={2016},
	organization={ACM}
}
@inproceedings{li2016discriminative,
	title={Discriminative deep random walk for network classification},
	author={Li, Juzheng and Zhu, Jun and Zhang, Bo},
	booktitle={Annual Meeting of the Association for Computational Linguistics},
	volume={1},
	pages={1004--1013},
	year={2016}
}
@article{chen2017harp,
	title={HARP: Hierarchical Representation Learning for Networks},
	author={Chen, Haochen and Perozzi, Bryan and Hu, Yifan and Skiena, Steven},
	journal={arXiv preprint arXiv:1706.07845},
	year={2017}
}
@article{perozzi2016walklets,
	title={Walklets: Multiscale graph embeddings for interpretable network classification},
	author={Perozzi, Bryan and Kulkarni, Vivek and Skiena, Steven},
	journal={arXiv preprint arXiv:1605.02115},
	year={2016}
}
@inproceedings{yang2016multi,
	title={Multi-Modal Bayesian Embeddings for Learning Social Knowledge Graphs.},
	author={Yang, Zhilin and Tang, Jie and Cohen, William W},
	booktitle={International Joint Conference on Artificial Intelligence},
	pages={2287--2293},
	year={2016}
}
@article{dhillon2007weighted,
	title={Weighted graph cuts without eigenvectors a multilevel approach},
	author={Dhillon, Inderjit S and Guan, Yuqiang and Kulis, Brian},
	journal={IEEE Transactions on Pattern Analysis and Machine Intelligence},
	volume={29},
	number={11},
	pages={1944--1957},
	year={2007},
	publisher={IEEE}
}

@inproceedings{NIPS2012_imagenet,
	title = {ImageNet Classification with Deep Convolutional Neural Networks},
	author = {Alex Krizhevsky and Sutskever, Ilya and Geoffrey E. Hinton},
	booktitle = {Advances in Neural Information Processing Systems},
	volume={25},
	pages = {1097-1105},
	year = {2012},
}
 @article{googleLeNet,
	title={Going deeper with convolutions},
	author={Szegedy, Christian and Liu, Wei and Jia, Yangqing and Sermanet, Pierre and Reed, Scott and Anguelov, Dragomir and Erhan, Dumitru and Vanhoucke, Vincent and Rabinovich, Andrew},
	journal={arXiv preprint arXiv:1409.4842},
	year={2014}
}
@inproceedings{resnet,
	author    = {Kaiming He and
	Xiangyu Zhang and
	Shaoqing Ren and
	Jian Sun},
	title     = {Deep Residual Learning for Image Recognition},
	booktitle = {Proceedings of the IEEE Conference on Computer Vision and Pattern Recognition},
	pages     = {770--778},
	year      = {2016}
}
@article{goyal2017graph,
	title={Graph Embedding Techniques, Applications, and Performance: A Survey},
	author={Goyal, Palash and Ferrara, Emilio},
	journal={arXiv preprint arXiv:1705.02801},
	year={2017}
}
@article{hamilton2017representation,
	title={Representation Learning on Graphs: Methods and Applications},
	author={Hamilton, William L and Ying, Rex and Leskovec, Jure},
	journal={arXiv preprint arXiv:1709.05584},
	year={2017}
}
@inproceedings{jiang2018gaussian,
	title={Gaussian-induced convolution for graphs},
	author={Jiang, Jiatao and Cui, Zhen and Xu, Chunyan and Yang, Jian},
	booktitle={AAAI Conference on Artificial Intelligence},
	volume={33},
	number={01},
	pages={4007--4014},
	year={2019}
}
@article{orsini2018shift,
	title={Shift aggregate extract networks},
	author={Orsini, Francesco and Baracchi, Daniele and Frasconi, Paolo},
	journal={Frontiers in Robotics and AI},
	volume={5},
	pages={42},
	year={2018},
	publisher={Frontiers}
}
@article{ng2016fast,
	title={A fast Markov chain based algorithm for MIML learning},
	author={Ng, Michael K and Wu, Qingyao and Shen, Chenyang},
	journal={Neurocomputing},
	volume={216},
	pages={763--777},
	year={2016},
	publisher={Elsevier}
}
@article{wu2014cotransfer,
	title={Cotransfer learning using coupled Markov chains with restart},
	author={Wu, Qingyao and Ng, Michael K and Ye, Yunming},
	journal={IEEE Intelligent Systems},
	volume={29},
	number={4},
	pages={26--33},
	year={2014},
	publisher={IEEE}
}
@inproceedings{driving1,
	title={Instance-level segmentation for autonomous driving with deep densely connected mrfs},
	author={Zhang, Ziyu and Fidler, Sanja and Urtasun, Raquel},
	booktitle={Proceedings of the IEEE Conference on Computer Vision and Pattern Recognition},
	pages={669--677},
	year={2016}
}
@ARTICLE{tsn, 
	author={L. {Wang} and Y. {Xiong} and Z. {Wang} and Y. {Qiao} and D. {Lin} and X. {Tang} and L. {Van Gool}}, 
	journal={IEEE Transactions on Pattern Analysis and Machine Intelligence}, 
	title={Temporal Segment Networks for Action Recognition in Videos}, 
	year={2018}, 
}
@article{gou2018two,
	title={Two-phase linear reconstruction measure-based classification for face recognition},
	author={Gou, Jianping and Xu, Yong and Zhang, David and Mao, Qirong and Du, Lan and Zhan, Yongzhao},
	journal={Information Sciences},
	volume={433},
	pages={17--36},
	year={2018},
	publisher={Elsevier}
}
@article{gou2019generalized,
	title={A generalized mean distance-based k-nearest neighbor classifier},
	author={Gou, Jianping and Ma, Hongxing and Ou, Weihua and Zeng, Shaoning and Rao, Yunbo and Yang, Hebiao},
	journal={Expert Systems with Applications},
	volume={115},
	pages={356--372},
	year={2019},
	publisher={Elsevier}
}
@article{wang2017incremental,
	title={Incremental subgraph feature selection for graph classification},
	author={Wang, Haishuai and Zhang, Peng and Zhu, Xingquan and Tsang, Ivor Wai-Hung and Chen, Ling and Zhang, Chengqi and Wu, Xindong},
	journal={IEEE Transactions on Knowledge and Data Engineering},
	volume={29},
	number={1},
	pages={128--142},
	year={2017},
	publisher={IEEE}
}
@article{prvzulj2007biological,
	title={Biological network comparison using graphlet degree distribution},
	author={Przulj, Natasa},
	journal={Bioinformatics},
	volume={23},
	number={2},
	pages={e177--e183},
	year={2007},
	publisher={Oxford University Press}
}
@inproceedings{zhao2019hashing,
	title={Hashing graph convolution for node classification},
	author={Zhao, Wenting and Cui, Zhen and Xu, Chunyan and Li, Chengzheng and Zhang, Tong and Yang, Jian},
	booktitle={International Conference on Information and Knowledge Management},
	pages={519--528},
	year={2019}
}
@inproceedings{wang2016graph,
	title={Graph based skeleton motion representation and similarity measurement for action recognition},
	author={Wang, Pei and Yuan, Chunfeng and Hu, Weiming and Li, Bing and Zhang, Yanning},
	booktitle={European Conference on Computer Vision},
	pages={370--385},
	year={2016},
	organization={Springer}
}
@inproceedings{dong2017metapath2vec,
	title={metapath2vec: Scalable representation learning for heterogeneous networks},
	author={Dong, Yuxiao and Chawla, Nitesh V and Swami, Ananthram},
	booktitle={International Conference on Knowledge Discovery and Data Mining},
	pages={135--144},
	year={2017},
	organization={ACM}
}
@inproceedings{liu2019si,
	title={SI-GCN: Structure-induced graph convolution network for skeleton-based action recognition},
	author={Liu, Rong and Xu, Chunyan and Zhang, Tong and Zhao, Wenting and Cui, Zhen and Yang, Jian},
	booktitle={2019 International Joint Conference on Neural Networks},
	pages={1--8},
	year={2019},
	organization={IEEE}
}
@inproceedings{garcia2017learning,
	title={Learning Graph Representations with Embedding Propagation},
	author={Garc{\'\i}a-Dur{\'a}n, Alberto and Niepert, Mathias},
	booktitle={Advances in Neural Information Processing Systems},
	volume={30},
	pages={5119--5130},
	year={2017}
}
@inproceedings{ng2012co,
	title={Co-transfer learning via joint transition probability graph based method},
	author={Ng, Michael K and Wu, Qingyao and Ye, Yunming},
	booktitle={Proceedings of the 1st International Workshop on Cross Domain Knowledge Discovery in Web and Social Network Mining},
	pages={1--9},
	year={2012},
}
@inproceedings{bruna2014spectral,
	title={Spectral networks and locally connected networks on graphs},
	author={Bruna, Joan and Zaremba, Wojciech and Szlam, Arthur and Lecun, Yann},
	booktitle={International Conference on Learning Representations},
	year={2014}
}
@article{gou2018sparsity,
	title={Sparsity and Geometry Preserving Graph Embedding for Dimensionality Reduction},
	author={Gou, Jianping and Yi, Zhang and Zhang, David and Zhan, Yongzhao and Shen, Xiangjun and Du, Lan},
	journal={IEEE Access},
	volume={6},
	pages={75748--75766},
	year={2018}
}

@article{jiong1997new,
	title={A new upper bound for eigenvalues of the Laplacian matrix of a graph},
	author={Jiong-Sheng, Li and Xiao-Dong, Zhang},
	journal={Linear Algebra and its Applications},
	volume={265},
	number={1-3},
	pages={93--100},
	year={1997},
	publisher={Elsevier},
}
@inproceedings{wu2019simplifying,
	title={Simplifying graph convolutional networks},
	author={Wu, Felix and Souza, Amauri and Zhang, Tianyi and Fifty, Christopher and Yu, Tao and Weinberger, Kilian},
	booktitle={International Conference on Machine Learning},
	pages={6861--6871},
	year={2019},
	organization={PMLR}
}
@article{shuman2013emerging,
	title={The emerging field of signal processing on graphs: Extending high-dimensional data analysis to networks and other irregular domains},
	author={Shuman, David I and Narang, Sunil K and Frossard, Pascal and Ortega, Antonio and Vandergheynst, Pierre},
	journal={IEEE Signal Processing Magazine},
	volume={30},
	number={3},
	pages={83--98},
	year={2013},
	publisher={IEEE}
}

@inproceedings{timofte2017ntire,
	title={Ntire 2017 challenge on single image super-resolution: Methods and results},
	author={Timofte, Radu and Agustsson, Eirikur and Van Gool, Luc and Yang, Ming-Hsuan and Zhang, Lei},
	booktitle={Proceedings of the IEEE Conference on Computer Vision and Pattern Recognition Workshops},
	pages={114--125},
	year={2017}
}

@inproceedings{abdelhamed2018high,
	title={A high-quality denoising dataset for smartphone cameras},
	author={Abdelhamed, Abdelrahman and Lin, Stephen and Brown, Michael S},
	booktitle={Proceedings of the IEEE Conference on Computer Vision and Pattern Recognition},
	pages={1692--1700},
	year={2018}
}

@article{wang2004image,
	title={Image quality assessment: from error visibility to structural similarity},
	author={Wang, Zhou and Bovik, Alan C and Sheikh, Hamid R and Simoncelli, Eero P},
	journal={IEEE Transactions on Image Processing},
	volume={13},
	number={4},
	pages={600--612},
	year={2004},
	publisher={IEEE}
}

@inproceedings{huang2015single,
	title={Single image super-resolution from transformed self-exemplars},
	author={Huang, Jia-Bin and Singh, Abhishek and Ahuja, Narendra},
	booktitle={Proceedings of the IEEE Conference on Computer Vision and Pattern Recognition},
	pages={5197--5206},
	year={2015}
}

@inproceedings{martin2001database,
	title={A database of human segmented natural images and its application to evaluating segmentation algorithms and measuring ecological statistics},
	author={Martin, David and Fowlkes, Charless and Tal, Doron and Malik, Jitendra},
	booktitle={Proceedings of the IEEE International Conference on Computer Vision},
	volume={2},
	pages={416--423},
	year={2001},
	organization={IEEE}
}

@inproceedings{plotz2017benchmarking,
	title={Benchmarking denoising algorithms with real photographs},
	author={Plotz, Tobias and Roth, Stefan},
	booktitle={Proceedings of the IEEE Conference on Computer Vision and Pattern Recognition},
	pages={1586--1595},
	year={2017}
}

@article{foi2007pointwise,
	title={Pointwise shape-adaptive DCT for high-quality denoising and deblocking of grayscale and color images},
	author={Foi, Alessandro and Katkovnik, Vladimir and Egiazarian, Karen},
	journal={IEEE Transactions on Image Processing},
	volume={16},
	number={5},
	pages={1395--1411},
	year={2007},
	publisher={IEEE}
}

@online{sheikh2005live,
	title={LIVE image quality assessment database release 2},
	author={Sheikh, HR},
	url={http://live. ece. utexas. edu/research/quality},
	year={2005}
}


@inproceedings{zhang2017learning,
	title={Learning deep CNN denoiser prior for image restoration},
	author={Zhang, Kai and Zuo, Wangmeng and Gu, Shuhang and Zhang, Lei},
	booktitle={Proceedings of the IEEE Conference on Computer Vision and Pattern Recognition},
	pages={3929--3938},
	year={2017}
}

@article{dabov2007image,
	title={Image denoising by sparse 3-D transform-domain collaborative filtering},
	author={Dabov, Kostadin and Foi, Alessandro and Katkovnik, Vladimir and Egiazarian, Karen},
	journal={IEEE Transactions on Image Processing},
	volume={16},
	number={8},
	pages={2080--2095},
	year={2007},
	publisher={IEEE}
}

@article{zhang2017beyond,
	title={Beyond a gaussian denoiser: Residual learning of deep cnn for image denoising},
	author={Zhang, Kai and Zuo, Wangmeng and Chen, Yunjin and Meng, Deyu and Zhang, Lei},
	journal={IEEE Transactions on Image Processing},
	volume={26},
	number={7},
	pages={3142--3155},
	year={2017},
	publisher={IEEE}
}

@article{zhang2018ffdnet,
	title={FFDNet: Toward a fast and flexible solution for CNN-based image denoising},
	author={Zhang, Kai and Zuo, Wangmeng and Zhang, Lei},
	journal={IEEE Transactions on Image Processing},
	volume={27},
	number={9},
	pages={4608--4622},
	year={2018},
	publisher={IEEE}
}

@inproceedings{plotz2018neural,
	title={Neural nearest neighbors networks},
	author={Pl{\"o}tz, Tobias and Roth, Stefan},
	booktitle={Advances in Neural Information Processing Systems},
	volume={31},
	year={2018}
}

@inproceedings{liu2018non,
	title={Non-local recurrent network for image restoration},
	author={Liu, Ding and Wen, Bihan and Fan, Yuchen and Loy, Chen Change and Huang, Thomas S},
	booktitle={Advances in Neural Information Processing Systems},
	volume={31},
	pages={1680--1689},
	year={2018}
}

@article{valsesia2020deep,
	title={Deep graph-convolutional image denoising},
	author={Valsesia, Diego and Fracastoro, Giulia and Magli, Enrico},
	journal={IEEE Transactions on Image Processing},
	volume={29},
	pages={8226--8237},
	year={2020},
	publisher={IEEE}
}

@inproceedings{mou2021dynamic,
	title={Dynamic attentive graph learning for image restoration},
	author={Mou, Chong and Zhang, Jian and Wu, Zhuoyuan},
	booktitle={Proceedings of the IEEE International Conference on Computer Vision},
	pages={4328--4337},
	year={2021}
}

@inproceedings{dong2015compression,
	title={Compression artifacts reduction by a deep convolutional network},
	author={Dong, Chao and Deng, Yubin and Loy, Chen Change and Tang, Xiaoou},
	booktitle={Proceedings of the IEEE International Conference on Computer Vision},
	pages={576--584},
	year={2015}
}

@article{chen2016trainable,
	title={Trainable nonlinear reaction diffusion: A flexible framework for fast and effective image restoration},
	author={Chen, Yunjin and Pock, Thomas},
	journal={IEEE Transactions on Pattern Analysis and Machine Intelligence},
	volume={39},
	number={6},
	pages={1256--1272},
	year={2016},
	publisher={IEEE}
}

@article{zhang2019residual,
	title={Residual non-local attention networks for image restoration},
	author={Zhang, Yulun and Li, Kunpeng and Li, Kai and Zhong, Bineng and Fu, Yun},
	journal={arXiv preprint arXiv:1903.10082},
	year={2019}
}

@article{fu2021model,
	title={A model-driven deep unfolding method for jpeg artifacts removal},
	author={Fu, Xueyang and Wang, Menglu and Cao, Xiangyong and Ding, Xinghao and Zha, Zheng-Jun},
	journal={IEEE Transactions on Neural Networks and Learning Systems},
	volume={33},
	number={11},
	pages={6802--6816},
	year={2021},
	publisher={IEEE}
}

@inproceedings{qi2017pointnet,
	title={Pointnet: Deep learning on point sets for 3d classification and segmentation},
	author={Qi, Charles R and Su, Hao and Mo, Kaichun and Guibas, Leonidas J},
	booktitle={Proceedings of the IEEE Conference on Computer Vision and Pattern Recognition},
	pages={652--660},
	year={2017}
}

@article{thanou2016graph,
	title={Graph-based compression of dynamic 3D point cloud sequences},
	author={Thanou, Dorina and Chou, Philip A and Frossard, Pascal},
	journal={IEEE Transactions on Image Processing},
	volume={25},
	number={4},
	pages={1765--1778},
	year={2016},
	publisher={IEEE}
}

@article{xu2022instance,
	title={Instance segmentation of biological images using graph convolutional network},
	author={Xu, Rongtao and Li, Ye and Wang, Changwei and Xu, Shibiao and Meng, Weiliang and Zhang, Xiaopeng},
	journal={Engineering Applications of Artificial Intelligence},
	volume={110},
	pages={104739},
	year={2022},
	publisher={Elsevier}
}

@inproceedings{wang2019knowledge,
	title={Knowledge graph convolutional networks for recommender systems},
	author={Wang, Hongwei and Zhao, Miao and Xie, Xing and Li, Wenjie and Guo, Minyi},
	booktitle={The World Wide Web Conference},
	pages={3307--3313},
	year={2019}
}

@inproceedings{jin2020graph,
	title={Graph coarsening with preserved spectral properties},
	author={Jin, Yu and Loukas, Andreas and JaJa, Joseph},
	booktitle={International Conference on Artificial Intelligence and Statistics},
	pages={4452--4462},
	year={2020},
	organization={PMLR}
}

@article{safro2015advanced,
	title={Advanced coarsening schemes for graph partitioning},
	author={Safro, Ilya and Sanders, Peter and Schulz, Christian},
	journal={Journal of Experimental Algorithmics},
	volume={19},
	pages={1--24},
	year={2015},
	publisher={ACM New York, NY, USA}
}

@article{chen2022graph,
	title={Graph coarsening: from scientific computing to machine learning},
	author={Chen, Jie and Saad, Yousef and Zhang, Zechen},
	journal={SeMA Journal},
	pages={1--37},
	year={2022},
	publisher={Springer}
}

@article{cho2014learning,
	title={Learning phrase representations using RNN encoder-decoder for statistical machine translation},
	author={Cho, Kyunghyun and Van Merri{\"e}nboer, Bart and Gulcehre, Caglar and Bahdanau, Dzmitry and Bougares, Fethi and Schwenk, Holger and Bengio, Yoshua},
	journal={arXiv preprint arXiv:1406.1078},
	year={2014}
}

@article{graves2012long,
	title={Long short-term memory},
	author={Graves, Alex and Graves, Alex},
	journal={Supervised Sequence Labelling with Recurrent Neural Networks},
	pages={37--45},
	year={2012},
	publisher={Springer}
}

@inproceedings{dai2018learning,
	title={Learning steady-states of iterative algorithms over graphs},
	author={Dai, Hanjun and Kozareva, Zornitsa and Dai, Bo and Smola, Alex and Song, Le},
	booktitle={International Conference on Machine Learning},
	pages={1106--1114},
	year={2018},
	organization={PMLR}
}

@inproceedings{you2018graphrnn,
	title={Graphrnn: Generating realistic graphs with deep auto-regressive models},
	author={You, Jiaxuan and Ying, Rex and Ren, Xiang and Hamilton, William and Leskovec, Jure},
	booktitle={International Conference on Machine Learning},
	pages={5708--5717},
	year={2018},
	organization={PMLR}
}

@inproceedings{ma2020streaming,
	title={Streaming graph neural networks},
	author={Ma, Yao and Guo, Ziyi and Ren, Zhaocun and Tang, Jiliang and Yin, Dawei},
	booktitle={International Conference on Research and Development in Information Retrieval},
	pages={719--728},
	year={2020}
}

@inproceedings{baytas2017patient,
	title={Patient subtyping via time-aware LSTM networks},
	author={Baytas, Inci M and Xiao, Cao and Zhang, Xi and Wang, Fei and Jain, Anil K and Zhou, Jiayu},
	booktitle={International Conference on Knowledge Discovery and Data Mining},
	pages={65--74},
	year={2017}
}

@article{zhang2018gaan,
	title={Gaan: Gated attention networks for learning on large and spatiotemporal graphs},
	author={Zhang, Jiani and Shi, Xingjian and Xie, Junyuan and Ma, Hao and King, Irwin and Yeung, Dit-Yan},
	journal={arXiv preprint arXiv:1803.07294},
	year={2018}
}

@inproceedings{seo2018structured,
	title={Structured sequence modeling with graph convolutional recurrent networks},
	author={Seo, Youngjoo and Defferrard, Micha{\"e}l and Vandergheynst, Pierre and Bresson, Xavier},
	booktitle={International Conference on Neural Information Processing},
	pages={362--373},
	year={2018},
	organization={Springer}
}

@article{li2017diffusion,
	title={Diffusion convolutional recurrent neural network: Data-driven traffic forecasting},
	author={Li, Yaguang and Yu, Rose and Shahabi, Cyrus and Liu, Yan},
	journal={arXiv preprint arXiv:1707.01926},
	year={2017}
}

@article{levie2018cayleynets,
	title={Cayleynets: Graph convolutional neural networks with complex rational spectral filters},
	author={Levie, Ron and Monti, Federico and Bresson, Xavier and Bronstein, Michael M},
	journal={IEEE Transactions on Signal Processing},
	volume={67},
	number={1},
	pages={97--109},
	year={2018},
	publisher={IEEE}
}

@article{xu2019graph,
	title={Graph wavelet neural network},
	author={Xu, Bingbing and Shen, Huawei and Cao, Qi and Qiu, Yunqi and Cheng, Xueqi},
	journal={arXiv preprint arXiv:1904.07785},
	year={2019}
}

@inproceedings{duvenaud2015convolutional,
	title={Convolutional networks on graphs for learning molecular fingerprints},
	author={Duvenaud, David K and Maclaurin, Dougal and Iparraguirre, Jorge and Bombarell, Rafael and Hirzel, Timothy and Aspuru-Guzik, Al{\'a}n and Adams, Ryan P},
	booktitle={Advances in Neural Information Processing Systems},
	volume={28},
	year={2015}
}

@inproceedings{gao2018large,
	title={Large-scale learnable graph convolutional networks},
	author={Gao, Hongyang and Wang, Zhengyang and Ji, Shuiwang},
	booktitle={International Conference on Knowledge Discovery and Data Mining},
	pages={1416--1424},
	year={2018}
}

@inproceedings{zhuang2018dual,
	title={Dual graph convolutional networks for graph-based semi-supervised classification},
	author={Zhuang, Chenyi and Ma, Qiang},
	booktitle={The World Wide Web Conference},
	pages={499--508},
	year={2018}
}

@article{battaglia2018relational,
	title={Relational inductive biases, deep learning, and graph networks},
	author={Battaglia, Peter W and Hamrick, Jessica B and Bapst, Victor and Sanchez-Gonzalez, Alvaro and Zambaldi, Vinicius and Malinowski, Mateusz and Tacchetti, Andrea and Raposo, David and Santoro, Adam and Faulkner, Ryan and others},
	journal={arXiv preprint arXiv:1806.01261},
	year={2018}
}

@article{kearnes2016molecular,
	title={Molecular graph convolutions: moving beyond fingerprints},
	author={Kearnes, Steven and McCloskey, Kevin and Berndl, Marc and Pande, Vijay and Riley, Patrick},
	journal={Journal of Computer-aided Molecular Design},
	volume={30},
	pages={595--608},
	year={2016},
	publisher={Springer}
}

@inproceedings{ying2018hierarchical,
	title={Hierarchical graph representation learning with differentiable pooling},
	author={Ying, Zhitao and You, Jiaxuan and Morris, Christopher and Ren, Xiang and Hamilton, Will and Leskovec, Jure},
	booktitle={Advances in Neural Information Processing Systems},
	volume={31},
	year={2018}
}

@inproceedings{tian2014learning,
	title={Learning deep representations for graph clustering},
	author={Tian, Fei and Gao, Bin and Cui, Qing and Chen, Enhong and Liu, Tie-Yan},
	booktitle={AAAI Conference on Artificial Intelligence},
	volume={28},
	number={1},
	year={2014}
}

@inproceedings{cao2016deep,
	title={Deep neural networks for learning graph representations},
	author={Cao, Shaosheng and Lu, Wei and Xu, Qiongkai},
	booktitle={AAAI Conference on Artificial Intelligence},
	volume={30},
	number={1},
	year={2016}
}

@inproceedings{vincent2008extracting,
	title={Extracting and composing robust features with denoising autoencoders},
	author={Vincent, Pascal and Larochelle, Hugo and Bengio, Yoshua and Manzagol, Pierre-Antoine},
	booktitle={25th International Conference on Machine Learning},
	pages={1096--1103},
	year={2008}
}

@inproceedings{wang2016structural,
	title={Structural deep network embedding},
	author={Wang, Daixin and Cui, Peng and Zhu, Wenwu},
	booktitle={International Conference on Knowledge Discovery and Data Mining},
	pages={1225--1234},
	year={2016}
}

@article{berg2017graph,
	title={Graph convolutional matrix completion},
	author={Berg, Rianne van den and Kipf, Thomas N and Welling, Max},
	journal={arXiv preprint arXiv:1706.02263},
	year={2017}
}

@article{kipf2016variational,
	title={Variational graph auto-encoders},
	author={Kipf, Thomas N and Welling, Max},
	journal={arXiv preprint arXiv:1611.07308},
	year={2016}
}

@article{bojchevski2017deep,
	title={Deep gaussian embedding of graphs: Unsupervised inductive learning via ranking},
	author={Bojchevski, Aleksandar and G{\"u}nnemann, Stephan},
	journal={arXiv preprint arXiv:1707.03815},
	year={2017}
}

@inproceedings{zhu2018deep,
	title={Deep variational network embedding in wasserstein space},
	author={Zhu, Dingyuan and Cui, Peng and Wang, Daixin and Zhu, Wenwu},
	booktitle={International Conference on Knowledge Discovery and Data Mining},
	pages={2827--2836},
	year={2018}
}

@article{vallender1974calculation,
	title={Calculation of the Wasserstein distance between probability distributions on the line},
	author={Vallender, SS},
	journal={Theory of Probability and Its Applications},
	volume={18},
	number={4},
	pages={784--786},
	year={1974},
	publisher={SIAM}
}

@article{zhou2020variational,
	title={Variational graph neural networks for road traffic prediction in intelligent transportation systems},
	author={Zhou, Fan and Yang, Qing and Zhong, Ting and Chen, Dajiang and Zhang, Ning},
	journal={IEEE Transactions on Industrial Informatics},
	volume={17},
	number={4},
	pages={2802--2812},
	year={2020},
	publisher={IEEE}
}

@article{ding2021variational,
	title={Variational graph auto-encoders for miRNA-disease association prediction},
	author={Ding, Yulian and Tian, Li-Ping and Lei, Xiujuan and Liao, Bo and Wu, Fang-Xiang},
	journal={Methods},
	volume={192},
	pages={25--34},
	year={2021},
	publisher={Elsevier}
}

@inproceedings{shi2020graph,
	title={A graph to graphs framework for retrosynthesis prediction},
	author={Shi, Chence and Xu, Minkai and Guo, Hongyu and Zhang, Ming and Tang, Jian},
	booktitle={International Conference on Machine Learning},
	pages={8818--8827},
	year={2020},
	organization={PMLR}
}

@article{goodfellow2020generative,
	title={Generative adversarial networks},
	author={Goodfellow, Ian and Pouget-Abadie, Jean and Mirza, Mehdi and Xu, Bing and Warde-Farley, David and Ozair, Sherjil and Courville, Aaron and Bengio, Yoshua},
	journal={Communications of the ACM},
	volume={63},
	number={11},
	pages={139--144},
	year={2020},
	publisher={ACM New York, NY, USA}
}

@inproceedings{wang2018graphgan,
	title={Graphgan: Graph representation learning with generative adversarial nets},
	author={Wang, Hongwei and Wang, Jia and Wang, Jialin and Zhao, Miao and Zhang, Weinan and Zhang, Fuzheng and Xie, Xing and Guo, Minyi},
	booktitle={AAAI Conference on Artificial Intelligence},
	volume={32},
	number={1},
	year={2018}
}

@article{gomez2018automatic,
	title={Automatic chemical design using a data-driven continuous representation of molecules},
	author={G{\'o}mez-Bombarelli, Rafael and Wei, Jennifer N and Duvenaud, David and Hern{\'a}ndez-Lobato, Jos{\'e} Miguel and S{\'a}nchez-Lengeling, Benjam{\'\i}n and Sheberla, Dennis and Aguilera-Iparraguirre, Jorge and Hirzel, Timothy D and Adams, Ryan P and Aspuru-Guzik, Al{\'a}n},
	journal={ACS Central Science},
	volume={4},
	number={2},
	pages={268--276},
	year={2018},
	publisher={ACS Publications}
}

@inproceedings{kusner2017grammar,
	title={Grammar variational autoencoder},
	author={Kusner, Matt J and Paige, Brooks and Hern{\'a}ndez-Lobato, Jos{\'e} Miguel},
	booktitle={International Conference on Machine Learning},
	pages={1945--1954},
	year={2017},
	organization={PMLR}
}

@article{dai2018syntax,
	title={Syntax-directed variational autoencoder for structured data},
	author={Dai, Hanjun and Tian, Yingtao and Dai, Bo and Skiena, Steven and Song, Le},
	journal={arXiv preprint arXiv:1802.08786},
	year={2018}
}

@article{de2018molgan,
	title={MolGAN: An implicit generative model for small molecular graphs},
	author={De Cao, Nicola and Kipf, Thomas},
	journal={arXiv preprint arXiv:1805.11973},
	year={2018}
}

@inproceedings{gulrajani2017improved,
	title={Improved training of wasserstein gans},
	author={Gulrajani, Ishaan and Ahmed, Faruk and Arjovsky, Martin and Dumoulin, Vincent and Courville, Aaron C},
	booktitle={Advances in Neural Information Processing Systems},
	volume={30},
	year={2017}
}

@inproceedings{bojchevski2018netgan,
	title={Netgan: Generating graphs via random walks},
	author={Bojchevski, Aleksandar and Shchur, Oleksandr and Z{\"u}gner, Daniel and G{\"u}nnemann, Stephan},
	booktitle={International Conference on Machine Learning},
	pages={610--619},
	year={2018},
	organization={PMLR}
}

@inproceedings{dai2018adversarial,
	title={Adversarial network embedding},
	author={Dai, Quanyu and Li, Qiang and Tang, Jian and Wang, Dan},
	booktitle={AAAI Conference on Artificial Intelligence},
	volume={32},
	number={1},
	year={2018}
}

@inproceedings{ding2018semi,
	title={Semi-supervised learning on graphs with generative adversarial nets},
	author={Ding, Ming and Tang, Jie and Zhang, Jie},
	booktitle={International Conference on Information and Knowledge Management},
	pages={913--922},
	year={2018}
}

@inproceedings{schlichtkrull2018modeling,
	title={Modeling relational data with graph convolutional networks},
	author={Schlichtkrull, Michael and Kipf, Thomas N and Bloem, Peter and Van Den Berg, Rianne and Titov, Ivan and Welling, Max},
	booktitle={The Semantic Web: 15th International Conference, ESWC 2018},
	pages={593--607},
	year={2018},
	organization={Springer}
}

@article{guo2022deep,
	title={Deep graph translation},
	author={Guo, Xiaojie and Wu, Lingfei and Zhao, Liang},
	journal={IEEE Transactions on Neural Networks and Learning Systems},
	volume={34},
	number={11},
	pages={8225--8234},
	year={2022},
	publisher={IEEE}
}

@article{jin2022gan,
	title={A GAN-based short-term link traffic prediction approach for urban road networks under a parallel learning framework},
	author={Jin, Junchen and Rong, Dingding and Zhang, Tong and Ji, Qingyuan and Guo, Haifeng and Lv, Yisheng and Ma, Xiaoliang and Wang, Fei-Yue},
	journal={IEEE Transactions on Intelligent Transportation Systems},
	volume={23},
	number={9},
	pages={16185--16196},
	year={2022},
	publisher={IEEE}
}

@inproceedings{vaswani2017attention,
	title={Attention is all you need},
	author={Vaswani, Ashish and Shazeer, Noam and Parmar, Niki and Uszkoreit, Jakob and Jones, Llion and Gomez, Aidan N and Kaiser, {\L}ukasz and Polosukhin, Illia},
	booktitle={Advances in Neural Information Processing Systems},
	volume={30},
	year={2017}
}

@inproceedings{qiu2018deepinf,
	title={Deepinf: Modeling influence locality in large social networks},
	author={Qiu, Jiezhong and Tang, Jian and Ma, Hao and Dong, Yuxiao and Wang, Kuansan and Tang, Jie},
	booktitle={International Conference on Knowledge Discovery and Data Mining},
	year={2018}
}

@inproceedings{ying2018graph,
	title={Graph convolutional neural networks for web-scale recommender systems},
	author={Ying, Rex and He, Ruining and Chen, Kaifeng and Eksombatchai, Pong and Hamilton, William L and Leskovec, Jure},
	booktitle={International Conference on Knowledge Discovery and Data Mining},
	pages={974--983},
	year={2018}
}

@inproceedings{ktena2017distance,
	title={Distance metric learning using graph convolutional networks: Application to functional brain networks},
	author={Ktena, Sofia Ira and Parisot, Sarah and Ferrante, Enzo and Rajchl, Martin and Lee, Matthew and Glocker, Ben and Rueckert, Daniel},
	booktitle={Medical Image Computing and Computer Assisted Intervention},
	pages={469--477},
	year={2017},
	organization={Springer}
}

@article{bastings2017graph,
	title={Graph convolutional encoders for syntax-aware neural machine translation},
	author={Bastings, Jasmijn and Titov, Ivan and Aziz, Wilker and Marcheggiani, Diego and Sima'an, Khalil},
	journal={arXiv preprint arXiv:1704.04675},
	year={2017}
}

@article{marcheggiani2017encoding,
	title={Encoding sentences with graph convolutional networks for semantic role labeling},
	author={Marcheggiani, Diego and Titov, Ivan},
	journal={arXiv preprint arXiv:1703.04826},
	year={2017}
}

@article{chen2020robot,
	title={Robot navigation in crowds by graph convolutional networks with attention learned from human gaze},
	author={Chen, Yuying and Liu, Congcong and Shi, Bertram E and Liu, Ming},
	journal={IEEE Robotics and Automation Letters},
	volume={5},
	number={2},
	pages={2754--2761},
	year={2020},
	publisher={IEEE}
}

@inproceedings{khan2020graph,
	title={Graph policy gradients for large scale robot control},
	author={Khan, Arbaaz and Tolstaya, Ekaterina and Ribeiro, Alejandro and Kumar, Vijay},
	booktitle={Conference on Robot Learning},
	pages={823--834},
	year={2020},
	organization={PMLR}
}

@article{hinton2012deep,
	title={Deep neural networks for acoustic modeling in speech recognition: The shared views of four research groups},
	author={Hinton, Geoffrey and Deng, Li and Yu, Dong and Dahl, George E and Mohamed, Abdel-rahman and Jaitly, Navdeep and Senior, Andrew and Vanhoucke, Vincent and Nguyen, Patrick and Sainath, Tara N and others},
	journal={IEEE Signal Processing Magazine},
	volume={29},
	number={6},
	pages={82--97},
	year={2012},
	publisher={IEEE}
}

@article{krizhevsky2017imagenet,
	title={Imagenet classification with deep convolutional neural networks},
	author={Krizhevsky, Alex and Sutskever, Ilya and Hinton, Geoffrey E},
	journal={Communications of the ACM},
	volume={60},
	number={6},
	pages={84--90},
	year={2017},
	publisher={ACM New York, NY, USA}
}

@article{bahdanau2014neural,
	title={Neural machine translation by jointly learning to align and translate},
	author={Bahdanau, Dzmitry and Cho, Kyunghyun and Bengio, Yoshua},
	journal={arXiv preprint arXiv:1409.0473},
	year={2014}
}

@article{buades2005review,
	title={A review of image denoising algorithms, with a new one},
	author={Buades, Antoni and Coll, Bartomeu and Morel, Jean-Michel},
	journal={Multiscale Modeling and Simulation},
	volume={4},
	number={2},
	pages={490--530},
	year={2005},
	publisher={SIAM}
}

@inproceedings{dong2015compression,
	title={Compression artifacts reduction by a deep convolutional network},
	author={Dong, Chao and Deng, Yubin and Loy, Chen Change and Tang, Xiaoou},
	booktitle={Proceedings of the IEEE International Conference on Computer Vision},
	pages={576--584},
	year={2015}
}

@article{dong2015image,
	title={Image super-resolution using deep convolutional networks},
	author={Dong, Chao and Loy, Chen Change and He, Kaiming and Tang, Xiaoou},
	journal={IEEE Transactions on Pattern Analysis and Machine Intelligence},
	volume={38},
	number={2},
	pages={295--307},
	year={2015},
	publisher={IEEE}
}

@article{kimmel1999demosaicing,
	title={Demosaicing: Image reconstruction from color CCD samples},
	author={Kimmel, Ron},
	journal={IEEE Transactions on Image Processing},
	volume={8},
	number={9},
	pages={1221--1228},
	year={1999},
	publisher={IEEE}
}

@article{lustig2008compressed,
	title={Compressed sensing MRI},
	author={Lustig, Michael and Donoho, David L and Santos, Juan M and Pauly, John M},
	journal={IEEE Signal Processing Magazine},
	volume={25},
	number={2},
	pages={72--82},
	year={2008},
	publisher={IEEE}
}

@article{gull1978image,
	title={Image reconstruction from incomplete and noisy data},
	author={Gull, Stephen F and Daniell, Geoff J},
	journal={Nature},
	volume={272},
	number={5655},
	pages={686--690},
	year={1978},
	publisher={Nature Publishing Group UK London}
}


@inproceedings{tomasi1998bilateral,
	title={Bilateral filtering for gray and color images},
	author={Tomasi, Carlo and Manduchi, Roberto},
	booktitle={Proceedings of the IEEE International Conference on Computer Vision},
	pages={839--846},
	year={1998},
	organization={IEEE}
}

@article{starck2002curvelet,
	title={The curvelet transform for image denoising},
	author={Starck, Jean-Luc and Cand{\`e}s, Emmanuel J and Donoho, David L},
	journal={IEEE Transactions on Image Processing},
	volume={11},
	number={6},
	pages={670--684},
	year={2002},
	publisher={IEEE}
}

@article{buades2005review,
	title={A review of image denoising algorithms, with a new one},
	author={Buades, Antoni and Coll, Bartomeu and Morel, Jean-Michel},
	journal={Multiscale Modeling and Simulation},
	volume={4},
	number={2},
	pages={490--530},
	year={2005},
	publisher={SIAM}
}

@article{dong2012nonlocally,
	title={Nonlocally centralized sparse representation for image restoration},
	author={Dong, Weisheng and Zhang, Lei and Shi, Guangming and Li, Xin},
	journal={IEEE transactions on Image Processing},
	volume={22},
	number={4},
	pages={1620--1630},
	year={2012},
	publisher={IEEE}
}

@inproceedings{gu2014weighted,
	title={Weighted nuclear norm minimization with application to image denoising},
	author={Gu, Shuhang and Zhang, Lei and Zuo, Wangmeng and Feng, Xiangchu},
	booktitle={Proceedings of the IEEE Conference on Computer Vision and Pattern Recognition},
	pages={2862--2869},
	year={2014}
}

@inproceedings{buades2005non,
	title={A non-local algorithm for image denoising},
	author={Buades, Antoni and Coll, Bartomeu and Morel, J-M},
	booktitle={Proceedings of the IEEE Conference on Computer Vision and Pattern Recognition},
	volume={2},
	pages={60--65},
	year={2005},
	organization={IEEE}
}

@inproceedings{dong2011sparsity,
	title={Sparsity-based image denoising via dictionary learning and structural clustering},
	author={Dong, Weisheng and Li, Xin and Zhang, Lei and Shi, Guangming},
	booktitle={Proceedings of the IEEE Conference on Computer Vision and Pattern Recognition},
	pages={457--464},
	year={2011},
	organization={IEEE}
}

@inproceedings{ioffe2015batch,
	title={Batch normalization: Accelerating deep network training by reducing internal covariate shift},
	author={Ioffe, Sergey and Szegedy, Christian},
	booktitle={International Conference on Machine Learning},
	pages={448--456},
	year={2015},
	organization={pmlr}
}

@inproceedings{liu2018multi,
	title={Multi-level wavelet-CNN for image restoration},
	author={Liu, Pengju and Zhang, Hongzhi and Zhang, Kai and Lin, Liang and Zuo, Wangmeng},
	booktitle={Proceedings of the IEEE Conference on Computer Vision and Pattern Recognition Workshops},
	pages={773--782},
	year={2018}
}

@article{tian2020attention,
	title={Attention-guided CNN for image denoising},
	author={Tian, Chunwei and Xu, Yong and Li, Zuoyong and Zuo, Wangmeng and Fei, Lunke and Liu, Hong},
	journal={Neural Networks},
	volume={124},
	pages={117--129},
	year={2020},
	publisher={Elsevier}
}

@article{yu2015multi,
	title={Multi-scale context aggregation by dilated convolutions},
	author={Yu, Fisher and Koltun, Vladlen},
	journal={arXiv preprint arXiv:1511.07122},
	year={2015}
}

@inproceedings{anwar2019real,
	title={Real image denoising with feature attention},
	author={Anwar, Saeed and Barnes, Nick},
	booktitle={Proceedings of the IEEE International Conference on Computer Vision},
	pages={3155--3164},
	year={2019}
}

@article{fang2020multilevel,
	title={Multilevel edge features guided network for image denoising},
	author={Fang, Faming and Li, Juncheng and Yuan, Yiting and Zeng, Tieyong and Zhang, Guixu},
	journal={IEEE Transactions on Neural Networks and Learning Systems},
	volume={32},
	number={9},
	pages={3956--3970},
	year={2020},
	publisher={IEEE}
}

@inproceedings{chupraphawan2019deep,
	title={Deep convolutional neural network with edge feature for image denoising},
	author={Chupraphawan, Supakorn and Ratanamahatana, Chotirat Ann},
	booktitle={International Conference on Computing and Information Technology},
	pages={169--179},
	year={2019},
	organization={Springer}
}

@inproceedings{liu2020gradnet,
	title={Gradnet image denoising},
	author={Liu, Yang and Anwar, Saeed and Zheng, Liang and Tian, Qi},
	booktitle={Proceedings of the IEEE Conference on Computer Vision and Pattern Recognition Workshops},
	pages={508--509},
	year={2020}
}

@inproceedings{wang2019graph,
	title={Graph attention convolution for point cloud semantic segmentation},
	author={Wang, Lei and Huang, Yuchun and Hou, Yaolin and Zhang, Shenman and Shan, Jie},
	booktitle={Proceedings of the IEEE Conference on Computer Vision and Pattern Recognition},
	pages={10296--10305},
	year={2019}
}

@inproceedings{yao2019graph,
	title={Graph convolutional networks for text classification},
	author={Yao, Liang and Mao, Chengsheng and Luo, Yuan},
	booktitle={AAAI Conference on Artificial Intelligence},
	volume={33},
	number={01},
	pages={7370--7377},
	year={2019}
}

@article{wu2023graph,
	title={Graph neural networks for natural language processing: A survey},
	author={Wu, Lingfei and Chen, Yu and Shen, Kai and Guo, Xiaojie and Gao, Hanning and Li, Shucheng and Pei, Jian and Long, Bo and others},
	journal={Foundations and Trends{\textregistered} in Machine Learning},
	volume={16},
	number={2},
	pages={119--328},
	year={2023},
	publisher={Now Publishers, Inc.}
}

@inproceedings{liu2020tensor,
	title={Tensor graph convolutional networks for text classification},
	author={Liu, Xien and You, Xinxin and Zhang, Xiao and Wu, Ji and Lv, Ping},
	booktitle={AAAI Conference on Artificial Intelligence},
	volume={34},
	number={05},
	pages={8409--8416},
	year={2020}
}

@article{nguyen2021graph,
	title={Graph convolutional networks for drug response prediction},
	author={Nguyen, Tuan and Nguyen, Giang TT and Nguyen, Thin and Le, Duc-Hau},
	journal={IEEE/ACM Transactions on Computational Biology and Bioinformatics},
	volume={19},
	number={1},
	pages={146--154},
	year={2021},
	publisher={IEEE}
}

@article{yu2021predicting,
	title={Predicting drug--disease associations through layer attention graph convolutional network},
	author={Yu, Zhouxin and Huang, Feng and Zhao, Xiaohan and Xiao, Wenjie and Zhang, Wen},
	journal={Briefings in Bioinformatics},
	volume={22},
	number={4},
	pages={bbaa243},
	year={2021},
	publisher={Oxford University Press}
}

@article{yu2020enhancing,
	title={Enhancing social recommendation with adversarial graph convolutional networks},
	author={Yu, Junliang and Yin, Hongzhi and Li, Jundong and Gao, Min and Huang, Zi and Cui, Lizhen},
	journal={IEEE Transactions on Knowledge and Data Engineering},
	volume={34},
	number={8},
	pages={3727--3739},
	year={2020},
	publisher={IEEE}
}

@inproceedings{wu2020graph,
	title={Graph convolutional networks with markov random field reasoning for social spammer detection},
	author={Wu, Yongji and Lian, Defu and Xu, Yiheng and Wu, Le and Chen, Enhong},
	booktitle={AAAI Conference on Artificial Intelligence},
	volume={34},
	number={01},
	pages={1054--1061},
	year={2020}
}

@inproceedings{bian2020rumor,
	title={Rumor detection on social media with bi-directional graph convolutional networks},
	author={Bian, Tian and Xiao, Xi and Xu, Tingyang and Zhao, Peilin and Huang, Wenbing and Rong, Yu and Huang, Junzhou},
	booktitle={AAAI Conference on Artificial Intelligence},
	volume={34},
	number={01},
	pages={549--556},
	year={2020}
}

@article{yu2023two,
	title={Two-Branch Deeper Graph Convolutional Network for Hyperspectral Image Classification},
	author={Yu, Linzhou and Peng, Jiangtao and Chen, Na and Sun, Weiwei and Du, Qian},
	journal={IEEE Transactions on Geoscience and Remote Sensing},
	volume={61},
	pages={1--14},
	year={2023},
	publisher={IEEE}
}

@article{liang2023multi,
	title={Multi-scale hybrid attention graph convolution neural network for remote sensing images super-resolution},
	author={Liang, Guojun and KinTak, U and Yin, Haichang and Liu, Jin and Luo, Huibin},
	journal={Signal Processing},
	volume={207},
	pages={108954},
	year={2023},
	publisher={Elsevier}
}

@article{lei2023multi,
	title={Multi-scale enhanced graph convolutional network for mild cognitive impairment detection},
	author={Lei, Baiying and Zhu, Yun and Yu, Shuangzhi and Hu, Huoyou and Xu, Yanwu and Yue, Guanghui and Wang, Tianfu and Zhao, Cheng and Chen, Shaobin and Yang, Peng and others},
	journal={Pattern Recognition},
	volume={134},
	pages={109106},
	year={2023},
	publisher={Elsevier}
}

@article{wei2023agconv,
	title={Agconv: Adaptive graph convolution on 3d point clouds},
	author={Wei, Mingqiang and Wei, Zeyong and Zhou, Haoran and Hu, Fei and Si, Huajian and Chen, Zhilei and Zhu, Zhe and Qiu, Jingbo and Yan, Xuefeng and Guo, Yanwen and others},
	journal={IEEE Transactions on Pattern Analysis and Machine Intelligence},
	volume={45},
	number={8},
	pages={9374--9392},
	year={2023},
	publisher={IEEE}
}

@inproceedings{wang2024can,
	title={Can language models solve graph problems in natural language?},
	author={Wang, Heng and Feng, Shangbin and He, Tianxing and Tan, Zhaoxuan and Han, Xiaochuang and Tsvetkov, Yulia},
	booktitle={Advances in Neural Information Processing Systems},
	volume={36},
	pages={30840--30861},
	year={2023}
}

@article{ghadimi2023sgcsumm,
	title={SGCSumm: An extractive multi-document summarization method based on pre-trained language model, submodularity, and graph convolutional neural networks},
	author={Ghadimi, Alireza and Beigy, Hamid},
	journal={Expert Systems with Applications},
	volume={215},
	pages={119308},
	year={2023},
	publisher={Elsevier}
}

@article{xu2023learn,
	title={Learn from structural scope: Improving aspect-level sentiment analysis with hybrid graph convolutional networks},
	author={Xu, Lvxiaowei and Pang, Xiaoxuan and Wu, Jianwang and Cai, Ming and Peng, Jiawei},
	journal={Neurocomputing},
	volume={518},
	pages={373--383},
	year={2023},
	publisher={Elsevier}
}

@article{peng2023predicting,
	title={Predicting CircRNA-Disease associations via feature convolution learning with heterogeneous graph attention network},
	author={Peng, Li and Yang, Cheng and Chen, Yifan and Liu, Wei},
	journal={IEEE Journal of Biomedical and Health Informatics},
	volume={27},
	number={6},
	pages={3072--3082},
	year={2023},
	publisher={IEEE}
}

@article{bi2023community,
	title={Community Graph Convolution Neural Network for Alzheimer’s Disease Classification and Pathogenetic Factors Identification},
	author={Bi, Xia-An and Chen, Ke and Jiang, Siyu and Luo, Sheng and Zhou, Wenyan and Xing, Zhaoxu and Xu, Luyun and Liu, Zhengliang and Liu, Tianming},
	journal={IEEE Transactions on Neural Networks and Learning Systems},
    year={2025},
	volume={36},
	number={2},
	pages={1959-1973},
	publisher={IEEE}
}

@article{li2023graphlncloc,
	title={GraphLncLoc: long non-coding RNA subcellular localization prediction using graph convolutional networks based on sequence to graph transformation},
	author={Li, Min and Zhao, Baoying and Yin, Rui and Lu, Chengqian and Guo, Fei and Zeng, Min},
	journal={Briefings in Bioinformatics},
	volume={24},
	number={1},
	pages={bbac565},
	year={2023},
	publisher={Oxford University Press}
}

@article{wang2023predicting,
	title={Predicting miRNA-disease associations based on lncRNA--miRNA interactions and graph convolution networks},
	author={Wang, Wengang and Chen, Hailin},
	journal={Briefings in Bioinformatics},
	volume={24},
	number={1},
	pages={bbac495},
	year={2023},
	publisher={Oxford University Press}
}

@article{phan2023aspect,
	title={Aspect-level sentiment analysis: A survey of graph convolutional network methods},
	author={Phan, Huyen Trang and Nguyen, Ngoc Thanh and Hwang, Dosam},
	journal={Information Fusion},
	volume={91},
	pages={149--172},
	year={2023},
	publisher={Elsevier}
}

@article{yang2024predicting,
	title={Predicting traffic propagation flow in urban road network with multi-graph convolutional network},
	author={Yang, Haiqiang and Li, Zihan and Qi, Yashuai},
	journal={Complex \& Intelligent Systems},
	volume={10},
	number={1},
	pages={23--35},
	year={2024},
	publisher={Springer}
}

@inproceedings{yao2024fedgcn,
	title={FedGCN: Convergence-Communication Tradeoffs in Federated Training of Graph Convolutional Networks},
	author={Yao, Yuhang and Jin, Weizhao and Ravi, Srivatsan and Joe-Wong, Carlee},
	booktitle={Advances in Neural Information Processing Systems},
    volume={36},
    pages={79748--79760},
    year={2023}
}

@article{liu2023enhancing,
	title={Enhancing aspect-based sentiment analysis using a dual-gated graph convolutional network via contextual affective knowledge},
	author={Liu, Hongtao and Wu, Yiming and Li, Qingyu and Lu, Wanying and Li, Xin and Wei, Jiahao and Liu, Xueyan and Feng, Jiangfan},
	journal={Neurocomputing},
	volume={553},
	pages={126526},
	year={2023},
	publisher={Elsevier}
}

@inproceedings{lv2023multi,
	title={Multi-scale Graph Pooling Approach with Adaptive Key Subgraph for Graph Representations},
	author={Lv, Yiqin and Tian, Zhiliang and Xie, Zheng and Song, Yiping},
	booktitle={ACM International Conference on Information and Knowledge Management},
	pages={1736--1745},
	year={2023}
}

@inproceedings{baek2021accurate,
	title={Accurate Learning of Graph Representations with Graph Multiset Pooling},
	author={Baek, Jinheon and Kang, Minki and Hwang, Sung Ju},
	booktitle={International Conference on Learning Representations},
	year={2021},
}

@article{li2020graph,
	title={Graph cross networks with vertex infomax pooling},
	author={Li, Maosen and Chen, Siheng and Zhang, Ya and Tsang, Ivor},
	journal={Advances in Neural Information Processing Systems},
	volume={33},
	pages={14093--14105},
	year={2020}
}

@article{zhang2023gcrnn,
	title={A-GCRNN: Attention graph convolution recurrent neural network for multi-band spectrum prediction},
	author={Zhang, Xile and Guo, Lantu and Ben, Cui and Peng, Yang and Wang, Yu and Shi, Shengnan and Lin, Yun and Gui, Guan},
	journal={IEEE Transactions on Vehicular Technology},
	volume={73},
	number={2},
	pages={2978--2982},
	year={2023},
	publisher={IEEE}
}

@article{li2023dynamic,
	title={Dynamic graph convolutional recurrent network for traffic prediction: Benchmark and solution},
	author={Li, Fuxian and Feng, Jie and Yan, Huan and Jin, Guangyin and Yang, Fan and Sun, Funing and Jin, Depeng and Li, Yong},
	journal={ACM Transactions on Knowledge Discovery from Data},
	volume={17},
	number={1},
	pages={1--21},
	year={2023},
	publisher={ACM New York, NY}
}
@article{bi2023community,
	title={Community graph convolution neural network for alzheimer’s disease classification and pathogenetic factors identification},
	author={Bi, Xia-An and Chen, Ke and Jiang, Siyu and Luo, Sheng and Zhou, Wenyan and Xing, Zhaoxu and Xu, Luyun and Liu, Zhengliang and Liu, Tianming},
	journal={IEEE Transactions on Neural Networks and Learning Systems},
	year={2023},
	publisher={IEEE}
}
@article{zhou2023deep,
	title={A deep graph convolutional neural network architecture for graph classification},
	author={Zhou, Yuchen and Huo, Hongtao and Hou, Zhiwen and Bu, Fanliang},
	journal={Plos one},
	volume={18},
	number={3},
	pages={e0279604},
	year={2023},
	publisher={Public Library of Science San Francisco, CA USA}
}
@inproceedings{chen2023dual,
	title={Dual low-rank graph autoencoder for semantic and topological networks},
	author={Chen, Zhaoliang and Wu, Zhihao and Wang, Shiping and Guo, Wenzhong},
	booktitle={AAAI Conference on Artificial Intelligence},
	volume={37},
	number={4},
	pages={4191--4198},
	year={2023}
}
@article{li2023multi,
	title={Multi-view representation model based on graph autoencoder},
	author={Li, Jingci and Lu, Guangquan and Wu, Zhengtian and Ling, Fuqing},
	journal={Information Sciences},
	volume={632},
	pages={439--453},
	year={2023},
	publisher={Elsevier}
}

@inproceedings{tang2023graph,
	title={Graph transformer gans for graph-constrained house generation},
	author={Tang, Hao and Zhang, Zhenyu and Shi, Humphrey and Li, Bo and Shao, Ling and Sebe, Nicu and Timofte, Radu and Van Gool, Luc},
	booktitle={Proceedings of the IEEE Conference on Computer Vision and Pattern Recognition},
	pages={2173--2182},
	year={2023}
}

@article{yogananda2024graph,
	title={Graph laplacian regularization with sparse coding in secure image restoration and representation for Internet of Things},
	author={Yogananda, GS and Ananda Babu, J},
	journal={International Journal of Modeling, Simulation, and Scientific Computing},
	volume={15},
	number={02},
	pages={2441014},
	year={2024},
	publisher={World Scientific}
}

@article{cui2024enhancing,
	title={Enhancing local--global representation learning for image restoration},
	author={Cui, Yuning and Knoll, Alois},
	journal={IEEE Transactions on Industrial Informatics},
	volume={20},
	number={4},
	pages={6522--6530},
	year={2024},
	publisher={IEEE}
}

@inproceedings{lv2024sgformer,
	title={Sgformer: Semantic graph transformer for point cloud-based 3d scene graph generation},
	author={Lv, Changsheng and Qi, Mengshi and Li, Xia and Yang, Zhengyuan and Ma, Huadong},
	booktitle={AAAI Conference on Artificial Intelligence},
	volume={38},
	number={5},
	pages={4035--4043},
	year={2024}
}

@article{zhou2024graph,
	title={Graph Transformer for 3D point clouds classification and semantic segmentation},
	author={Zhou, Wei and Wang, Qian and Jin, Weiwei and Shi, Xinzhe and He, Ying},
	journal={Computers \& Graphics},
	volume={124},
	pages={104050},
	year={2024},
	publisher={Elsevier}
}

@inproceedings{zhang2024fastmac,
	title={Fastmac: Stochastic spectral sampling of correspondence graph},
	author={Zhang, Yifei and Zhao, Hao and Li, Hongyang and Chen, Siheng},
	booktitle={Proceedings of the IEEE Conference on Computer Vision and Pattern Recognition},
	pages={17857--17867},
	year={2024}
}

@article{li2024graph,
	title={Graph-based text classification by contrastive learning with text-level graph augmentation},
	author={Li, Ximing and Wang, Bing and Wang, Yang and Wang, Meng},
	journal={ACM Transactions on Knowledge Discovery from Data},
	volume={18},
	number={4},
	pages={1--21},
	year={2024},
	publisher={ACM New York, NY}
}

@article{zeng2024multi,
	title={Multi-label text classification based on semantic-sensitive graph convolutional network},
	author={Zeng, Delong and Zha, Enze and Kuang, Jiayi and Shen, Ying},
	journal={Knowledge-Based Systems},
	volume={284},
	pages={111303},
	year={2024},
	publisher={Elsevier}
}

@article{ai2024edge,
	title={Edge-enhanced minimum-margin graph attention network for short text classification},
	author={Ai, Wei and Wei, Yingying and Shao, Hongen and Shou, Yuntao and Meng, Tao and Li, Keqin},
	journal={Expert Systems with Applications},
	volume={251},
	pages={124069},
	year={2024},
	publisher={Elsevier}
}


@article{li2024multimodal,
	title={A multimodal graph neural network framework for cancer molecular subtype classification},
	author={Li, Bingjun and Nabavi, Sheida},
	journal={BMC bioinformatics},
	volume={25},
	number={1},
	pages={27},
	year={2024},
	publisher={Springer}
}

@inproceedings{sypetkowski2025scalability,
	title={On the scalability of gnns for molecular graphs},
	author={Sypetkowski, Maciej and Wenkel, Frederik and Poursafaei, Farimah and Dickson, Nia and Suri, Karush and Fradkin, Philip and Beaini, Dominique},
	booktitle={Advances in Neural Information Processing Systems},
	volume={37},
	pages={19870--19906},
	year={2025}
}

@article{kim2024diffusion,
	title={Diffusion-based generative AI for exploring transition states from 2D molecular graphs},
	author={Kim, Seonghwan and Woo, Jeheon and Kim, Woo Youn},
	journal={Nature Communications},
	volume={15},
	number={1},
	pages={341},
	year={2024},
	publisher={Nature Publishing Group UK London}
}


@article{sharma2024survey,
	title={A survey of graph neural networks for social recommender systems},
	author={Sharma, Kartik and Lee, Yeon-Chang and Nambi, Sivagami and Salian, Aditya and Shah, Shlok and Kim, Sang-Wook and Kumar, Srijan},
	journal={ACM Computing Surveys},
	volume={56},
	number={10},
	pages={1--34},
	year={2024},
	publisher={ACM New York, NY}
}

@article{cheng2024detecting,
	title={Detecting fake reviewers from the social context with a graph neural network method},
	author={Cheng, Li-Chen and Wu, Yan Tsang and Chao, Cheng-Ting and Wang, Jenq-Haur},
	journal={Decision Support Systems},
	volume={179},
	pages={114150},
	year={2024},
	publisher={Elsevier}
}

@article{zhang2024bayesian,
	title={Bayesian graph local extrema convolution with long-tail strategy for misinformation detection},
	author={Zhang, Guixian and Zhang, Shichao and Yuan, Guan},
	journal={ACM Transactions on Knowledge Discovery from Data},
	volume={18},
	number={4},
	pages={1--21},
	year={2024},
	publisher={ACM New York, NY}
}