@misc{chang2022maskgitmaskedgenerativeimage,
      title={MaskGIT: Masked Generative Image Transformer}, 
      author={Huiwen Chang and Han Zhang and Lu Jiang and Ce Liu and William T. Freeman},
      year={2022},
      eprint={2202.04200},
      archivePrefix={arXiv},
      primaryClass={cs.CV},
      url={https://arxiv.org/abs/2202.04200}, 
}

@article{chen2024softvq,
  title={SoftVQ-VAE: Efficient 1-Dimensional Continuous Tokenizer},
  author={Chen, Hao and Wang, Ze and Li, Xiang and Sun, Ximeng and Chen, Fangyi and Liu, Jiang and Wang, Jindong and Raj, Bhiksha and Liu, Zicheng and Barsoum, Emad},
  journal={arXiv preprint arXiv:2412.10958},
  year={2024}
}

@article{dhariwal2021diffusion,
  title={Diffusion models beat gans on image synthesis},
  author={Dhariwal, Prafulla and Nichol, Alexander},
  journal={Advances in neural information processing systems},
  volume={34},
  pages={8780--8794},
  year={2021}
}

@article{ding2021cogview,
  title={Cogview: Mastering text-to-image generation via transformers},
  author={Ding, Ming and Yang, Zhuoyi and Hong, Wenyi and Zheng, Wendi and Zhou, Chang and Yin, Da and Lin, Junyang and Zou, Xu and Shao, Zhou and Yang, Hongxia and others},
  journal={Advances in neural information processing systems},
  volume={34},
  pages={19822--19835},
  year={2021}
}

@misc{dosovitskiy2021imageworth16x16words,
      title={An Image is Worth 16x16 Words: Transformers for Image Recognition at Scale}, 
      author={Alexey Dosovitskiy and Lucas Beyer and Alexander Kolesnikov and Dirk Weissenborn and Xiaohua Zhai and Thomas Unterthiner and Mostafa Dehghani and Matthias Minderer and Georg Heigold and Sylvain Gelly and Jakob Uszkoreit and Neil Houlsby},
      year={2021},
      eprint={2010.11929},
      archivePrefix={arXiv},
      primaryClass={cs.CV},
      url={https://arxiv.org/abs/2010.11929}, 
}

@inproceedings{esser2021taming,
  title={Taming transformers for high-resolution image synthesis},
  author={Esser, Patrick and Rombach, Robin and Ommer, Bjorn},
  booktitle={Proceedings of the IEEE/CVF conference on computer vision and pattern recognition},
  pages={12873--12883},
  year={2021}
}

@inproceedings{gafni2022make,
  title={Make-a-scene: Scene-based text-to-image generation with human priors},
  author={Gafni, Oran and Polyak, Adam and Ashual, Oron and Sheynin, Shelly and Parikh, Devi and Taigman, Yaniv},
  booktitle={European Conference on Computer Vision},
  pages={89--106},
  year={2022},
  organization={Springer}
}

@misc{gu2023rethinkingobjectivesvectorquantizedtokenizers,
      title={Rethinking the Objectives of Vector-Quantized Tokenizers for Image Synthesis}, 
      author={Yuchao Gu and Xintao Wang and Yixiao Ge and Ying Shan and Xiaohu Qie and Mike Zheng Shou},
      year={2023},
      eprint={2212.03185},
      archivePrefix={arXiv},
      primaryClass={cs.CV},
      url={https://arxiv.org/abs/2212.03185}, 
}

@article{hinton2006reducing,
  title={Reducing the dimensionality of data with neural networks},
  author={Hinton, Geoffrey E and Salakhutdinov, Ruslan R},
  journal={science},
  volume={313},
  number={5786},
  pages={504--507},
  year={2006},
  publisher={American Association for the Advancement of Science}
}

@inproceedings{lee2022autoregressive,
  title={Autoregressive image generation using residual quantization},
  author={Lee, Doyup and Kim, Chiheon and Kim, Saehoon and Cho, Minsu and Han, Wook-Shin},
  booktitle={Proceedings of the IEEE/CVF Conference on Computer Vision and Pattern Recognition},
  pages={11523--11532},
  year={2022}
}

@misc{li2024autoregressiveimagegenerationvector,
      title={Autoregressive Image Generation without Vector Quantization}, 
      author={Tianhong Li and Yonglong Tian and He Li and Mingyang Deng and Kaiming He},
      year={2024},
      eprint={2406.11838},
      archivePrefix={arXiv},
      primaryClass={cs.CV},
      url={https://arxiv.org/abs/2406.11838}, 
}

@article{li2024imagefolder,
  title={ImageFolder: Autoregressive Image Generation with Folded Tokens},
  author={Li, Xiang and Chen, Hao and Qiu, Kai and Kuen, Jason and Gu, Jiuxiang and Raj, Bhiksha and Lin, Zhe},
  journal={arXiv preprint arXiv:2410.01756},
  year={2024}
}

@article{liu2024customize,
  title={Customize your visual autoregressive recipe with set autoregressive modeling},
  author={Liu, Wenze and Zhuo, Le and Xin, Yi and Xia, Sheng and Gao, Peng and Yue, Xiangyu},
  journal={arXiv preprint arXiv:2410.10511},
  year={2024}
}

@misc{mentzer2023finite,
    title   = {Finite Scalar Quantization: VQ-VAE Made Simple},
    author  = {Fabian Mentzer and David Minnen and Eirikur Agustsson and Michael Tschannen},
    year    = {2023},
    eprint  = {2309.15505},
    archivePrefix = {arXiv},
    primaryClass = {cs.CV}
}

@misc{midjourney,
  title        = {MidJourney},
  author       = {{MidJourney Inc.}},
  year         = 2022,
  howpublished = {Software available from MidJourney Inc.},
  url          = {https://www.midjourney.com}
}

@article{nichol2021glide,
  title={Glide: Towards photorealistic image generation and editing with text-guided diffusion models},
  author={Nichol, Alex and Dhariwal, Prafulla and Ramesh, Aditya and Shyam, Pranav and Mishkin, Pamela and McGrew, Bob and Sutskever, Ilya and Chen, Mark},
  journal={arXiv preprint arXiv:2112.10741},
  year={2021}
}

@misc{nichol2021improveddenoisingdiffusionprobabilistic,
      title={Improved Denoising Diffusion Probabilistic Models}, 
      author={Alex Nichol and Prafulla Dhariwal},
      year={2021},
      eprint={2102.09672},
      archivePrefix={arXiv},
      primaryClass={cs.LG},
      url={https://arxiv.org/abs/2102.09672}, 
}

@misc{peebles2023scalablediffusionmodelstransformers,
      title={Scalable Diffusion Models with Transformers}, 
      author={William Peebles and Saining Xie},
      year={2023},
      eprint={2212.09748},
      archivePrefix={arXiv},
      primaryClass={cs.CV},
      url={https://arxiv.org/abs/2212.09748}, 
}

@inproceedings{ramesh2021zero,
  title={Zero-shot text-to-image generation},
  author={Ramesh, Aditya and Pavlov, Mikhail and Goh, Gabriel and Gray, Scott and Voss, Chelsea and Radford, Alec and Chen, Mark and Sutskever, Ilya},
  booktitle={International conference on machine learning},
  pages={8821--8831},
  year={2021},
  organization={Pmlr}
}

@article{razavi2019generating,
  title={Generating diverse high-fidelity images with vq-vae-2},
  author={Razavi, Ali and Van den Oord, Aaron and Vinyals, Oriol},
  journal={Advances in neural information processing systems},
  volume={32},
  year={2019}
}

@misc{razavi2019generatingdiversehighfidelityimages,
      title={Generating Diverse High-Fidelity Images with VQ-VAE-2}, 
      author={Ali Razavi and Aaron van den Oord and Oriol Vinyals},
      year={2019},
      eprint={1906.00446},
      archivePrefix={arXiv},
      primaryClass={cs.LG},
      url={https://arxiv.org/abs/1906.00446}, 
}

@inproceedings{rombach2022high,
  title={High-resolution image synthesis with latent diffusion models},
  author={Rombach, Robin and Blattmann, Andreas and Lorenz, Dominik and Esser, Patrick and Ommer, Bj{\"o}rn},
  booktitle={Proceedings of the IEEE/CVF conference on computer vision and pattern recognition},
  pages={10684--10695},
  year={2022}
}

@misc{rombach2022highresolutionimagesynthesislatent,
      title={High-Resolution Image Synthesis with Latent Diffusion Models}, 
      author={Robin Rombach and Andreas Blattmann and Dominik Lorenz and Patrick Esser and Bj√∂rn Ommer},
      year={2022},
      eprint={2112.10752},
      archivePrefix={arXiv},
      primaryClass={cs.CV},
      url={https://arxiv.org/abs/2112.10752}, 
}

@article{saharia2022photorealistic,
  title={Photorealistic text-to-image diffusion models with deep language understanding},
  author={Saharia, Chitwan and Chan, William and Saxena, Saurabh and Li, Lala and Whang, Jay and Denton, Emily L and Ghasemipour, Kamyar and Gontijo Lopes, Raphael and Karagol Ayan, Burcu and Salimans, Tim and others},
  journal={Advances in neural information processing systems},
  volume={35},
  pages={36479--36494},
  year={2022}
}

@misc{sohldickstein2015deepunsupervisedlearningusing,
      title={Deep Unsupervised Learning using Nonequilibrium Thermodynamics}, 
      author={Jascha Sohl-Dickstein and Eric A. Weiss and Niru Maheswaranathan and Surya Ganguli},
      year={2015},
      eprint={1503.03585},
      archivePrefix={arXiv},
      primaryClass={cs.LG},
      url={https://arxiv.org/abs/1503.03585}, 
}

@misc{song2022denoisingdiffusionimplicitmodels,
      title={Denoising Diffusion Implicit Models}, 
      author={Jiaming Song and Chenlin Meng and Stefano Ermon},
      year={2022},
      eprint={2010.02502},
      archivePrefix={arXiv},
      primaryClass={cs.LG},
      url={https://arxiv.org/abs/2010.02502}, 
}

@misc{sora,
  author = {OpenAI},
  title = {Video Generation Models as World Simulators},
  year = {2024},
  howpublished = {OpenAI Blog},
  url = {https://openai.com/index/video-generation-models-as-world-simulators/}
}

@article{sun2024autoregressive,
  title={Autoregressive Model Beats Diffusion: Llama for Scalable Image Generation},
  author={Sun, Peize and Jiang, Yi and Chen, Shoufa and Zhang, Shilong and Peng, Bingyue and Luo, Ping and Yuan, Zehuan},
  journal={arXiv preprint arXiv:2406.06525},
  year={2024}
}

@misc{tian2024visualautoregressivemodelingscalable,
      title={Visual Autoregressive Modeling: Scalable Image Generation via Next-Scale Prediction}, 
      author={Keyu Tian and Yi Jiang and Zehuan Yuan and Bingyue Peng and Liwei Wang},
      year={2024},
      eprint={2404.02905},
      archivePrefix={arXiv},
      primaryClass={cs.CV},
      url={https://arxiv.org/abs/2404.02905}, 
}

@misc{vahdat2021scorebasedgenerativemodelinglatent,
      title={Score-based Generative Modeling in Latent Space}, 
      author={Arash Vahdat and Karsten Kreis and Jan Kautz},
      year={2021},
      eprint={2106.05931},
      archivePrefix={arXiv},
      primaryClass={stat.ML},
      url={https://arxiv.org/abs/2106.05931}, 
}

@article{van2016conditional,
  title={Conditional image generation with pixelcnn decoders},
  author={Van den Oord, Aaron and Kalchbrenner, Nal and Espeholt, Lasse and Vinyals, Oriol and Graves, Alex and others},
  journal={Advances in neural information processing systems},
  volume={29},
  year={2016}
}

@article{van2017neural,
  title={Neural discrete representation learning},
  author={Van Den Oord, Aaron and Vinyals, Oriol and others},
  journal={Advances in neural information processing systems},
  volume={30},
  year={2017}
}

@misc{vaswani2023attentionneed,
      title={Attention Is All You Need}, 
      author={Ashish Vaswani and Noam Shazeer and Niki Parmar and Jakob Uszkoreit and Llion Jones and Aidan N. Gomez and Lukasz Kaiser and Illia Polosukhin},
      year={2023},
      eprint={1706.03762},
      archivePrefix={arXiv},
      primaryClass={cs.CL},
      url={https://arxiv.org/abs/1706.03762}, 
}

@inproceedings{vincent2008extracting,
  title={Extracting and composing robust features with denoising autoencoders},
  author={Vincent, Pascal and Larochelle, Hugo and Bengio, Yoshua and Manzagol, Pierre-Antoine},
  booktitle={Proceedings of the 25th international conference on Machine learning},
  pages={1096--1103},
  year={2008}
}

@article{wang2024emu3,
  title={Emu3: Next-token prediction is all you need},
  author={Wang, Xinlong and Zhang, Xiaosong and Luo, Zhengxiong and Sun, Quan and Cui, Yufeng and Wang, Jinsheng and Zhang, Fan and Wang, Yueze and Li, Zhen and Yu, Qiying and others},
  journal={arXiv preprint arXiv:2409.18869},
  year={2024}
}

@article{wu2024janus,
  title={Janus: Decoupling visual encoding for unified multimodal understanding and generation},
  author={Wu, Chengyue and Chen, Xiaokang and Wu, Zhiyu and Ma, Yiyang and Liu, Xingchao and Pan, Zizheng and Liu, Wen and Xie, Zhenda and Yu, Xingkai and Ruan, Chong and others},
  journal={arXiv preprint arXiv:2410.13848},
  year={2024}
}

@article{wu2024vila,
  title={Vila-u: a unified foundation model integrating visual understanding and generation},
  author={Wu, Yecheng and Zhang, Zhuoyang and Chen, Junyu and Tang, Haotian and Li, Dacheng and Fang, Yunhao and Zhu, Ligeng and Xie, Enze and Yin, Hongxu and Yi, Li and others},
  journal={arXiv preprint arXiv:2409.04429},
  year={2024}
}

@article{xie2024show,
  title={Show-o: One single transformer to unify multimodal understanding and generation},
  author={Xie, Jinheng and Mao, Weijia and Bai, Zechen and Zhang, David Junhao and Wang, Weihao and Lin, Kevin Qinghong and Gu, Yuchao and Chen, Zhijie and Yang, Zhenheng and Shou, Mike Zheng},
  journal={arXiv preprint arXiv:2408.12528},
  year={2024}
}

@article{yao2025reconstruction,
  title={Reconstruction vs. Generation: Taming Optimization Dilemma in Latent Diffusion Models},
  author={Yao, Jingfeng and Wang, Xinggang},
  journal={arXiv preprint arXiv:2501.01423},
  year={2025}
}

@article{yu2024an,
  author    = {Qihang Yu and Mark Weber and Xueqing Deng and Xiaohui Shen and Daniel Cremers and Liang-Chieh Chen},
  title     = {An Image is Worth 32 Tokens for Reconstruction and Generation},
  journal   = {arxiv: 2406.07550},
  year      = {2024}
}

@inproceedings{yu2024language,
  title={Language Model Beats Diffusion - Tokenizer is key to visual generation},
  author={Lijun Yu and Jose Lezama and Nitesh Bharadwaj Gundavarapu and Luca Versari and Kihyuk Sohn and David Minnen and Yong Cheng and Agrim Gupta and Xiuye Gu and Alexander G Hauptmann and Boqing Gong and Ming-Hsuan Yang and Irfan Essa and David A Ross and Lu Jiang},
  booktitle={The Twelfth International Conference on Learning Representations},
  year={2024},
  url={https://openreview.net/forum?id=gzqrANCF4g}
}

@article{yu2024randomized,
  title={Randomized Autoregressive Visual Generation},
  author={Yu, Qihang and He, Ju and Deng, Xueqing and Shen, Xiaohui and Chen, Liang-Chieh},
  journal={arXiv preprint arXiv:2411.00776},
  year={2024}
}

@article{zha2024language,
  title={Language-Guided Image Tokenization for Generation},
  author={Zha, Kaiwen and Yu, Lijun and Fathi, Alireza and Ross, David A and Schmid, Cordelia and Katabi, Dina and Gu, Xiuye},
  journal={arXiv preprint arXiv:2412.05796},
  year={2024}
}

@article{zhou2024transfusion,
  title={Transfusion: Predict the Next Token and Diffuse Images with One Multi-Modal Model},
  author={Zhou, Chunting and Yu, Lili and Babu, Arun and Tirumala, Kushal and Yasunaga, Michihiro and Shamis, Leonid and Kahn, Jacob and Ma, Xuezhe and Zettlemoyer, Luke and Levy, Omer},
  journal={arXiv preprint arXiv:2408.11039},
  year={2024}
}

@article{zhu2010deformable,
  title={Deformable detr: Deformable transformers for end-to-end object detection. arXiv 2020},
  author={Zhu, X and Su, W and Lu, L and Li, B and Wang, X and Dai, J},
  journal={arXiv preprint arXiv:2010.04159},
  year={2010}
}

@article{zhu2024scaling,
  title={Scaling the Codebook Size of VQGAN to 100,000 with a Utilization Rate of 99\%},
  author={Zhu, Lei and Wei, Fangyun and Lu, Yanye and Chen, Dong},
  journal={arXiv preprint arXiv:2406.11837},
  year={2024}
}

