@String(PAMI = {IEEE Trans. Pattern Anal. Mach. Intell.})
@String(IJCV = {Int. J. Comput. Vis.})
@String(CVPR= {IEEE Conf. Comput. Vis. Pattern Recog.})
@String(ICCV= {Int. Conf. Comput. Vis.})
@String(ECCV= {Eur. Conf. Comput. Vis.})
@String(NIPS= {Adv. Neural Inform. Process. Syst.})
@String(ICPR = {Int. Conf. Pattern Recog.})
@String(BMVC= {Brit. Mach. Vis. Conf.})
@String(TOG= {ACM Trans. Graph.})
@String(TIP  = {IEEE Trans. Image Process.})
@String(TVCG  = {IEEE Trans. Vis. Comput. Graph.})
@String(TMM  = {IEEE Trans. Multimedia})
@String(ACMMM= {ACM Int. Conf. Multimedia})
@String(ICME = {Int. Conf. Multimedia and Expo})
@String(ICASSP=	{ICASSP})
@String(ICIP = {IEEE Int. Conf. Image Process.})
@String(ACCV  = {ACCV})
@String(ICLR = {Int. Conf. Learn. Represent.})
@String(IJCAI = {IJCAI})
@String(PR   = {Pattern Recognition})
@String(AAAI = {AAAI})
@String(CVPRW= {IEEE Conf. Comput. Vis. Pattern Recog. Worksh.})
@String(CSVT = {IEEE Trans. Circuit Syst. Video Technol.})

@String(SPL	= {IEEE Sign. Process. Letters})
@String(VR   = {Vis. Res.})
@String(JOV	 = {J. Vis.})
@String(TVC  = {The Vis. Comput.})
@String(JCST  = {J. Comput. Sci. Tech.})
@String(CGF  = {Comput. Graph. Forum})
@String(CVM = {Computational Visual Media})


@String(PAMI  = {IEEE TPAMI})
@String(IJCV  = {IJCV})
@String(CVPR  = {CVPR})
@String(ICCV  = {ICCV})
@String(ECCV  = {ECCV})
@String(NIPS  = {NeurIPS})
@String(ICPR  = {ICPR})
@String(BMVC  =	{BMVC})
@String(TOG   = {ACM TOG})
@String(TIP   = {IEEE TIP})
@String(TVCG  = {IEEE TVCG})
@String(TCSVT = {IEEE TCSVT})
@String(TMM   =	{IEEE TMM})
@String(ACMMM = {ACM MM})
@String(ICME  =	{ICME})
@String(ICASSP=	{ICASSP})
@String(ICIP  = {ICIP})
@String(ACCV  = {ACCV})
@String(ICLR  = {ICLR})
@String(IJCAI = {IJCAI})
@String(PR = {PR})
@String(AAAI = {AAAI})
@String(CVPRW= {CVPRW})
@String(CSVT = {IEEE TCSVT})


@article{zhang2022mask,
  title={How mask matters: Towards theoretical understandings of masked autoencoders},
  author={Zhang, Qi and Wang, Yifei and Wang, Yisen},
  journal={Advances in Neural Information Processing Systems},
  volume={35},
  pages={27127--27139},
  year={2022}
}

@article{mcinnes2018umap,
  title={Umap: Uniform manifold approximation and projection for dimension reduction},
  author={McInnes, Leland and Healy, John and Melville, James},
  journal={arXiv preprint arXiv:1802.03426},
  year={2018}
}

@inproceedings{lin2014microsoft,
  title={Microsoft coco: Common objects in context},
  author={Lin, Tsung-Yi and Maire, Michael and Belongie, Serge and Hays, James and Perona, Pietro and Ramanan, Deva and Doll{\'a}r, Piotr and Zitnick, C Lawrence},
  booktitle={Computer Vision--ECCV 2014: 13th European Conference, Zurich, Switzerland, September 6-12, 2014, Proceedings, Part V 13},
  pages={740--755},
  year={2014},
  organization={Springer}
}

@article{karras2022elucidating,
  title={Elucidating the design space of diffusion-based generative models},
  author={Karras, Tero and Aittala, Miika and Aila, Timo and Laine, Samuli},
  journal={Advances in neural information processing systems},
  volume={35},
  pages={26565--26577},
  year={2022}
}

@article{schuhmann2022laion,
  title={Laion-5b: An open large-scale dataset for training next generation image-text models},
  author={Schuhmann, Christoph and Beaumont, Romain and Vencu, Richard and Gordon, Cade and Wightman, Ross and Cherti, Mehdi and Coombes, Theo and Katta, Aarush and Mullis, Clayton and Wortsman, Mitchell and others},
  journal={Advances in Neural Information Processing Systems},
  volume={35},
  pages={25278--25294},
  year={2022}
}

@inproceedings{cherti2023reproducible,
  title={Reproducible scaling laws for contrastive language-image learning},
  author={Cherti, Mehdi and Beaumont, Romain and Wightman, Ross and Wortsman, Mitchell and Ilharco, Gabriel and Gordon, Cade and Schuhmann, Christoph and Schmidt, Ludwig and Jitsev, Jenia},
  booktitle={Proceedings of the IEEE/CVF Conference on Computer Vision and Pattern Recognition},
  pages={2818--2829},
  year={2023}
}

@article{li2024xq,
  title={XQ-GAN: An Open-source Image Tokenization Framework for Autoregressive Generation},
  author={Li, Xiang and Qiu, Kai and Chen, Hao and Kuen, Jason and Gu, Jiuxiang and Wang, Jindong and Lin, Zhe and Raj, Bhiksha},
  journal={arXiv preprint arXiv:2412.01762},
  year={2024}
}


@inproceedings{xie2022simmim,
  title={Simmim: A simple framework for masked image modeling},
  author={Xie, Zhenda and Zhang, Zheng and Cao, Yue and Lin, Yutong and Bao, Jianmin and Yao, Zhuliang and Dai, Qi and Hu, Han},
  booktitle={Proceedings of the IEEE/CVF conference on computer vision and pattern recognition},
  pages={9653--9663},
  year={2022}
}

@article{chen2024softvq,
  title={SoftVQ-VAE: Efficient 1-Dimensional Continuous Tokenizer},
  author={Chen, Hao and Wang, Ze and Li, Xiang and Sun, Ximeng and Chen, Fangyi and Liu, Jiang and Wang, Jindong and Raj, Bhiksha and Liu, Zicheng and Barsoum, Emad},
  journal={arXiv preprint arXiv:2412.10958},
  year={2024}
}

@inproceedings{wei2022masked,
  title={Masked feature prediction for self-supervised visual pre-training},
  author={Wei, Chen and Fan, Haoqi and Xie, Saining and Wu, Chao-Yuan and Yuille, Alan and Feichtenhofer, Christoph},
  booktitle={Proceedings of the IEEE/CVF Conference on Computer Vision and Pattern Recognition},
  pages={14668--14678},
  year={2022}
}



@inproceedings{assran2023self,
  title={Self-supervised learning from images with a joint-embedding predictive architecture},
  author={Assran, Mahmoud and Duval, Quentin and Misra, Ishan and Bojanowski, Piotr and Vincent, Pascal and Rabbat, Michael and LeCun, Yann and Ballas, Nicolas},
  booktitle={Proceedings of the IEEE/CVF Conference on Computer Vision and Pattern Recognition},
  pages={15619--15629},
  year={2023}
}

@article{zha2024language,
  title={Language-Guided Image Tokenization for Generation},
  author={Zha, Kaiwen and Yu, Lijun and Fathi, Alireza and Ross, David A and Schmid, Cordelia and Katabi, Dina and Gu, Xiuye},
  journal={arXiv preprint arXiv:2412.05796},
  year={2024}
}

@article{deng2024causal,
  title={Causal Diffusion Transformers for Generative Modeling},
  author={Deng, Chaorui and Zh, Deyao and Li, Kunchang and Guan, Shi and Fan, Haoqi},
  journal={arXiv preprint arXiv:2412.12095},
  year={2024}
}

@inproceedings{esser2024scaling,
  title={Scaling rectified flow transformers for high-resolution image synthesis},
  author={Esser, Patrick and Kulal, Sumith and Blattmann, Andreas and Entezari, Rahim and M{\"u}ller, Jonas and Saini, Harry and Levi, Yam and Lorenz, Dominik and Sauer, Axel and Boesel, Frederic and others},
  booktitle={Forty-first International Conference on Machine Learning},
  year={2024}
}

@article{dhariwal2021diffusion,
  title={Diffusion models beat gans on image synthesis},
  author={Dhariwal, Prafulla and Nichol, Alexander},
  journal={Advances in neural information processing systems},
  volume={34},
  pages={8780--8794},
  year={2021}
}

@inproceedings{yue2024mmmu,
  title={Mmmu: A massive multi-discipline multimodal understanding and reasoning benchmark for expert agi},
  author={Yue, Xiang and Ni, Yuansheng and Zhang, Kai and Zheng, Tianyu and Liu, Ruoqi and Zhang, Ge and Stevens, Samuel and Jiang, Dongfu and Ren, Weiming and Sun, Yuxuan and others},
  booktitle={Proceedings of the IEEE/CVF Conference on Computer Vision and Pattern Recognition},
  pages={9556--9567},
  year={2024}
}

@inproceedings{goyal2017making,
  title={Making the v in vqa matter: Elevating the role of image understanding in visual question answering},
  author={Goyal, Yash and Khot, Tejas and Summers-Stay, Douglas and Batra, Dhruv and Parikh, Devi},
  booktitle={Proceedings of the IEEE conference on computer vision and pattern recognition},
  pages={6904--6913},
  year={2017}
}

@article{wu2024janus,
  title={Janus: Decoupling visual encoding for unified multimodal understanding and generation},
  author={Wu, Chengyue and Chen, Xiaokang and Wu, Zhiyu and Ma, Yiyang and Liu, Xingchao and Pan, Zizheng and Liu, Wen and Xie, Zhenda and Yu, Xingkai and Ruan, Chong and others},
  journal={arXiv preprint arXiv:2410.13848},
  year={2024}
}

@article{li2024dual,
  title={Dual Diffusion for Unified Image Generation and Understanding},
  author={Li, Zijie and Li, Henry and Shi, Yichun and Farimani, Amir Barati and Kluger, Yuval and Yang, Linjie and Wang, Peng},
  journal={arXiv preprint arXiv:2501.00289},
  year={2024}
}

@article{ghosh2024geneval,
  title={Geneval: An object-focused framework for evaluating text-to-image alignment},
  author={Ghosh, Dhruba and Hajishirzi, Hannaneh and Schmidt, Ludwig},
  journal={Advances in Neural Information Processing Systems},
  volume={36},
  year={2024}
}

@article{karras2024guiding,
  title={Guiding a Diffusion Model with a Bad Version of Itself},
  author={Karras, Tero and Aittala, Miika and Kynk{\"a}{\"a}nniemi, Tuomas and Lehtinen, Jaakko and Aila, Timo and Laine, Samuli},
  journal={arXiv preprint arXiv:2406.02507},
  year={2024}
}

@article{chung2024cfg++,
  title={Cfg++: Manifold-constrained classifier free guidance for diffusion models},
  author={Chung, Hyungjin and Kim, Jeongsol and Park, Geon Yeong and Nam, Hyelin and Ye, Jong Chul},
  journal={arXiv preprint arXiv:2406.08070},
  year={2024}
}

@article{kynkaanniemi2024applying,
  title={Applying guidance in a limited interval improves sample and distribution quality in diffusion models},
  author={Kynk{\"a}{\"a}nniemi, Tuomas and Aittala, Miika and Karras, Tero and Laine, Samuli and Aila, Timo and Lehtinen, Jaakko},
  journal={arXiv preprint arXiv:2404.07724},
  year={2024}
}

@article{ho2022classifier,
  title={Classifier-free diffusion guidance},
  author={Ho, Jonathan and Salimans, Tim},
  journal={arXiv preprint arXiv:2207.12598},
  year={2022}
}
@article{yu2024randomized,
  title={Randomized Autoregressive Visual Generation},
  author={Yu, Qihang and He, Ju and Deng, Xueqing and Shen, Xiaohui and Chen, Liang-Chieh},
  journal={arXiv preprint arXiv:2411.00776},
  year={2024}
}
@article{liu2024customize,
  title={Customize your visual autoregressive recipe with set autoregressive modeling},
  author={Liu, Wenze and Zhuo, Le and Xin, Yi and Xia, Sheng and Gao, Peng and Yue, Xiangyu},
  journal={arXiv preprint arXiv:2410.10511},
  year={2024}
}
@article{nyquist1928certain,
  title={Certain topics in telegraph transmission theory},
  author={Nyquist, Harry},
  journal={Transactions of the American Institute of Electrical Engineers},
  volume={47},
  number={2},
  pages={617--644},
  year={1928},
  publisher={IEEE}
}

@article{shannon1949communication,
  title={Communication in the presence of noise},
  author={Shannon, Claude Elwood},
  journal={Proceedings of the IRE},
  volume={37},
  number={1},
  pages={10--21},
  year={1949},
  publisher={IEEE}
}

@article{chen2024deconstructing,
  title={Deconstructing denoising diffusion models for self-supervised learning},
  author={Chen, Xinlei and Liu, Zhuang and Xie, Saining and He, Kaiming},
  journal={arXiv preprint arXiv:2401.14404},
  year={2024}
}

@article{fang2024eva,
  title={Eva-02: A visual representation for neon genesis},
  author={Fang, Yuxin and Sun, Quan and Wang, Xinggang and Huang, Tiejun and Wang, Xinlong and Cao, Yue},
  journal={Image and Vision Computing},
  volume={149},
  pages={105171},
  year={2024},
  publisher={Elsevier}
}

@misc{stabilityai2023,
  author       = {stabilityai},
  year         = {2023},
  title        = {SD VAE FT EMA},
  url          = {https://huggingface.co/stabilityai/sd-vae-ft-ema},
  note         = {Accessed: 2023}
}

@article{gao2023mdtv2,
  title={MDTv2: Masked Diffusion Transformer is a Strong Image Synthesizer},
  author={Gao, Shanghua and Zhou, Pan and Cheng, Ming-Ming and Yan, Shuicheng},
  journal={arXiv preprint arXiv:2303.14389},
  year={2023}
}

@inproceedings{bao2023all,
  title={All are worth words: A vit backbone for diffusion models},
  author={Bao, Fan and Nie, Shen and Xue, Kaiwen and Cao, Yue and Li, Chongxuan and Su, Hang and Zhu, Jun},
  booktitle={Proceedings of the IEEE/CVF conference on computer vision and pattern recognition},
  pages={22669--22679},
  year={2023}
}

@inproceedings{hatamizadeh2025diffit,
  title={Diffit: Diffusion vision transformers for image generation},
  author={Hatamizadeh, Ali and Song, Jiaming and Liu, Guilin and Kautz, Jan and Vahdat, Arash},
  booktitle={European Conference on Computer Vision},
  pages={37--55},
  year={2025},
  organization={Springer}
}

@article{zhang2019consistency,
  title={Consistency regularization for generative adversarial networks},
  author={Zhang, Han and Zhang, Zizhao and Odena, Augustus and Lee, Honglak},
  journal={arXiv preprint arXiv:1910.12027},
  year={2019}
}
@article{zhao2020differentiable,
  title={Differentiable augmentation for data-efficient gan training},
  author={Zhao, Shengyu and Liu, Zhijian and Lin, Ji and Zhu, Jun-Yan and Han, Song},
  journal={Advances in neural information processing systems},
  volume={33},
  pages={7559--7570},
  year={2020}
}
@inproceedings{karras2020analyzing,
  title={Analyzing and improving the image quality of stylegan},
  author={Karras, Tero and Laine, Samuli and Aittala, Miika and Hellsten, Janne and Lehtinen, Jaakko and Aila, Timo},
  booktitle={Proceedings of the IEEE/CVF conference on computer vision and pattern recognition},
  pages={8110--8119},
  year={2020}
}

@inproceedings{karras2019style,
  title={A style-based generator architecture for generative adversarial networks},
  author={Karras, Tero and Laine, Samuli and Aila, Timo},
  booktitle={Proceedings of the IEEE/CVF conference on computer vision and pattern recognition},
  pages={4401--4410},
  year={2019}
}


@inproceedings{caron2021emerging,
  title={Emerging properties in self-supervised vision transformers},
  author={Caron, Mathilde and Touvron, Hugo and Misra, Ishan and J{\'e}gou, Herv{\'e} and Mairal, Julien and Bojanowski, Piotr and Joulin, Armand},
  booktitle={Proceedings of the IEEE/CVF international conference on computer vision},
  pages={9650--9660},
  year={2021}
}

@article{loshchilov2017decoupled,
  title={Decoupled weight decay regularization},
  author={Loshchilov, I},
  journal={arXiv preprint arXiv:1711.05101},
  year={2017}
}

@article{dunn1973fuzzy,
  title={A fuzzy relative of the ISODATA process and its use in detecting compact well-separated clusters},
  author={Dunn, Joseph C},
  year={1973},
  publisher={Taylor \& Francis}
}

@article{lipman2022flow,
  title={Flow matching for generative modeling},
  author={Lipman, Yaron and Chen, Ricky TQ and Ben-Hamu, Heli and Nickel, Maximilian and Le, Matt},
  journal={arXiv preprint arXiv:2210.02747},
  year={2022}
}

@article{albergo2023stochastic,
  title={Stochastic interpolants: A unifying framework for flows and diffusions},
  author={Albergo, Michael S and Boffi, Nicholas M and Vanden-Eijnden, Eric},
  journal={arXiv preprint arXiv:2303.08797},
  year={2023}
}

@article{anderson1982reverse,
  title={Reverse-time diffusion equation models},
  author={Anderson, Brian DO},
  journal={Stochastic Processes and their Applications},
  volume={12},
  number={3},
  pages={313--326},
  year={1982},
  publisher={Elsevier}
}

@article{kingma2024understanding,
  title={Understanding diffusion objectives as the elbo with simple data augmentation},
  author={Kingma, Diederik and Gao, Ruiqi},
  journal={Advances in Neural Information Processing Systems},
  volume={36},
  year={2024}
}

@inproceedings{sohl2015deep,
  title={Deep unsupervised learning using nonequilibrium thermodynamics},
  author={Sohl-Dickstein, Jascha and Weiss, Eric and Maheswaranathan, Niru and Ganguli, Surya},
  booktitle={International conference on machine learning},
  pages={2256--2265},
  year={2015},
  organization={PMLR}
}

@article{ho2020denoising,
  title={Denoising diffusion probabilistic models},
  author={Ho, Jonathan and Jain, Ajay and Abbeel, Pieter},
  journal={Advances in neural information processing systems},
  volume={33},
  pages={6840--6851},
  year={2020}
}

@article{reynolds2009gaussian,
  title={Gaussian mixture models.},
  author={Reynolds, Douglas A and others},
  journal={Encyclopedia of biometrics},
  volume={741},
  number={659-663},
  year={2009},
  publisher={Berlin, Springer}
}

@article{lloyd1982least,
  title={Least squares quantization in PCM},
  author={Lloyd, Stuart},
  journal={IEEE transactions on information theory},
  volume={28},
  number={2},
  pages={129--137},
  year={1982},
  publisher={IEEE}
}

@article{johnson2016composing,
  title={Composing graphical models with neural networks for structured representations and fast inference},
  author={Johnson, Matthew J and Duvenaud, David K and Wiltschko, Alex and Adams, Ryan P and Datta, Sandeep R},
  journal={Advances in neural information processing systems},
  volume={29},
  year={2016}
}

@article{dilokthanakul2016deep,
  title={Deep unsupervised clustering with gaussian mixture variational autoencoders},
  author={Dilokthanakul, Nat and Mediano, Pedro AM and Garnelo, Marta and Lee, Matthew CH and Salimbeni, Hugh and Arulkumaran, Kai and Shanahan, Murray},
  journal={arXiv preprint arXiv:1611.02648},
  year={2016}
}

@inproceedings{heo2025rotary,
  title={Rotary position embedding for vision transformer},
  author={Heo, Byeongho and Park, Song and Han, Dongyoon and Yun, Sangdoo},
  booktitle={European Conference on Computer Vision},
  pages={289--305},
  year={2025},
  organization={Springer}
}

@article{su2024roformer,
  title={Roformer: Enhanced transformer with rotary position embedding},
  author={Su, Jianlin and Ahmed, Murtadha and Lu, Yu and Pan, Shengfeng and Bo, Wen and Liu, Yunfeng},
  journal={Neurocomputing},
  volume={568},
  pages={127063},
  year={2024},
  publisher={Elsevier}
}

@article{bao2021beit,
  title={Beit: Bert pre-training of image transformers},
  author={Bao, Hangbo and Dong, Li and Piao, Songhao and Wei, Furu},
  journal={arXiv preprint arXiv:2106.08254},
  year={2021}
}

@inproceedings{he2022masked,
  title={Masked autoencoders are scalable vision learners},
  author={He, Kaiming and Chen, Xinlei and Xie, Saining and Li, Yanghao and Doll{\'a}r, Piotr and Girshick, Ross},
  booktitle={Proceedings of the IEEE/CVF conference on computer vision and pattern recognition},
  pages={16000--16009},
  year={2022}
}

@inproceedings{huh2023straightening,
  title={Straightening out the straight-through estimator: Overcoming optimization challenges in vector quantized networks},
  author={Huh, Minyoung and Cheung, Brian and Agrawal, Pulkit and Isola, Phillip},
  booktitle={International Conference on Machine Learning},
  pages={14096--14113},
  year={2023},
  organization={PMLR}
}

@article{fifty2024restructuring,
  title={Restructuring Vector Quantization with the Rotation Trick},
  author={Fifty, Christopher and Junkins, Ronald G and Duan, Dennis and Iger, Aniketh and Liu, Jerry W and Amid, Ehsan and Thrun, Sebastian and R{\'e}, Christopher},
  journal={arXiv preprint arXiv:2410.06424},
  year={2024}
}

@inproceedings{zhang2024codebook,
  title={Codebook Transfer with Part-of-Speech for Vector-Quantized Image Modeling},
  author={Zhang, Baoquan and Wang, Huaibin and Luo, Chuyao and Li, Xutao and Liang, Guotao and Ye, Yunming and Qi, Xiaochen and He, Yao},
  booktitle={Proceedings of the IEEE/CVF Conference on Computer Vision and Pattern Recognition},
  pages={7757--7766},
  year={2024}
}

@article{yu2021vector,
  title={Vector-quantized image modeling with improved vqgan},
  author={Yu, Jiahui and Li, Xin and Koh, Jing Yu and Zhang, Han and Pang, Ruoming and Qin, James and Ku, Alexander and Xu, Yuanzhong and Baldridge, Jason and Wu, Yonghui},
  journal={arXiv preprint arXiv:2110.04627},
  year={2021}
}

@article{zhu2024addressing,
  title={Addressing Representation Collapse in Vector Quantized Models with One Linear Layer},
  author={Zhu, Yongxin and Li, Bocheng and Xin, Yifei and Xu, Linli},
  journal={arXiv preprint arXiv:2411.02038},
  year={2024}
}

@article{chen2024image,
  title={An image is worth 1/2 tokens after layer 2: Plug-and-play inference acceleration for large vision-language models},
  author={Chen, Liang and Zhao, Haozhe and Liu, Tianyu and Bai, Shuai and Lin, Junyang and Zhou, Chang and Chang, Baobao},
  journal={arXiv preprint arXiv:2403.06764},
  year={2024}
}

@inproceedings{li2023blip,
  title={Blip-2: Bootstrapping language-image pre-training with frozen image encoders and large language models},
  author={Li, Junnan and Li, Dongxu and Savarese, Silvio and Hoi, Steven},
  booktitle={International conference on machine learning},
  pages={19730--19742},
  year={2023},
  organization={PMLR}
}

@article{li2024tokenpacker,
  title={Tokenpacker: Efficient visual projector for multimodal llm},
  author={Li, Wentong and Yuan, Yuqian and Liu, Jian and Tang, Dongqi and Wang, Song and Zhu, Jianke and Zhang, Lei},
  journal={arXiv preprint arXiv:2407.02392},
  year={2024}
}

@article{song2024less,
  title={Less is More: A Simple yet Effective Token Reduction Method for Efficient Multi-modal LLMs},
  author={Song, Dingjie and Wang, Wenjun and Chen, Shunian and Wang, Xidong and Guan, Michael and Wang, Benyou},
  journal={arXiv preprint arXiv:2409.10994},
  year={2024}
}

@article{zhu2020deformable,
  title={Deformable detr: Deformable transformers for end-to-end object detection},
  author={Zhu, Xizhou and Su, Weijie and Lu, Lewei and Li, Bin and Wang, Xiaogang and Dai, Jifeng},
  journal={arXiv preprint arXiv:2010.04159},
  year={2020}
}

@article{li2024mini,
  title={Mini-gemini: Mining the potential of multi-modality vision language models},
  author={Li, Yanwei and Zhang, Yuechen and Wang, Chengyao and Zhong, Zhisheng and Chen, Yixin and Chu, Ruihang and Liu, Shaoteng and Jia, Jiaya},
  journal={arXiv preprint arXiv:2403.18814},
  year={2024}
}

@article{lin2023sphinx,
  title={Sphinx: The joint mixing of weights, tasks, and visual embeddings for multi-modal large language models},
  author={Lin, Ziyi and Liu, Chris and Zhang, Renrui and Gao, Peng and Qiu, Longtian and Xiao, Han and Qiu, Han and Lin, Chen and Shao, Wenqi and Chen, Keqin and others},
  journal={arXiv preprint arXiv:2311.07575},
  year={2023}
}

@article{luo2024feast,
  title={Feast Your Eyes: Mixture-of-Resolution Adaptation for Multimodal Large Language Models},
  author={Luo, Gen and Zhou, Yiyi and Zhang, Yuxin and Zheng, Xiawu and Sun, Xiaoshuai and Ji, Rongrong},
  journal={arXiv preprint arXiv:2403.03003},
  year={2024}
}

@article{chen2024deep,
  title={Deep Compression Autoencoder for Efficient High-Resolution Diffusion Models},
  author={Chen, Junyu and Cai, Han and Chen, Junsong and Xie, Enze and Yang, Shang and Tang, Haotian and Li, Muyang and Lu, Yao and Han, Song},
  journal={arXiv preprint arXiv:2410.10733},
  year={2024}
}

@article{li2024imagefolder,
  title={ImageFolder: Autoregressive Image Generation with Folded Tokens},
  author={Li, Xiang and Chen, Hao and Qiu, Kai and Kuen, Jason and Gu, Jiuxiang and Raj, Bhiksha and Lin, Zhe},
  journal={arXiv preprint arXiv:2410.01756},
  year={2024}
}

@article{yu2024representation,
  title={Representation Alignment for Generation: Training Diffusion Transformers Is Easier Than You Think},
  author={Yu, Sihyun and Kwak, Sangkyung and Jang, Huiwon and Jeong, Jongheon and Huang, Jonathan and Shin, Jinwoo and Xie, Saining},
  journal={arXiv preprint arXiv:2410.06940},
  year={2024}
}

@article{ge2023making,
  title={Making llama see and draw with seed tokenizer},
  author={Ge, Yuying and Zhao, Sijie and Zeng, Ziyun and Ge, Yixiao and Li, Chen and Wang, Xintao and Shan, Ying},
  journal={arXiv preprint arXiv:2310.01218},
  year={2023}
}

@inproceedings{popov2021grad,
  title={Grad-tts: A diffusion probabilistic model for text-to-speech},
  author={Popov, Vadim and Vovk, Ivan and Gogoryan, Vladimir and Sadekova, Tasnima and Kudinov, Mikhail},
  booktitle={International Conference on Machine Learning},
  pages={8599--8608},
  year={2021},
  organization={PMLR}
}
@article{wang2024emu3,
  title={Emu3: Next-token prediction is all you need},
  author={Wang, Xinlong and Zhang, Xiaosong and Luo, Zhengxiong and Sun, Quan and Cui, Yufeng and Wang, Jinsheng and Zhang, Fan and Wang, Yueze and Li, Zhen and Yu, Qiying and others},
  journal={arXiv preprint arXiv:2409.18869},
  year={2024}
}

@article{wu2024vila,
  title={Vila-u: a unified foundation model integrating visual understanding and generation},
  author={Wu, Yecheng and Zhang, Zhuoyang and Chen, Junyu and Tang, Haotian and Li, Dacheng and Fang, Yunhao and Zhu, Ligeng and Xie, Enze and Yin, Hongxu and Yi, Li and others},
  journal={arXiv preprint arXiv:2409.04429},
  year={2024}
}

@article{evans2024fast,
  title={Fast timing-conditioned latent audio diffusion},
  author={Evans, Zach and Carr, CJ and Taylor, Josiah and Hawley, Scott H and Pons, Jordi},
  journal={arXiv preprint arXiv:2402.04825},
  year={2024}
}

@article{ho2022video,
  title={Video diffusion models},
  author={Ho, Jonathan and Salimans, Tim and Gritsenko, Alexey and Chan, William and Norouzi, Mohammad and Fleet, David J},
  journal={Advances in Neural Information Processing Systems},
  volume={35},
  pages={8633--8646},
  year={2022}
}

@article{bar2024lumiere,
  title={Lumiere: A space-time diffusion model for video generation},
  author={Bar-Tal, Omer and Chefer, Hila and Tov, Omer and Herrmann, Charles and Paiss, Roni and Zada, Shiran and Ephrat, Ariel and Hur, Junhwa and Liu, Guanghui and Raj, Amit and others},
  journal={arXiv preprint arXiv:2401.12945},
  year={2024}
}

@article{blattmann2023stable,
  title={Stable video diffusion: Scaling latent video diffusion models to large datasets},
  author={Blattmann, Andreas and Dockhorn, Tim and Kulal, Sumith and Mendelevitch, Daniel and Kilian, Maciej and Lorenz, Dominik and Levi, Yam and English, Zion and Voleti, Vikram and Letts, Adam and others},
  journal={arXiv preprint arXiv:2311.15127},
  year={2023}
}

@article{zheng2023reparameterized,
  title={A reparameterized discrete diffusion model for text generation},
  author={Zheng, Lin and Yuan, Jianbo and Yu, Lei and Kong, Lingpeng},
  journal={arXiv preprint arXiv:2302.05737},
  year={2023}
}

@article{gong2022diffuseq,
  title={Diffuseq: Sequence to sequence text generation with diffusion models},
  author={Gong, Shansan and Li, Mukai and Feng, Jiangtao and Wu, Zhiyong and Kong, LingPeng},
  journal={arXiv preprint arXiv:2210.08933},
  year={2022}
}


@article{lu2024simplifying,
  title={Simplifying, Stabilizing and Scaling Continuous-Time Consistency Models},
  author={Lu, Cheng and Song, Yang},
  journal={arXiv preprint arXiv:2410.11081},
  year={2024}
}

@article{fan2024fluid,
  title={Fluid: Scaling autoregressive text-to-image generative models with continuous tokens},
  author={Fan, Lijie and Li, Tianhong and Qin, Siyang and Li, Yuanzhen and Sun, Chen and Rubinstein, Michael and Sun, Deqing and He, Kaiming and Tian, Yonglong},
  journal={arXiv preprint arXiv:2410.13863},
  year={2024}
}

@article{ma2024sit,
  title={Sit: Exploring flow and diffusion-based generative models with scalable interpolant transformers},
  author={Ma, Nanye and Goldstein, Mark and Albergo, Michael S and Boffi, Nicholas M and Vanden-Eijnden, Eric and Xie, Saining},
  journal={arXiv preprint arXiv:2401.08740},
  year={2024}
}

@article{bengio2013estimating,
  title={Estimating or propagating gradients through stochastic neurons for conditional computation},
  author={Bengio, Yoshua and L{\'e}onard, Nicholas and Courville, Aaron},
  journal={arXiv preprint arXiv:1308.3432},
  year={2013}
}

@article{qu2024tokenflow,
  title={TokenFlow: Unified Image Tokenizer for Multimodal Understanding and Generation},
  author={Qu, Liao and Zhang, Huichao and Liu, Yiheng and Wang, Xu and Jiang, Yi and Gao, Yiming and Ye, Hu and Du, Daniel K and Yuan, Zehuan and Wu, Xinglong},
  journal={arXiv preprint arXiv:2412.03069},
  year={2024}
}

@article{yao2025reconstruction,
  title={Reconstruction vs. Generation: Taming Optimization Dilemma in Latent Diffusion Models},
  author={Yao, Jingfeng and Wang, Xinggang},
  journal={arXiv preprint arXiv:2501.01423},
  year={2025}
}

@inproceedings{tschannen2025givt,
  title={Givt: Generative infinite-vocabulary transformers},
  author={Tschannen, Michael and Eastwood, Cian and Mentzer, Fabian},
  booktitle={European Conference on Computer Vision},
  pages={292--309},
  year={2025},
  organization={Springer}
}

@article{chen2016variational,
  title={Variational lossy autoencoder},
  author={Chen, Xi and Kingma, Diederik P and Salimans, Tim and Duan, Yan and Dhariwal, Prafulla and Schulman, John and Sutskever, Ilya and Abbeel, Pieter},
  journal={arXiv preprint arXiv:1611.02731},
  year={2016}
}

@article{kingma2013auto,
  title={Auto-encoding variational bayes},
  author={Kingma, Diederik P},
  journal={arXiv preprint arXiv:1312.6114},
  year={2013}
}

@incollection{Bengio+chapter2007,
author = {Bengio, Yoshua and LeCun, Yann},
booktitle = {Large Scale Kernel Machines},
publisher = {MIT Press},
title = {Scaling Learning Algorithms Towards {AI}},
year = {2007}
}

@article{Hinton06,
author = {Hinton, Geoffrey E. and Osindero, Simon and Teh, Yee Whye},
journal = {Neural Computation},
pages = {1527--1554},
title = {A Fast Learning Algorithm for Deep Belief Nets},
volume = {18},
year = {2006}
}

@book{goodfellow2016deep,
title={Deep learning},
author={Goodfellow, Ian and Bengio, Yoshua and Courville, Aaron and Bengio, Yoshua},
volume={1},
year={2016},
publisher={MIT Press}
}

@article{hinton2006reducing,
  title={Reducing the dimensionality of data with neural networks},
  author={Hinton, Geoffrey E and Salakhutdinov, Ruslan R},
  journal={science},
  volume={313},
  number={5786},
  pages={504--507},
  year={2006},
  publisher={American Association for the Advancement of Science}
}

@inproceedings{esser2021taming,
  title={Taming transformers for high-resolution image synthesis},
  author={Esser, Patrick and Rombach, Robin and Ommer, Bjorn},
  booktitle={Proceedings of the IEEE/CVF conference on computer vision and pattern recognition},
  pages={12873--12883},
  year={2021}
}

@inproceedings{lee2022autoregressive,
  title={Autoregressive image generation using residual quantization},
  author={Lee, Doyup and Kim, Chiheon and Kim, Saehoon and Cho, Minsu and Han, Wook-Shin},
  booktitle={Proceedings of the IEEE/CVF Conference on Computer Vision and Pattern Recognition},
  pages={11523--11532},
  year={2022}
}

@misc{oquab2023dinov2,
  title={DINOv2: Learning Robust Visual Features without Supervision},
  author={Oquab, Maxime and Darcet, Timothée and Moutakanni, Theo and Vo, Huy V. and Szafraniec, Marc and Khalidov, Vasil and Fernandez, Pierre and Haziza, Daniel and Massa, Francisco and El-Nouby, Alaaeldin and Howes, Russell and Huang, Po-Yao and Xu, Hu and Sharma, Vasu and Li, Shang-Wen and Galuba, Wojciech and Rabbat, Mike and Assran, Mido and Ballas, Nicolas and Synnaeve, Gabriel and Misra, Ishan and Jegou, Herve and Mairal, Julien and Labatut, Patrick and Joulin, Armand and Bojanowski, Piotr},
  journal={arXiv:2304.07193},
  year={2023}
}

@inproceedings{superclass_huang,
  title={Classification Done Right for Vision-Language Pre-Training}, 
  author={Huang, Zilong and Ye, Qinghao and Kang, Bingyi and Feng, Jiashi and Fan, Haoqi},
  booktitle={NeurIPS},
  year={2024}
}

@inproceedings{zhai2023sigmoid,
  title={Sigmoid loss for language image pre-training},
  author={Zhai, Xiaohua and Mustafa, Basil and Kolesnikov, Alexander and Beyer, Lucas},
  booktitle={Proceedings of the IEEE/CVF International Conference on Computer Vision},
  pages={11975--11986},
  year={2023}
}

@article{yu2024an,
  author    = {Qihang Yu and Mark Weber and Xueqing Deng and Xiaohui Shen and Daniel Cremers and Liang-Chieh Chen},
  title     = {An Image is Worth 32 Tokens for Reconstruction and Generation},
  journal   = {arxiv: 2406.07550},
  year      = {2024}
}


@inproceedings{radford2021learning,
  title={Learning transferable visual models from natural language supervision},
  author={Radford, Alec and Kim, Jong Wook and Hallacy, Chris and Ramesh, Aditya and Goh, Gabriel and Agarwal, Sandhini and Sastry, Girish and Askell, Amanda and Mishkin, Pamela and Clark, Jack and others},
  booktitle={International conference on machine learning},
  pages={8748--8763},
  year={2021},
  organization={PMLR}
}

@inproceedings{vincent2008extracting,
  title={Extracting and composing robust features with denoising autoencoders},
  author={Vincent, Pascal and Larochelle, Hugo and Bengio, Yoshua and Manzagol, Pierre-Antoine},
  booktitle={Proceedings of the 25th international conference on Machine learning},
  pages={1096--1103},
  year={2008}
}

@article{van2017neural,
  title={Neural discrete representation learning},
  author={Van Den Oord, Aaron and Vinyals, Oriol and others},
  journal={Advances in neural information processing systems},
  volume={30},
  year={2017}
}

@article{razavi2019generating,
  title={Generating diverse high-fidelity images with vq-vae-2},
  author={Razavi, Ali and Van den Oord, Aaron and Vinyals, Oriol},
  journal={Advances in neural information processing systems},
  volume={32},
  year={2019}
}

@inproceedings{yang2024depth,
  title={Depth anything: Unleashing the power of large-scale unlabeled data},
  author={Yang, Lihe and Kang, Bingyi and Huang, Zilong and Xu, Xiaogang and Feng, Jiashi and Zhao, Hengshuang},
  booktitle={Proceedings of the IEEE/CVF Conference on Computer Vision and Pattern Recognition},
  pages={10371--10381},
  year={2024}
}
@misc{darcet2023vitneedreg,
  title={Vision Transformers Need Registers},
  author={Darcet, Timothée and Oquab, Maxime and Mairal, Julien and Bojanowski, Piotr},
  journal={arXiv:2309.16588},
  year={2023}
}
@misc{mentzer2023finite,
    title   = {Finite Scalar Quantization: VQ-VAE Made Simple},
    author  = {Fabian Mentzer and David Minnen and Eirikur Agustsson and Michael Tschannen},
    year    = {2023},
    eprint  = {2309.15505},
    archivePrefix = {arXiv},
    primaryClass = {cs.CV}
}
@misc{vaswani2023attentionneed,
      title={Attention Is All You Need}, 
      author={Ashish Vaswani and Noam Shazeer and Niki Parmar and Jakob Uszkoreit and Llion Jones and Aidan N. Gomez and Lukasz Kaiser and Illia Polosukhin},
      year={2023},
      eprint={1706.03762},
      archivePrefix={arXiv},
      primaryClass={cs.CL},
      url={https://arxiv.org/abs/1706.03762}, 
}
@misc{dosovitskiy2021imageworth16x16words,
      title={An Image is Worth 16x16 Words: Transformers for Image Recognition at Scale}, 
      author={Alexey Dosovitskiy and Lucas Beyer and Alexander Kolesnikov and Dirk Weissenborn and Xiaohua Zhai and Thomas Unterthiner and Mostafa Dehghani and Matthias Minderer and Georg Heigold and Sylvain Gelly and Jakob Uszkoreit and Neil Houlsby},
      year={2021},
      eprint={2010.11929},
      archivePrefix={arXiv},
      primaryClass={cs.CV},
      url={https://arxiv.org/abs/2010.11929}, 
}
@misc{gu2023rethinkingobjectivesvectorquantizedtokenizers,
      title={Rethinking the Objectives of Vector-Quantized Tokenizers for Image Synthesis}, 
      author={Yuchao Gu and Xintao Wang and Yixiao Ge and Ying Shan and Xiaohu Qie and Mike Zheng Shou},
      year={2023},
      eprint={2212.03185},
      archivePrefix={arXiv},
      primaryClass={cs.CV},
      url={https://arxiv.org/abs/2212.03185}, 
}
@article{zhu2024scaling,
  title={Scaling the Codebook Size of VQGAN to 100,000 with a Utilization Rate of 99\%},
  author={Zhu, Lei and Wei, Fangyun and Lu, Yanye and Chen, Dong},
  journal={arXiv preprint arXiv:2406.11837},
  year={2024}
}
@article{takida2023hq,
  title={HQ-VAE: Hierarchical Discrete Representation Learning with Variational Bayes},
  author={Takida, Yuhta and Ikemiya, Yukara and Shibuya, Takashi and Shimada, Kazuki and Choi, Woosung and Lai, Chieh-Hsin and Murata, Naoki and Uesaka, Toshimitsu and Uchida, Kengo and Liao, Wei-Hsiang and others},
  journal={arXiv preprint arXiv:2401.00365},
  year={2023}
}
@inproceedings{huang2023towards,
  title={Towards accurate image coding: Improved autoregressive image generation with dynamic vector quantization},
  author={Huang, Mengqi and Mao, Zhendong and Chen, Zhuowei and Zhang, Yongdong},
  booktitle={Proceedings of the IEEE/CVF Conference on Computer Vision and Pattern Recognition},
  pages={22596--22605},
  year={2023}
}
@misc{razavi2019generatingdiversehighfidelityimages,
      title={Generating Diverse High-Fidelity Images with VQ-VAE-2}, 
      author={Ali Razavi and Aaron van den Oord and Oriol Vinyals},
      year={2019},
      eprint={1906.00446},
      archivePrefix={arXiv},
      primaryClass={cs.LG},
      url={https://arxiv.org/abs/1906.00446}, 
}
@misc{zheng2022movqmodulatingquantizedvectors,
      title={MoVQ: Modulating Quantized Vectors for High-Fidelity Image Generation}, 
      author={Chuanxia Zheng and Long Tung Vuong and Jianfei Cai and Dinh Phung},
      year={2022},
      eprint={2209.09002},
      archivePrefix={arXiv},
      primaryClass={cs.CV},
      url={https://arxiv.org/abs/2209.09002}, 
}
@inproceedings{dong2023peco,
  title={Peco: Perceptual codebook for bert pre-training of vision transformers},
  author={Dong, Xiaoyi and Bao, Jianmin and Zhang, Ting and Chen, Dongdong and Zhang, Weiming and Yuan, Lu and Chen, Dong and Wen, Fang and Yu, Nenghai and Guo, Baining},
  booktitle={Proceedings of the AAAI Conference on Artificial Intelligence},
  volume={37},
  number={1},
  pages={552--560},
  year={2023}
}
@article{ning2301all,
  title={All in Tokens: Unifying Output Space of Visual Tasks via Soft Token. arXiv 2023},
  author={Ning, J and Li, C and Zhang, Z and Geng, Z and Dai, Q and He, K and Hu, H},
  journal={arXiv preprint arXiv:2301.02229}
}
@article{van2016conditional,
  title={Conditional image generation with pixelcnn decoders},
  author={Van den Oord, Aaron and Kalchbrenner, Nal and Espeholt, Lasse and Vinyals, Oriol and Graves, Alex and others},
  journal={Advances in neural information processing systems},
  volume={29},
  year={2016}
}

@inproceedings{oord2016conditional,
  title={Conditional image generation with PixelCNN decoders},
  author={Oord, Aaron van den and Kalchbrenner, Nal and Vinyals, Oriol and Espeholt, Lasse and Graves, Alex and Kavukcuoglu, Koray},
  booktitle={Advances in neural information processing systems},
  pages={4790--4798},
  year={2016}
}

@misc{shi2022divaephotorealisticimagessynthesis,
      title={DiVAE: Photorealistic Images Synthesis with Denoising Diffusion Decoder}, 
      author={Jie Shi and Chenfei Wu and Jian Liang and Xiang Liu and Nan Duan},
      year={2022},
      eprint={2206.00386},
      archivePrefix={arXiv},
      primaryClass={cs.CV},
      url={https://arxiv.org/abs/2206.00386}, 
}
@misc{tian2024visualautoregressivemodelingscalable,
      title={Visual Autoregressive Modeling: Scalable Image Generation via Next-Scale Prediction}, 
      author={Keyu Tian and Yi Jiang and Zehuan Yuan and Bingyue Peng and Liwei Wang},
      year={2024},
      eprint={2404.02905},
      archivePrefix={arXiv},
      primaryClass={cs.CV},
      url={https://arxiv.org/abs/2404.02905}, 
}
@misc{li2024autoregressiveimagegenerationvector,
      title={Autoregressive Image Generation without Vector Quantization}, 
      author={Tianhong Li and Yonglong Tian and He Li and Mingyang Deng and Kaiming He},
      year={2024},
      eprint={2406.11838},
      archivePrefix={arXiv},
      primaryClass={cs.CV},
      url={https://arxiv.org/abs/2406.11838}, 
}
@misc{chang2022maskgitmaskedgenerativeimage,
      title={MaskGIT: Masked Generative Image Transformer}, 
      author={Huiwen Chang and Han Zhang and Lu Jiang and Ce Liu and William T. Freeman},
      year={2022},
      eprint={2202.04200},
      archivePrefix={arXiv},
      primaryClass={cs.CV},
      url={https://arxiv.org/abs/2202.04200}, 
}
@misc{bao2022beitbertpretrainingimage,
      title={BEiT: BERT Pre-Training of Image Transformers}, 
      author={Hangbo Bao and Li Dong and Songhao Piao and Furu Wei},
      year={2022},
      eprint={2106.08254},
      archivePrefix={arXiv},
      primaryClass={cs.CV},
      url={https://arxiv.org/abs/2106.08254}, 
}
@misc{peng2022beitv2maskedimage,
      title={BEiT v2: Masked Image Modeling with Vector-Quantized Visual Tokenizers}, 
      author={Zhiliang Peng and Li Dong and Hangbo Bao and Qixiang Ye and Furu Wei},
      year={2022},
      eprint={2208.06366},
      archivePrefix={arXiv},
      primaryClass={cs.CV},
      url={https://arxiv.org/abs/2208.06366}, 
}
@misc{li2023magemaskedgenerativeencoder,
      title={MAGE: MAsked Generative Encoder to Unify Representation Learning and Image Synthesis}, 
      author={Tianhong Li and Huiwen Chang and Shlok Kumar Mishra and Han Zhang and Dina Katabi and Dilip Krishnan},
      year={2023},
      eprint={2211.09117},
      archivePrefix={arXiv},
      primaryClass={cs.CV},
      url={https://arxiv.org/abs/2211.09117}, 
}
@article{sun2024autoregressive,
  title={Autoregressive Model Beats Diffusion: Llama for Scalable Image Generation},
  author={Sun, Peize and Jiang, Yi and Chen, Shoufa and Zhang, Shilong and Peng, Bingyue and Luo, Ping and Yuan, Zehuan},
  journal={arXiv preprint arXiv:2406.06525},
  year={2024}
}
@misc{touvron2023llamaopenefficientfoundation,
      title={LLaMA: Open and Efficient Foundation Language Models}, 
      author={Hugo Touvron and Thibaut Lavril and Gautier Izacard and Xavier Martinet and Marie-Anne Lachaux and Timothée Lacroix and Baptiste Rozière and Naman Goyal and Eric Hambro and Faisal Azhar and Aurelien Rodriguez and Armand Joulin and Edouard Grave and Guillaume Lample},
      year={2023},
      eprint={2302.13971},
      archivePrefix={arXiv},
      primaryClass={cs.CL},
      url={https://arxiv.org/abs/2302.13971}, 
}
@article{li2024controlvar,
  title={ControlVAR: Exploring Controllable Visual Autoregressive Modeling},
  author={Li, Xiang and Qiu, Kai and Chen, Hao and Kuen, Jason and Lin, Zhe and Singh, Rita and Raj, Bhiksha},
  journal={arXiv preprint arXiv:2406.09750},
  year={2024}
}
@article{xie2024show,
  title={Show-o: One single transformer to unify multimodal understanding and generation},
  author={Xie, Jinheng and Mao, Weijia and Bai, Zechen and Zhang, David Junhao and Wang, Weihao and Lin, Kevin Qinghong and Gu, Yuchao and Chen, Zhijie and Yang, Zhenheng and Shou, Mike Zheng},
  journal={arXiv preprint arXiv:2408.12528},
  year={2024}
}
@article{liu2024lumina,
  title={Lumina-mGPT: Illuminate Flexible Photorealistic Text-to-Image Generation with Multimodal Generative Pretraining},
  author={Liu, Dongyang and Zhao, Shitian and Zhuo, Le and Lin, Weifeng and Qiao, Yu and Li, Hongsheng and Gao, Peng},
  journal={arXiv preprint arXiv:2408.02657},
  year={2024}
}
@article{mizrahi20244m,
  title={4m: Massively multimodal masked modeling},
  author={Mizrahi, David and Bachmann, Roman and Kar, Oguzhan and Yeo, Teresa and Gao, Mingfei and Dehghan, Afshin and Zamir, Amir},
  journal={Advances in Neural Information Processing Systems},
  volume={36},
  year={2024}
}
@article{li2024scalable,
  title={Scalable Autoregressive Image Generation with Mamba},
  author={Li, Haopeng and Yang, Jinyue and Wang, Kexin and Qiu, Xuerui and Chou, Yuhong and Li, Xin and Li, Guoqi},
  journal={arXiv preprint arXiv:2408.12245},
  year={2024}
}
@article{zhou2024transfusion,
  title={Transfusion: Predict the Next Token and Diffuse Images with One Multi-Modal Model},
  author={Zhou, Chunting and Yu, Lili and Babu, Arun and Tirumala, Kushal and Yasunaga, Michihiro and Shamis, Leonid and Kahn, Jacob and Ma, Xuezhe and Zettlemoyer, Luke and Levy, Omer},
  journal={arXiv preprint arXiv:2408.11039},
  year={2024}
}
@article{he2024mars,
  title={MARS: Mixture of Auto-Regressive Models for Fine-grained Text-to-image Synthesis},
  author={He, Wanggui and Fu, Siming and Liu, Mushui and Wang, Xierui and Xiao, Wenyi and Shu, Fangxun and Wang, Yi and Zhang, Lei and Yu, Zhelun and Li, Haoyuan and others},
  journal={arXiv preprint arXiv:2407.07614},
  year={2024}
}
@article{brock2018large,
  title={Large Scale GAN Training for High Fidelity Natural Image Synthesis},
  author={Brock, Andrew},
  journal={arXiv preprint arXiv:1809.11096},
  year={2018}
}
@misc{rombach2022highresolutionimagesynthesislatent,
      title={High-Resolution Image Synthesis with Latent Diffusion Models}, 
      author={Robin Rombach and Andreas Blattmann and Dominik Lorenz and Patrick Esser and Björn Ommer},
      year={2022},
      eprint={2112.10752},
      archivePrefix={arXiv},
      primaryClass={cs.CV},
      url={https://arxiv.org/abs/2112.10752}, 
}
@misc{peebles2023scalablediffusionmodelstransformers,
      title={Scalable Diffusion Models with Transformers}, 
      author={William Peebles and Saining Xie},
      year={2023},
      eprint={2212.09748},
      archivePrefix={arXiv},
      primaryClass={cs.CV},
      url={https://arxiv.org/abs/2212.09748}, 
}
@misc{lee2022autoregressiveimagegenerationusing,
      title={Autoregressive Image Generation using Residual Quantization}, 
      author={Doyup Lee and Chiheon Kim and Saehoon Kim and Minsu Cho and Wook-Shin Han},
      year={2022},
      eprint={2203.01941},
      archivePrefix={arXiv},
      primaryClass={cs.CV},
      url={https://arxiv.org/abs/2203.01941}, 
}
@misc{li2024returnunconditionalgenerationselfsupervised,
      title={Return of Unconditional Generation: A Self-supervised Representation Generation Method}, 
      author={Tianhong Li and Dina Katabi and Kaiming He},
      year={2024},
      eprint={2312.03701},
      archivePrefix={arXiv},
      primaryClass={cs.CV},
      url={https://arxiv.org/abs/2312.03701}, 
}

@misc{ge2023plantingseedvisionlarge,
      title={Planting a SEED of Vision in Large Language Model}, 
      author={Yuying Ge and Yixiao Ge and Ziyun Zeng and Xintao Wang and Ying Shan},
      year={2023},
      eprint={2307.08041},
      archivePrefix={arXiv},
      primaryClass={cs.CV},
      url={https://arxiv.org/abs/2307.08041}, 
}
@misc{yu2024imageworth32tokens,
      title={An Image is Worth 32 Tokens for Reconstruction and Generation}, 
      author={Qihang Yu and Mark Weber and Xueqing Deng and Xiaohui Shen and Daniel Cremers and Liang-Chieh Chen},
      year={2024},
      eprint={2406.07550},
      archivePrefix={arXiv},
      primaryClass={cs.CV},
      url={https://arxiv.org/abs/2406.07550}, 
}
@misc{zhang2018unreasonableeffectivenessdeepfeatures,
      title={The Unreasonable Effectiveness of Deep Features as a Perceptual Metric}, 
      author={Richard Zhang and Phillip Isola and Alexei A. Efros and Eli Shechtman and Oliver Wang},
      year={2018},
      eprint={1801.03924},
      archivePrefix={arXiv},
      primaryClass={cs.CV},
      url={https://arxiv.org/abs/1801.03924}, 
}
@misc{isola2018imagetoimagetranslationconditionaladversarial,
      title={Image-to-Image Translation with Conditional Adversarial Networks}, 
      author={Phillip Isola and Jun-Yan Zhu and Tinghui Zhou and Alexei A. Efros},
      year={2018},
      eprint={1611.07004},
      archivePrefix={arXiv},
      primaryClass={cs.CV},
      url={https://arxiv.org/abs/1611.07004}, 
}

@misc{tseng2021regularizinggenerativeadversarialnetworks,
      title={Regularizing Generative Adversarial Networks under Limited Data}, 
      author={Hung-Yu Tseng and Lu Jiang and Ce Liu and Ming-Hsuan Yang and Weilong Yang},
      year={2021},
      eprint={2104.03310},
      archivePrefix={arXiv},
      primaryClass={cs.LG},
      url={https://arxiv.org/abs/2104.03310}, 
}
@article{gray1984vector,
  title={Vector quantization},
  author={Gray, Robert},
  journal={IEEE Assp Magazine},
  volume={1},
  number={2},
  pages={4--29},
  year={1984},
  publisher={IEEE}
}
@inproceedings{yu2024language,
  title={Language Model Beats Diffusion - Tokenizer is key to visual generation},
  author={Lijun Yu and Jose Lezama and Nitesh Bharadwaj Gundavarapu and Luca Versari and Kihyuk Sohn and David Minnen and Yong Cheng and Agrim Gupta and Xiuye Gu and Alexander G Hauptmann and Boqing Gong and Ming-Hsuan Yang and Irfan Essa and David A Ross and Lu Jiang},
  booktitle={The Twelfth International Conference on Learning Representations},
  year={2024},
  url={https://openreview.net/forum?id=gzqrANCF4g}
}
@article{jin2024llm,
  title={Llm maybe longlm: Self-extend llm context window without tuning},
  author={Jin, Hongye and Han, Xiaotian and Yang, Jingfeng and Jiang, Zhimeng and Liu, Zirui and Chang, Chia-Yuan and Chen, Huiyuan and Hu, Xia},
  journal={arXiv preprint arXiv:2401.01325},
  year={2024}
}
@inproceedings{deng2009imagenet,
  title={Imagenet: A large-scale hierarchical image database},
  author={Deng, Jia and Dong, Wei and Socher, Richard and Li, Li-Jia and Li, Kai and Fei-Fei, Li},
  booktitle={2009 IEEE conference on computer vision and pattern recognition},
  pages={248--255},
  year={2009},
  organization={Ieee}
}
@article{kumar2024high,
  title={High-fidelity audio compression with improved rvqgan},
  author={Kumar, Rithesh and Seetharaman, Prem and Luebs, Alejandro and Kumar, Ishaan and Kumar, Kundan},
  journal={Advances in Neural Information Processing Systems},
  volume={36},
  year={2024}
}
@article{alexey2020image,
  title={An image is worth 16x16 words: Transformers for image recognition at scale},
  author={Alexey, Dosovitskiy},
  journal={arXiv preprint arXiv: 2010.11929},
  year={2020}
}
@article{kuznetsova2020open,
  title={The Open Images Dataset V5: Unified image classification, object detection, and visual relationship detection at scale},
  author={Kuznetsova, Alina and Rom, Hassan and Alldrin, Neil and Uijlings, Jasper and Krasin, Ivan and Pont-Tuset, Jordi and Kamali, Shahab and Popov, Stefan and Malloci, Matteo and Duerig, Tom and others},
  journal={International Journal of Computer Vision},
  volume={128},
  pages={1956--1981},
  year={2020},
  publisher={Springer}
}

@article{chang2023muse,
  title={Muse: Text-to-image generation via masked generative transformers},
  author={Chang, Huiwen and Zhang, Han and Barber, Jarred and Maschinot, AJ and Lezama, Jose and Jiang, Lu and Yang, Ming-Hsuan and Murphy, Kevin and Freeman, William T and Rubinstein, Michael and others},
  journal={arXiv preprint arXiv:2301.00704},
  year={2023}
}
@inproceedings{szegedy2016rethinking,
  title={Rethinking the inception architecture for computer vision},
  author={Szegedy, Christian and Vanhoucke, Vincent and Ioffe, Sergey and Shlens, Jon and Wojna, Zbigniew},
  booktitle={Proceedings of the IEEE conference on computer vision and pattern recognition},
  pages={2818--2826},
  year={2016}
}
@article{kynkaanniemi2019improved,
  title={Improved precision and recall metric for assessing generative models},
  author={Kynk{\"a}{\"a}nniemi, Tuomas and Karras, Tero and Laine, Samuli and Lehtinen, Jaakko and Aila, Timo},
  journal={Advances in neural information processing systems},
  volume={32},
  year={2019}
}
@article{luo2024open,
  title={Open-MAGVIT2: An Open-Source Project Toward Democratizing Auto-regressive Visual Generation},
  author={Luo, Zhuoyan and Shi, Fengyuan and Ge, Yixiao and Yang, Yujiu and Wang, Limin and Shan, Ying},
  journal={arXiv preprint arXiv:2409.04410},
  year={2024}
}
@article{yu2024spae,
  title={Spae: Semantic pyramid autoencoder for multimodal generation with frozen llms},
  author={Yu, Lijun and Cheng, Yong and Wang, Zhiruo and Kumar, Vivek and Macherey, Wolfgang and Huang, Yanping and Ross, David and Essa, Irfan and Bisk, Yonatan and Yang, Ming-Hsuan and others},
  journal={Advances in Neural Information Processing Systems},
  volume={36},
  year={2024}
}
@article{weber2024maskbit,
  title={MaskBit: Embedding-free Image Generation via Bit Tokens},
  author={Weber, Mark and Yu, Lijun and Yu, Qihang and Deng, Xueqing and Shen, Xiaohui and Cremers, Daniel and Chen, Liang-Chieh},
  journal={arXiv preprint arXiv:2409.16211},
  year={2024}
}
@inproceedings{yu2023magvit,
  title={Magvit: Masked generative video transformer},
  author={Yu, Lijun and Cheng, Yong and Sohn, Kihyuk and Lezama, Jos{\'e} and Zhang, Han and Chang, Huiwen and Hauptmann, Alexander G and Yang, Ming-Hsuan and Hao, Yuan and Essa, Irfan and others},
  booktitle={Proceedings of the IEEE/CVF Conference on Computer Vision and Pattern Recognition},
  pages={10459--10469},
  year={2023}
}
@inproceedings{ronneberger2015u,
  title={U-net: Convolutional networks for biomedical image segmentation},
  author={Ronneberger, Olaf and Fischer, Philipp and Brox, Thomas},
  booktitle={Medical image computing and computer-assisted intervention--MICCAI 2015: 18th international conference, Munich, Germany, October 5-9, 2015, proceedings, part III 18},
  pages={234--241},
  year={2015},
  organization={Springer}
}
@inproceedings{kaiser2018fast,
  title={Fast decoding in sequence models using discrete latent variables},
  author={Kaiser, Lukasz and Bengio, Samy and Roy, Aurko and Vaswani, Ashish and Parmar, Niki and Uszkoreit, Jakob and Shazeer, Noam},
  booktitle={International Conference on Machine Learning},
  pages={2390--2399},
  year={2018},
  organization={PMLR}
}
@article{baevski2020wav2vec,
  title={wav2vec 2.0: A framework for self-supervised learning of speech representations},
  author={Baevski, Alexei and Zhou, Yuhao and Mohamed, Abdelrahman and Auli, Michael},
  journal={Advances in neural information processing systems},
  volume={33},
  pages={12449--12460},
  year={2020}
}
@article{jegou2010product,
  title={Product quantization for nearest neighbor search},
  author={Jegou, Herve and Douze, Matthijs and Schmid, Cordelia},
  journal={IEEE transactions on pattern analysis and machine intelligence},
  volume={33},
  number={1},
  pages={117--128},
  year={2010},
  publisher={IEEE}
}
@article{ding2024longrope,
  title={Longrope: Extending llm context window beyond 2 million tokens},
  author={Ding, Yiran and Zhang, Li Lyna and Zhang, Chengruidong and Xu, Yuanyuan and Shang, Ning and Xu, Jiahang and Yang, Fan and Yang, Mao},
  journal={arXiv preprint arXiv:2402.13753},
  year={2024}
}
@misc{song2022denoisingdiffusionimplicitmodels,
      title={Denoising Diffusion Implicit Models}, 
      author={Jiaming Song and Chenlin Meng and Stefano Ermon},
      year={2022},
      eprint={2010.02502},
      archivePrefix={arXiv},
      primaryClass={cs.LG},
      url={https://arxiv.org/abs/2010.02502}, 
}
@misc{sohldickstein2015deepunsupervisedlearningusing,
      title={Deep Unsupervised Learning using Nonequilibrium Thermodynamics}, 
      author={Jascha Sohl-Dickstein and Eric A. Weiss and Niru Maheswaranathan and Surya Ganguli},
      year={2015},
      eprint={1503.03585},
      archivePrefix={arXiv},
      primaryClass={cs.LG},
      url={https://arxiv.org/abs/1503.03585}, 
}
@misc{nichol2021improveddenoisingdiffusionprobabilistic,
      title={Improved Denoising Diffusion Probabilistic Models}, 
      author={Alex Nichol and Prafulla Dhariwal},
      year={2021},
      eprint={2102.09672},
      archivePrefix={arXiv},
      primaryClass={cs.LG},
      url={https://arxiv.org/abs/2102.09672}, 
}
@misc{vahdat2021scorebasedgenerativemodelinglatent,
      title={Score-based Generative Modeling in Latent Space}, 
      author={Arash Vahdat and Karsten Kreis and Jan Kautz},
      year={2021},
      eprint={2106.05931},
      archivePrefix={arXiv},
      primaryClass={stat.ML},
      url={https://arxiv.org/abs/2106.05931}, 
}
@article{nichol2021glide,
  title={Glide: Towards photorealistic image generation and editing with text-guided diffusion models},
  author={Nichol, Alex and Dhariwal, Prafulla and Ramesh, Aditya and Shyam, Pranav and Mishkin, Pamela and McGrew, Bob and Sutskever, Ilya and Chen, Mark},
  journal={arXiv preprint arXiv:2112.10741},
  year={2021}
}
@article{ding2021cogview,
  title={Cogview: Mastering text-to-image generation via transformers},
  author={Ding, Ming and Yang, Zhuoyi and Hong, Wenyi and Zheng, Wendi and Zhou, Chang and Yin, Da and Lin, Junyang and Zou, Xu and Shao, Zhou and Yang, Hongxia and others},
  journal={Advances in neural information processing systems},
  volume={34},
  pages={19822--19835},
  year={2021}
}
@inproceedings{ramesh2021zero,
  title={Zero-shot text-to-image generation},
  author={Ramesh, Aditya and Pavlov, Mikhail and Goh, Gabriel and Gray, Scott and Voss, Chelsea and Radford, Alec and Chen, Mark and Sutskever, Ilya},
  booktitle={International conference on machine learning},
  pages={8821--8831},
  year={2021},
  organization={Pmlr}
}

@article{saharia2022photorealistic,
  title={Photorealistic text-to-image diffusion models with deep language understanding},
  author={Saharia, Chitwan and Chan, William and Saxena, Saurabh and Li, Lala and Whang, Jay and Denton, Emily L and Ghasemipour, Kamyar and Gontijo Lopes, Raphael and Karagol Ayan, Burcu and Salimans, Tim and others},
  journal={Advances in neural information processing systems},
  volume={35},
  pages={36479--36494},
  year={2022}
}
@misc{sora,
  author = {OpenAI},
  title = {Video Generation Models as World Simulators},
  year = {2024},
  howpublished = {OpenAI Blog},
  url = {https://openai.com/index/video-generation-models-as-world-simulators/}
}
@misc{midjourney,
  title        = {MidJourney},
  author       = {{MidJourney Inc.}},
  year         = 2022,
  howpublished = {Software available from MidJourney Inc.},
  url          = {https://www.midjourney.com}
}
@inproceedings{rombach2022high,
  title={High-resolution image synthesis with latent diffusion models},
  author={Rombach, Robin and Blattmann, Andreas and Lorenz, Dominik and Esser, Patrick and Ommer, Bj{\"o}rn},
  booktitle={Proceedings of the IEEE/CVF conference on computer vision and pattern recognition},
  pages={10684--10695},
  year={2022}
}
@inproceedings{gafni2022make,
  title={Make-a-scene: Scene-based text-to-image generation with human priors},
  author={Gafni, Oran and Polyak, Adam and Ashual, Oron and Sheynin, Shelly and Parikh, Devi and Taigman, Yaniv},
  booktitle={European Conference on Computer Vision},
  pages={89--106},
  year={2022},
  organization={Springer}
}
@article{salimans2016improved,
  title={Improved techniques for training gans},
  author={Salimans, Tim and Goodfellow, Ian and Zaremba, Wojciech and Cheung, Vicki and Radford, Alec and Chen, Xi},
  journal={Advances in Neural Information Processing Systems},
  volume={29},
  year={2016}
}
@article{heusel2017gans,
  title={Gans trained by a two time-scale update rule converge to a local nash equilibrium},
  author={Heusel, Martin and Ramsauer, Hubert and Unterthiner, Thomas and Nessler, Bernhard and Hochreiter, Sepp},
  journal={Advances in Neural Information Processing Systems},
  volume={30},
  year={2017}
}

@misc{wang2021maxdeeplabendtoendpanopticsegmentation,
      title={MaX-DeepLab: End-to-End Panoptic Segmentation with Mask Transformers}, 
      author={Huiyu Wang and Yukun Zhu and Hartwig Adam and Alan Yuille and Liang-Chieh Chen},
      year={2021},
      eprint={2012.00759},
      archivePrefix={arXiv},
      primaryClass={cs.CV},
      url={https://arxiv.org/abs/2012.00759}, 
}
@article{zhu2010deformable,
  title={Deformable detr: Deformable transformers for end-to-end object detection. arXiv 2020},
  author={Zhu, X and Su, W and Lu, L and Li, B and Wang, X and Dai, J},
  journal={arXiv preprint arXiv:2010.04159},
  year={2010}
}
@article{radford2019language,
  title={Language models are unsupervised multitask learners},
  author={Radford, Alec and Wu, Jeffrey and Child, Rewon and Luan, David and Amodei, Dario and Sutskever, Ilya and others},
  journal={OpenAI blog},
  volume={1},
  number={8},
  pages={9},
  year={2019}
}

@article{goodfellow2020generative,
  title={Generative adversarial networks},
  author={Goodfellow, Ian and Pouget-Abadie, Jean and Mirza, Mehdi and Xu, Bing and Warde-Farley, David and Ozair, Sherjil and Courville, Aaron and Bengio, Yoshua},
  journal={Communications of the ACM},
  volume={63},
  number={11},
  pages={139--144},
  year={2020},
  publisher={ACM New York, NY, USA}
}

@inproceedings{larsen2016autoencoding,
  title={Autoencoding beyond pixels using a learned similarity metric},
  author={Larsen, Anders Boesen Lindbo and S{\o}nderby, S{\o}ren Kaae and Larochelle, Hugo and Winther, Ole},
  booktitle={International conference on machine learning},
  pages={1558--1566},
  year={2016},
  organization={PMLR}
}


@inproceedings{johnson2016perceptual,
  title={Perceptual losses for real-time style transfer and super-resolution},
  author={Johnson, Justin and Alahi, Alexandre and Fei-Fei, Li},
  booktitle={Computer Vision--ECCV 2016: 14th European Conference, Amsterdam, The Netherlands, October 11-14, 2016, Proceedings, Part II 14},
  pages={694--711},
  year={2016},
  organization={Springer}
}

@article{dosovitskiy2016generating,
  title={Generating images with perceptual similarity metrics based on deep networks},
  author={Dosovitskiy, Alexey and Brox, Thomas},
  journal={Advances in neural information processing systems},
  volume={29},
  year={2016}
}

@article{higgins2017beta,
  title={beta-vae: Learning basic visual concepts with a constrained variational framework.},
  author={Higgins, Irina and Matthey, Loic and Pal, Arka and Burgess, Christopher P and Glorot, Xavier and Botvinick, Matthew M and Mohamed, Shakir and Lerchner, Alexander},
  journal={ICLR},
  volume={3},
  year={2017}
}

@article{zeghidour2021soundstream,
  title={Soundstream: An end-to-end neural audio codec},
  author={Zeghidour, Neil and Luebs, Alejandro and Omran, Ahmed and Skoglund, Jan and Tagliasacchi, Marco},
  journal={IEEE/ACM Transactions on Audio, Speech, and Language Processing},
  volume={30},
  pages={495--507},
  year={2021},
  publisher={IEEE}
}

@inproceedings{dalal2005histograms,
  title={Histograms of oriented gradients for human detection},
  author={Dalal, Navneet and Triggs, Bill},
  booktitle={2005 IEEE computer society conference on computer vision and pattern recognition (CVPR'05)},
  volume={1},
  pages={886--893},
  year={2005},
  organization={Ieee}
}

@article{chen2022sampling,
  title={Sampling is as easy as learning the score: theory for diffusion models with minimal data assumptions},
  author={Chen, Sitan and Chewi, Sinho and Li, Jerry and Li, Yuanzhi and Salim, Adil and Zhang, Anru R},
  journal={arXiv preprint arXiv:2209.11215},
  year={2022}
}

@inproceedings{chen2023improved,
  title={Improved analysis of score-based generative modeling: User-friendly bounds under minimal smoothness assumptions},
  author={Chen, Hongrui and Lee, Holden and Lu, Jianfeng},
  booktitle={International Conference on Machine Learning},
  pages={4735--4763},
  year={2023},
  organization={PMLR}
}

@article{benton2024nearly,
  title={Nearly d-linear convergence bounds for diffusion models via stochastic localization},
  author={Benton, Joe and Bortoli, VD and Doucet, Arnaud and Deligiannidis, George},
  year={2024},
  publisher={OpenReview}
}

@article{shah2023learning,
  title={Learning mixtures of gaussians using the DDPM objective},
  author={Shah, Kulin and Chen, Sitan and Klivans, Adam},
  journal={Advances in Neural Information Processing Systems},
  volume={36},
  pages={19636--19649},
  year={2023}
}

@article{gatmiry2024learning,
  title={Learning mixtures of gaussians using diffusion models},
  author={Gatmiry, Khashayar and Kelner, Jonathan and Lee, Holden},
  journal={arXiv preprint arXiv:2404.18869},
  year={2024}
}

@inproceedings{diakonikolas2023sq,
  title={SQ lower bounds for learning mixtures of separated and bounded covariance gaussians},
  author={Diakonikolas, Ilias and Kane, Daniel M and Pittas, Thanasis and Zarifis, Nikos},
  booktitle={The Thirty Sixth Annual Conference on Learning Theory},
  pages={2319--2349},
  year={2023},
  organization={PMLR}
}
