@inproceedings{DBLP:conf/cvpr/0001WYMPZ22,
  author       = {Da{-}Wei Zhou and
                  Fu{-}Yun Wang and
                  Han{-}Jia Ye and
                  Liang Ma and
                  Shiliang Pu and
                  De{-}Chuan Zhan},
  title        = {Forward Compatible Few-Shot Class-Incremental Learning},
  booktitle    = {{IEEE/CVF} Conference on Computer Vision and Pattern Recognition (CVPR)},
  address = {New Orleans, LA},
  pages        = {9036--9046},
  year         = {2022},
}

@inproceedings{DBLP:conf/cvpr/KuzborskijOC13,
  author       = {Ilja Kuzborskij and
                  Francesco Orabona and
                  Barbara Caputo},
  title        = {From {N} to {N+1:} Multiclass Transfer Incremental Learning},
  booktitle    = {2013 {IEEE} Conference on Computer Vision and Pattern Recognition (CVPR)},
address={Portland, OR},
  pages        = {3358--3365},
  year         = {2013},
}

@inproceedings{DBLP:conf/iccvw/Babenko0B09,
  author       = {Boris Babenko and
                  Ming{-}Hsuan Yang and
                  Serge J. Belongie},
  title        = {A family of online boosting algorithms},
  booktitle    = {12th {IEEE} International Conference on Computer Vision Workshops (ICCV)},
address={Kyoto, Japan},
  pages        = {1346--1353},
  year         = {2009},
}

@inproceedings{DBLP:conf/icip/WangWCL09,
  author       = {Aiping Wang and
                  Guowei Wan and
                  Zhi{-}Quan Cheng and
                  Sikun Li},
  title        = {An incremental extremely random forest classifier for online learning
                  and tracking},
  booktitle    = {Proceedings of the International Conference on Image Processing (ICIP)},
  address = {Cairo, Egypt},
  pages        = {1449--1452},
  year         = {2009},
}

@inproceedings{DBLP:conf/icml/BrophyL21,
  author       = {Jonathan Brophy and
                  Daniel Lowd},
  title        = {Machine Unlearning for Random Forests},
  booktitle    = {Proceedings of the 38th International Conference on Machine Learning (ICML)},
address = {Virtual Event},
  series       = {Proceedings of Machine Learning Research},
  volume       = {139},
  pages        = {1092--1104},
  year         = {2021},
}

@inproceedings{DBLP:conf/kdd/LinCL023,
  author       = {Huawei Lin and
                  Jun Woo Chung and
                  Yingjie Lao and
                  Weijie Zhao},
  title        = {Machine Unlearning in Gradient Boosting Decision Trees},
  booktitle    = {Proceedings of the 29th {ACM} {SIGKDD} Conference on Knowledge Discovery
                  and Data Mining (KDD)},
address={Long Beach, CA},
  pages        = {1374--1383},
  year         = {2023},
}

@inproceedings{DBLP:conf/nips/BeygelzimerHKL15,
  author       = {Alina Beygelzimer and
                  Elad Hazan and
                  Satyen Kale and
                  Haipeng Luo},
  title        = {Online Gradient Boosting},
  booktitle    = {Advances in Neural Information Processing Systems (NIPS)},
  address = {Montreal, Quebec, Canada},
  pages        = {2458--2466},
  year         = {2015},
}

@inproceedings{DBLP:conf/nips/CauwenberghsP00,
  author       = {Gert Cauwenberghs and
                  Tomaso A. Poggio},
  title        = {Incremental and Decremental Support Vector Machine Learning},
  booktitle    = {Advances in Neural Information Processing Systems (NIPS)},
  address      = {Denver, CO},
  pages        = {409--415},
  year         = {2000},
}

@inproceedings{DBLP:conf/nips/GinartGVZ19,
  author       = {Antonio Ginart and
                  Melody Y. Guan and
                  Gregory Valiant and
                  James Zou},
  title        = {Making {AI} Forget You: Data Deletion in Machine Learning},
  booktitle    = {Advances in Neural Information Processing Systems (NeurIPS)},
address = {Vancouver, BC, Canada},
  pages        = {3513--3526},
  year         = {2019},
}

@inproceedings{DBLP:conf/nips/KarasuyamaT09,
  author       = {Masayuki Karasuyama and
                  Ichiro Takeuchi},
  title        = {Multiple Incremental Decremental Learning of Support Vector Machines},
  booktitle    = {Advances in Neural Information Processing Systems (NIPS)},
  address      = {Vancouver, Canada},
  pages        = {907--915},
  year         = {2009},
}

@inproceedings{DBLP:conf/nips/SekhariAKS21,
  author       = {Ayush Sekhari and
                  Jayadev Acharya and
                  Gautam Kamath and
                  Ananda Theertha Suresh},
  title        = {Remember What You Want to Forget: Algorithms for Machine Unlearning},
  booktitle    = {Advances in Neural Information Processing Systems (NeurIPS)},
address={Virtual},
  pages        = {18075--18086},
  year         = {2021},
}

@inproceedings{DBLP:conf/sigmod/SchelterGD21,
  author       = {Sebastian Schelter and
                  Stefan Grafberger and
                  Ted Dunning},
  title        = {HedgeCut: Maintaining Randomised Trees for Low-Latency Machine Unlearning},
  booktitle    = {SIGMOD},
  address={Virtual Event, China},
  pages        = {1545--1557},
  year         = {2021},
}

@inproceedings{DBLP:conf/sp/BourtouleCCJTZL21,
  author       = {Lucas Bourtoule and
                  Varun Chandrasekaran and
                  Christopher A. Choquette{-}Choo and
                  Hengrui Jia and
                  Adelin Travers and
                  Baiwu Zhang and
                  David Lie and
                  Nicolas Papernot},
  title        = {Machine Unlearning},
  booktitle    = {42nd {IEEE} Symposium on Security and Privacy (SP)},
address={San Francisco, CA},
  pages        = {141--159},
  year         = {2021},
}

@inproceedings{DBLP:conf/sp/CaoY15,
  author       = {Yinzhi Cao and
                  Junfeng Yang},
  title        = {Towards Making Systems Forget with Machine Unlearning},
  booktitle    = {2015 {IEEE} Symposium on Security and Privacy (SP)},
address={San Jose, CA},
  pages        = {463--480},
  year         = {2015},
}

@inproceedings{DBLP:conf/uss/ThudiJSP22,
  author       = {Anvith Thudi and
                  Hengrui Jia and
                  Ilia Shumailov and
                  Nicolas Papernot},
  title        = {On the Necessity of Auditable Algorithmic Definitions for Machine
                  Unlearning},
  booktitle    = {31st {USENIX} Security Symposium (USENIX Security)},
address={Boston, MA},
  pages        = {4007--4022},
  year         = {2022},
}

@article{DBLP:journals/cluster/ChenXXZ19,
  author       = {Yuantao Chen and
                  Jie Xiong and
                  Weihong Xu and
                  Jingwen Zuo},
  title        = {A novel online incremental and decremental learning algorithm based
                  on variable support vector machine},
  journal      = {Clust. Comput.},
  volume       = {22},
  pages        = {7435--7445},
  year         = {2019}
}

@article{DBLP:journals/corr/abs-2009-05567,
  author       = {Jonathan Brophy and
                  Daniel Lowd},
  title        = {{DART:} Data Addition and Removal Trees},
  journal      = {CoRR},
  volume       = {abs/2009.05567},
  year         = {2020},
}

@article{DBLP:journals/corr/abs-2111-08947,
  author       = {Ayush K. Tarun and
                  Vikram S. Chundawat and
                  Murari Mandal and
                  Mohan S. Kankanhalli},
  title        = {Fast Yet Effective Machine Unlearning},
  journal      = {CoRR},
  volume       = {abs/2111.08947},
  year         = {2021},
}

@article{DBLP:journals/corr/abs-2209-02299,
  author       = {Thanh Tam Nguyen and
                  Thanh Trung Huynh and
                  Phi Le Nguyen and
                  Alan Wee{-}Chung Liew and
                  Hongzhi Yin and
                  Quoc Viet Hung Nguyen},
  title        = {A Survey of Machine Unlearning},
  journal      = {CoRR},
  volume       = {abs/2209.02299},
  year         = {2022},
}

@article{DBLP:journals/corr/abs-2304-02049,
  author       = {Samuele Poppi and
                  Sara Sarto and
                  Marcella Cornia and
                  Lorenzo Baraldi and
                  Rita Cucchiara},
  title        = {Multi-Class Explainable Unlearning for Image Classification via Weight
                  Filtering},
  journal      = {CoRR},
  volume       = {abs/2304.02049},
  year         = {2023},
}

@article{DBLP:journals/corr/abs-2311-13174,
  author       = {Jian Zhang and
                  Bowen Li and
                  Jie Li and
                  Chentao Wu},
  title        = {SecureCut: Federated Gradient Boosting Decision Trees with Efficient
                  Machine Unlearning},
  journal      = {CoRR},
  volume       = {abs/2311.13174},
  year         = {2023},
}

@article{DBLP:journals/csur/XuZZZY24,
  author       = {Heng Xu and
                  Tianqing Zhu and
                  Lefeng Zhang and
                  Wanlei Zhou and
                  Philip S. Yu},
  title        = {Machine Unlearning: {A} Survey},
  journal      = {{ACM} Comput. Surv.},
  volume       = {56},
  number       = {1},
  pages        = {9:1--9:36},
  year         = {2024},
}

@article{DBLP:journals/ieeemm/HussainLT23,
  author       = {Muhammad Awais Hussain and
                  Chun{-}Lin Lee and
                  Tsung{-}Han Tsai},
  title        = {An Efficient Incremental Learning Algorithm for Sound Classification},
  journal      = {{IEEE} Multim.},
  volume       = {30},
  number       = {1},
  pages        = {84--90},
  year         = {2023},
}

@article{DBLP:journals/natmi/VenTT22,
  author       = {Gido M. van de Ven and
                  Tinne Tuytelaars and
                  Andreas S. Tolias},
  title        = {Three types of incremental learning},
  journal      = {Nat. Mac. Intell.},
  volume       = {4},
  number       = {12},
  pages        = {1185--1197},
  year         = {2022},
}

@article{DBLP:journals/npl/ZhangZSAFS19,
  author       = {Chongsheng Zhang and
                  Yuan Zhang and
                  Xianjin Shi and
                  George Almpanidis and
                  Gaojuan Fan and
                  Xiajiong Shen},
  title        = {On Incremental Learning for Gradient Boosting Decision Trees},
  journal      = {Neural Process. Lett.},
  volume       = {50},
  number       = {1},
  pages        = {957--987},
  year         = {2019},
}

@inproceedings{DBLP:journals/pacmmod/WuZLH23,
  author       = {Zhaomin Wu and
                  Junhui Zhu and
                  Qinbin Li and
                  Bingsheng He},
  title        = {DeltaBoost: Gradient Boosting Decision Trees with Efficient Machine
                  Unlearning},
  booktitle      = {Proceedings of the ACM on Management of Data (SIGMOD)},
  address = {Seattle, WA},
  volume       = {1},
  number       = {2},
  pages        = {168:1--168:26},
  year         = {2023},
}

@article{DBLP:journals/tsmc/PolikarUUH01,
  author       = {Robi Polikar and
                  L. Upda and
                  S. S. Upda and
                  Vasant G. Honavar},
  title        = {Learn++: an incremental learning algorithm for supervised neural networks},
  journal      = {{IEEE} Trans. Syst. Man Cybern. Part {C}},
  volume       = {31},
  number       = {4},
  pages        = {497--508},
  year         = {2001},
}

@inproceedings{chen2023boundary,
  title={Boundary Unlearning: Rapid Forgetting of Deep Networks via Shifting the Decision Boundary},
  author={Chen, Min and Gao, Weizhuo and Liu, Gaoyang and Peng, Kai and Wang, Chen},
  booktitle={Proceedings of the IEEE/CVF Conference on Computer Vision and Pattern Recognition (CVPR)},
address={Vancouver, BC, Canada},
  pages={7766--7775},
  year={2023}
}

@article{dekhovich2023continual,
  title={Continual prune-and-select: class-incremental learning with specialized subnetworks},
  author={Dekhovich, Aleksandr and Tax, David MJ and Sluiter, Marcel HF and Bessa, Miguel A},
  journal={Applied Intelligence},
  pages={1--16},
  year={2023}
}

