@article{DBLP:journals/cluster/ChenXXZ19,
  author       = {Yuantao Chen and
                  Jie Xiong and
                  Weihong Xu and
                  Jingwen Zuo},
  title        = {A novel online incremental and decremental learning algorithm based
                  on variable support vector machine},
  journal      = {Clust. Comput.},
  volume       = {22},
  pages        = {7435--7445},
  year         = {2019}
}

@inproceedings{DBLP:conf/nips/CauwenberghsP00,
  author       = {Gert Cauwenberghs and
                  Tomaso A. Poggio},
  title        = {Incremental and Decremental Support Vector Machine Learning},
  booktitle    = {Advances in Neural Information Processing Systems (NIPS)},
  address      = {Denver, CO},
  pages        = {409--415},
  year         = {2000},
}

@article{DBLP:journals/jmlr/LaskovGKM06,
  author       = {Pavel Laskov and
                  Christian Gehl and
                  Stefan Kr{\"{u}}ger and
                  Klaus{-}Robert M{\"{u}}ller},
  title        = {Incremental Support Vector Learning: Analysis, Implementation and
                  Applications},
  journal      = {J. Mach. Learn. Res.},
  volume       = {7},
  pages        = {1909--1936},
  year         = {2006},
}

@article{DBLP:journals/tnn/ShiltonPRT05,
  author       = {Alistair Shilton and
                  Marimuthu Palaniswami and
                  Daniel Ralph and
                  Ah Chung Tsoi},
  title        = {Incremental training of support vector machines},
  journal      = {{IEEE} Trans. Neural Networks},
  volume       = {16},
  number       = {1},
  pages        = {114--131},
  year         = {2005},
}

@inproceedings{DBLP:conf/nips/KarasuyamaT09,
  author       = {Masayuki Karasuyama and
                  Ichiro Takeuchi},
  title        = {Multiple Incremental Decremental Learning of Support Vector Machines},
  booktitle    = {Advances in Neural Information Processing Systems (NIPS)},
  address      = {Vancouver, Canada},
  pages        = {907--915},
  year         = {2009},
}

@inproceedings{DBLP:conf/nips/FineS01,
  author       = {Shai Fine and
                  Katya Scheinberg},
  title        = {Incremental Learning and Selective Sampling via Parametric Optimization
                  Framework for {SVM}},
  booktitle    = {Advances in Neural Information Processing Systems (NIPS)},
  address      = {Vancouver, British Columbia, Canada},
  pages        = {705--711},
  year         = {2001},
}

@inproceedings{DBLP:conf/icip/WangWCL09,
  author       = {Aiping Wang and
                  Guowei Wan and
                  Zhi{-}Quan Cheng and
                  Sikun Li},
  title        = {An incremental extremely random forest classifier for online learning
                  and tracking},
  booktitle    = {Proceedings of the International Conference on Image Processing (ICIP)},
  address = {Cairo, Egypt},
  pages        = {1449--1452},
  year         = {2009},
}

@inproceedings{DBLP:conf/nips/BeygelzimerHKL15,
  author       = {Alina Beygelzimer and
                  Elad Hazan and
                  Satyen Kale and
                  Haipeng Luo},
  title        = {Online Gradient Boosting},
  booktitle    = {Advances in Neural Information Processing Systems (NIPS)},
  address = {Montreal, Quebec, Canada},
  pages        = {2458--2466},
  year         = {2015},
}

@inproceedings{DBLP:conf/icml/BrophyL21,
  author       = {Jonathan Brophy and
                  Daniel Lowd},
  title        = {Machine Unlearning for Random Forests},
  booktitle    = {Proceedings of the 38th International Conference on Machine Learning (ICML)},
address = {Virtual Event},
  series       = {Proceedings of Machine Learning Research},
  volume       = {139},
  pages        = {1092--1104},
  year         = {2021},
}

@article{DBLP:journals/corr/abs-2009-05567,
  author       = {Jonathan Brophy and
                  Daniel Lowd},
  title        = {{DART:} Data Addition and Removal Trees},
  journal      = {CoRR},
  volume       = {abs/2009.05567},
  year         = {2020},
}

@inproceedings{DBLP:conf/sigmod/SchelterGD21,
  author       = {Sebastian Schelter and
                  Stefan Grafberger and
                  Ted Dunning},
  title        = {HedgeCut: Maintaining Randomised Trees for Low-Latency Machine Unlearning},
  booktitle    = {SIGMOD},
  address={Virtual Event, China},
  pages        = {1545--1557},
  year         = {2021},
}

@inproceedings{DBLP:conf/sp/BourtouleCCJTZL21,
  author       = {Lucas Bourtoule and
                  Varun Chandrasekaran and
                  Christopher A. Choquette{-}Choo and
                  Hengrui Jia and
                  Adelin Travers and
                  Baiwu Zhang and
                  David Lie and
                  Nicolas Papernot},
  title        = {Machine Unlearning},
  booktitle    = {42nd {IEEE} Symposium on Security and Privacy (SP)},
address={San Francisco, CA},
  pages        = {141--159},
  year         = {2021},
}

@article{Article:Friedman_AS01,
  author        = "Jerome H. Friedman",
  title         = "Greedy function approximation: A gradient boosting machine",
  journal       = "The Annals of Statistics",
  volume        = "29",
  number         = "5",
  year          = "2001",
  pages         = "1189-1232"
}

@article{Article:FHT_AS00,
  author        = "Jerome H. Friedman and Trevor J. Hastie and Robert Tibshirani",
  title         = "Additive logistic regression: a statistical view of boosting",
  journal       = "The Annals of Statistics",
  volume        = "28",
  number         = "2",
  year          = "2000",
  pages         = "337-407"
}

@inproceedings{Proc:ABC_UAI10,
  author    = {Ping Li},
  title     = {Robust LogitBoost and Adaptive Base Class (ABC) LogitBoost},
  booktitle = {Proceedings of the Twenty-Sixth Conference Annual Conference on Uncertainty in Artificial Intelligence (UAI)},
  year      = {2010},
  address   = {Catalina Island, CA},
  PAGES = {302--311}
}

@article{Article:FHT_JMLR08,
  author    = {Jerome H. Friedman and Trevor J. Hastie and Robert Tibshirani},
  title     = {Response to Evidence Contrary to the Statistical View of Boosting},
  journal   = {Journal of Machine Learning Research},
  volume    = {9},
  year      = {2008},
  pages     = {175-180}
}


@article{DBLP:journals/tsmc/PolikarUUH01,
  author       = {Robi Polikar and
                  L. Upda and
                  S. S. Upda and
                  Vasant G. Honavar},
  title        = {Learn++: an incremental learning algorithm for supervised neural networks},
  journal      = {{IEEE} Trans. Syst. Man Cybern. Part {C}},
  volume       = {31},
  number       = {4},
  pages        = {497--508},
  year         = {2001},
}

@inproceedings{DBLP:conf/cvpr/KuzborskijOC13,
  author       = {Ilja Kuzborskij and
                  Francesco Orabona and
                  Barbara Caputo},
  title        = {From {N} to {N+1:} Multiclass Transfer Incremental Learning},
  booktitle    = {2013 {IEEE} Conference on Computer Vision and Pattern Recognition (CVPR)},
address={Portland, OR},
  pages        = {3358--3365},
  year         = {2013},
}

@article{DBLP:journals/natmi/VenTT22,
  author       = {Gido M. van de Ven and
                  Tinne Tuytelaars and
                  Andreas S. Tolias},
  title        = {Three types of incremental learning},
  journal      = {Nat. Mac. Intell.},
  volume       = {4},
  number       = {12},
  pages        = {1185--1197},
  year         = {2022},
}

@inproceedings{DBLP:conf/cvpr/0001WYMPZ22,
  author       = {Da{-}Wei Zhou and
                  Fu{-}Yun Wang and
                  Han{-}Jia Ye and
                  Liang Ma and
                  Shiliang Pu and
                  De{-}Chuan Zhan},
  title        = {Forward Compatible Few-Shot Class-Incremental Learning},
  booktitle    = {{IEEE/CVF} Conference on Computer Vision and Pattern Recognition (CVPR)},
  address = {New Orleans, LA},
  pages        = {9036--9046},
  year         = {2022},
}

@article{DBLP:journals/ieeemm/HussainLT23,
  author       = {Muhammad Awais Hussain and
                  Chun{-}Lin Lee and
                  Tsung{-}Han Tsai},
  title        = {An Efficient Incremental Learning Algorithm for Sound Classification},
  journal      = {{IEEE} Multim.},
  volume       = {30},
  number       = {1},
  pages        = {84--90},
  year         = {2023},
}

@article{dekhovich2023continual,
  title={Continual prune-and-select: class-incremental learning with specialized subnetworks},
  author={Dekhovich, Aleksandr and Tax, David MJ and Sluiter, Marcel HF and Bessa, Miguel A},
  journal={Applied Intelligence},
  pages={1--16},
  year={2023}
}

@article{DBLP:journals/npl/ZhangZSAFS19,
  author       = {Chongsheng Zhang and
                  Yuan Zhang and
                  Xianjin Shi and
                  George Almpanidis and
                  Gaojuan Fan and
                  Xiajiong Shen},
  title        = {On Incremental Learning for Gradient Boosting Decision Trees},
  journal      = {Neural Process. Lett.},
  volume       = {50},
  number       = {1},
  pages        = {957--987},
  year         = {2019},
}

@inproceedings{DBLP:conf/iccvw/Babenko0B09,
  author       = {Boris Babenko and
                  Ming{-}Hsuan Yang and
                  Serge J. Belongie},
  title        = {A family of online boosting algorithms},
  booktitle    = {12th {IEEE} International Conference on Computer Vision Workshops (ICCV)},
address={Kyoto, Japan},
  pages        = {1346--1353},
  year         = {2009},
}

@article{DBLP:journals/corr/abs-2304-02049,
  author       = {Samuele Poppi and
                  Sara Sarto and
                  Marcella Cornia and
                  Lorenzo Baraldi and
                  Rita Cucchiara},
  title        = {Multi-Class Explainable Unlearning for Image Classification via Weight
                  Filtering},
  journal      = {CoRR},
  volume       = {abs/2304.02049},
  year         = {2023},
}

@article{DBLP:journals/corr/abs-2111-08947,
  author       = {Ayush K. Tarun and
                  Vikram S. Chundawat and
                  Murari Mandal and
                  Mohan S. Kankanhalli},
  title        = {Fast Yet Effective Machine Unlearning},
  journal      = {CoRR},
  volume       = {abs/2111.08947},
  year         = {2021},
}


@inproceedings{chen2023boundary,
  title={Boundary Unlearning: Rapid Forgetting of Deep Networks via Shifting the Decision Boundary},
  author={Chen, Min and Gao, Weizhuo and Liu, Gaoyang and Peng, Kai and Wang, Chen},
  booktitle={Proceedings of the IEEE/CVF Conference on Computer Vision and Pattern Recognition (CVPR)},
address={Vancouver, BC, Canada},
  pages={7766--7775},
  year={2023}
}

@inproceedings{DBLP:conf/uss/ThudiJSP22,
  author       = {Anvith Thudi and
                  Hengrui Jia and
                  Ilia Shumailov and
                  Nicolas Papernot},
  title        = {On the Necessity of Auditable Algorithmic Definitions for Machine
                  Unlearning},
  booktitle    = {31st {USENIX} Security Symposium (USENIX Security)},
address={Boston, MA},
  pages        = {4007--4022},
  year         = {2022},
}

@article{DBLP:journals/corr/abs-2209-02299,
  author       = {Thanh Tam Nguyen and
                  Thanh Trung Huynh and
                  Phi Le Nguyen and
                  Alan Wee{-}Chung Liew and
                  Hongzhi Yin and
                  Quoc Viet Hung Nguyen},
  title        = {A Survey of Machine Unlearning},
  journal      = {CoRR},
  volume       = {abs/2209.02299},
  year         = {2022},
}

@inproceedings{DBLP:conf/sp/CaoY15,
  author       = {Yinzhi Cao and
                  Junfeng Yang},
  title        = {Towards Making Systems Forget with Machine Unlearning},
  booktitle    = {2015 {IEEE} Symposium on Security and Privacy (SP)},
address={San Jose, CA},
  pages        = {463--480},
  year         = {2015},
}

@inproceedings{DBLP:conf/nips/SekhariAKS21,
  author       = {Ayush Sekhari and
                  Jayadev Acharya and
                  Gautam Kamath and
                  Ananda Theertha Suresh},
  title        = {Remember What You Want to Forget: Algorithms for Machine Unlearning},
  booktitle    = {Advances in Neural Information Processing Systems (NeurIPS)},
address={Virtual},
  pages        = {18075--18086},
  year         = {2021},
}

@inproceedings{DBLP:conf/nips/GinartGVZ19,
  author       = {Antonio Ginart and
                  Melody Y. Guan and
                  Gregory Valiant and
                  James Zou},
  title        = {Making {AI} Forget You: Data Deletion in Machine Learning},
  booktitle    = {Advances in Neural Information Processing Systems (NeurIPS)},
address = {Vancouver, BC, Canada},
  pages        = {3513--3526},
  year         = {2019},
}

@inproceedings{DBLP:journals/pacmmod/WuZLH23,
  author       = {Zhaomin Wu and
                  Junhui Zhu and
                  Qinbin Li and
                  Bingsheng He},
  title        = {DeltaBoost: Gradient Boosting Decision Trees with Efficient Machine
                  Unlearning},
  booktitle      = {Proceedings of the ACM on Management of Data (SIGMOD)},
  address = {Seattle, WA},
  volume       = {1},
  number       = {2},
  pages        = {168:1--168:26},
  year         = {2023},
}

@article{DBLP:journals/corr/Bertsekas15c,
  author       = {Dimitri P. Bertsekas},
  title        = {Incremental Gradient, Subgradient, and Proximal Methods for Convex
                  Optimization: {A} Survey},
  journal      = {CoRR},
  volume       = {abs/1507.01030},
  year         = {2015},
}

@article{DBLP:journals/nn/ParisiKPKW19,
  author       = {German Ignacio Parisi and
                  Ronald Kemker and
                  Jose L. Part and
                  Christopher Kanan and
                  Stefan Wermter},
  title        = {Continual lifelong learning with neural networks: {A} review},
  journal      = {Neural Networks},
  volume       = {113},
  pages        = {54--71},
  year         = {2019},
}

@article{DBLP:journals/ftopt/Hazan16,
  author       = {Elad Hazan},
  title        = {Introduction to Online Convex Optimization},
  journal      = {Found. Trends Optim.},
  volume       = {2},
  number       = {3-4},
  pages        = {157--325},
  year         = {2016},
}

@inproceedings{DBLP:conf/aistats/HuSVHB17,
  author       = {Hanzhang Hu and
                  Wen Sun and
                  Arun Venkatraman and
                  Martial Hebert and
                  J. Andrew Bagnell},
  title        = {Gradient Boosting on Stochastic Data Streams},
  booktitle    = {Proceedings of the 20th International Conference on Artificial Intelligence
                  and Statistics (AISTATS)},
address={Fort Lauderdale, FL},
  series       = {Proceedings of Machine Learning Research},
  volume       = {54},
  pages        = {595--603},
  year         = {2017},
}

@inproceedings{DBLP:conf/kdd/LiZCS14,
  author       = {Mu Li and
                  Tong Zhang and
                  Yuqiang Chen and
                  Alexander J. Smola},
  title        = {Efficient mini-batch training for stochastic optimization},
  booktitle    = {The 20th {ACM} {SIGKDD} International Conference on Knowledge Discovery
                  and Data Mining (KDD)},
address={New York, NY},
  pages        = {661--670},
  year         = {2014},
}

@article{DBLP:journals/corr/GoyalDGNWKTJH17,
  author       = {Priya Goyal and
                  Piotr Doll{\'{a}}r and
                  Ross B. Girshick and
                  Pieter Noordhuis and
                  Lukasz Wesolowski and
                  Aapo Kyrola and
                  Andrew Tulloch and
                  Yangqing Jia and
                  Kaiming He},
  title        = {Accurate, Large Minibatch {SGD:} Training ImageNet in 1 Hour},
  journal      = {CoRR},
  volume       = {abs/1706.02677},
  year         = {2017},
}

@article{DBLP:journals/corr/Ruder16,
  author       = {Sebastian Ruder},
  title        = {An overview of gradient descent optimization algorithms},
  journal      = {CoRR},
  volume       = {abs/1609.04747},
  year         = {2016},
}


@inproceedings{DBLP:conf/smc/Oza05,
  author       = {Nikunj C. Oza},
  title        = {Online bagging and boosting},
  booktitle    = {Proceedings of the {IEEE} International Conference on Systems, Man and Cybernetics (SMC)},
address={Waikoloa, Hawaii},
  pages        = {2340--2345},
  year         = {2005},
}

@article{DBLP:journals/gandc/SudakovBK19,
  author       = {Oleg Sudakov and
                  Evgeny Burnaev and
                  Dmitry A. Koroteev},
  title        = {Driving digital rock towards machine learning: Predicting permeability
                  with gradient boosting and deep neural networks},
  journal      = {Comput. Geosci.},
  volume       = {127},
  pages        = {91--98},
  year         = {2019},
}

@article{DBLP:journals/ml/BiauCR19,
  author       = {G{\'{e}}rard Biau and
                  Beno{\^{\i}}t Cadre and
                  Laurent Rouv{\`{\i}}{\`{e}}re},
  title        = {Accelerated gradient boosting},
  journal      = {Mach. Learn.},
  volume       = {108},
  number       = {6},
  pages        = {971--992},
  year         = {2019},
}

@article{DBLP:journals/asc/RaoSRFXEYG19,
  author       = {Haidi Rao and
                  Xianzhang Shi and
                  Ahoussou Kouassi Rodrigue and
                  Juanjuan Feng and
                  Yingchun Xia and
                  Mohamed Elhoseny and
                  Xiaohui Yuan and
                  Lichuan Gu},
  title        = {Feature selection based on artificial bee colony and gradient boosting
                  decision tree},
  journal      = {Appl. Soft Comput.},
  volume       = {74},
  pages        = {634--642},
  year         = {2019},
}

@inproceedings{DBLP:conf/eccv/LiuM0020,
  author       = {Yunfei Liu and
                  Xingjun Ma and
                  James Bailey and
                  Feng Lu},
  title        = {Reflection Backdoor: {A} Natural Backdoor Attack on Deep Neural Networks},
  booktitle    = {ECCV},
address={Glasgow,
                  UK},
  series       = {Lecture Notes in Computer Science},
  volume       = {12355},
  pages        = {182--199},
  year         = {2020},
}

@inproceedings{DBLP:conf/aaai/SahaSP20,
  author       = {Aniruddha Saha and
                  Akshayvarun Subramanya and
                  Hamed Pirsiavash},
  title        = {Hidden Trigger Backdoor Attacks},
  booktitle    = {The Thirty-Fourth {AAAI} Conference on Artificial Intelligence (AAAI)},
address={New York, NY},
  pages        = {11957--11965},
  year         = {2020},

}

@inproceedings{DBLP:conf/icml/ChenLL12,
  author       = {Shang{-}Tse Chen and
                  Hsuan{-}Tien Lin and
                  Chi{-}Jen Lu},
  title        = {An Online Boosting Algorithm with Theoretical Justifications},
  booktitle    = {Proceedings of the 29th International Conference on Machine Learning (ICML)},
address={Edinburgh, Scotland, UK},
  year         = {2012},
}

@inproceedings{DBLP:conf/cvpr/GrabnerB06,
  author       = {Helmut Grabner and
                  Horst Bischof},
  title        = {On-line Boosting and Vision},
  booktitle    = {2006 {IEEE} Computer Society Conference on Computer Vision and Pattern
                  Recognition (CVPR)},
address={New York, NY},
  pages        = {260--267},
  year         = {2006},
}


@inproceedings{DBLP:conf/uss/AdiBCPK18,
  author       = {Yossi Adi and
                  Carsten Baum and
                  Moustapha Ciss{\'{e}} and
                  Benny Pinkas and
                  Joseph Keshet},
  title        = {Turning Your Weakness Into a Strength: Watermarking Deep Neural Networks
                  by Backdooring},
  booktitle    = {27th {USENIX} Security Symposium ({USENIX} Security)},
  address = {Baltimore, MD},
  pages        = {1615--1631},
  year         = {2018},
}

@inproceedings{DBLP:conf/iccv/LiuY07,
  author       = {Xiaoming Liu and
                  Ting Yu},
  title        = {Gradient Feature Selection for Online Boosting},
  booktitle    = {{IEEE} 11th International Conference on Computer Vision (ICCV)},
address = {Rio de Janeiro, Brazil},
  pages        = {1--8},
  year         = {2007},
}

@inproceedings{DBLP:conf/icml/BeygelzimerKL15,
  author       = {Alina Beygelzimer and
                  Satyen Kale and
                  Haipeng Luo},

  title        = {Optimal and Adaptive Algorithms for Online Boosting},
  booktitle    = {Proceedings of the 32nd International Conference on Machine Learning (ICML)},
address={Lille, France},
  series       = {{JMLR} Workshop and Conference Proceedings},
  volume       = {37},
  pages        = {2323--2331},
  year         = {2015},
}

@inproceedings{DBLP:conf/kdd/LinCL023,
  author       = {Huawei Lin and
                  Jun Woo Chung and
                  Yingjie Lao and
                  Weijie Zhao},
  title        = {Machine Unlearning in Gradient Boosting Decision Trees},
  booktitle    = {Proceedings of the 29th {ACM} {SIGKDD} Conference on Knowledge Discovery
                  and Data Mining (KDD)},
address={Long Beach, CA},
  pages        = {1374--1383},
  year         = {2023},
}

@inproceedings{DBLP:conf/aistats/OzaR01,
  author       = {Nikunj C. Oza and
                  Stuart Russell},
  title        = {Online Bagging and Boosting},
  booktitle    = {Proceedings of the Eighth International Workshop on Artificial Intelligence
                  and Statistics, {AISTATS}},
address={Key West, Florida},
  year         = {2001},
}

@inproceedings{DBLP:conf/iccvw/LeistnerSRB09,
  author       = {Christian Leistner and
                  Amir Saffari and
                  Peter M. Roth and
                  Horst Bischof},
  title        = {On robustness of on-line boosting - a competitive study},
  booktitle    = {12th {IEEE} International Conference on Computer Vision Workshops,
                  (ICCV) Workshops},
address={Kyoto, Japan},
  pages        = {1362--1369},
  year         = {2009},
}

@inproceedings{DBLP:conf/kdd/ChenG16,
  author       = {Tianqi Chen and
                  Carlos Guestrin},
  title        = {XGBoost: {A} Scalable Tree Boosting System},
  booktitle    = {Proceedings of the 22nd {ACM} International Conference on
                  Knowledge Discovery and Data Mining (SIGKDD)},
address={San Francisco, CA},
  pages        = {785--794},
  year         = {2016},
}

@inproceedings{DBLP:conf/nips/KeMFWCMYL17,
  author       = {Guolin Ke and
                  Qi Meng and
                  Thomas Finley and
                  Taifeng Wang and
                  Wei Chen and
                  Weidong Ma and
                  Qiwei Ye and
                  Tie{-}Yan Liu},
  title        = {LightGBM: {A} Highly Efficient Gradient Boosting Decision Tree},
  booktitle    = {Advances in Neural Information Processing Systems 30: Annual Conference
                  on Neural Information Processing Systems (NIPS)},
address={Long Beach, CA},
  pages        = {3146--3154},
  year         = {2017},
}

@article{DBLP:journals/corr/abs-2311-13174,
  author       = {Jian Zhang and
                  Bowen Li and
                  Jie Li and
                  Chentao Wu},
  title        = {SecureCut: Federated Gradient Boosting Decision Trees with Efficient
                  Machine Unlearning},
  journal      = {CoRR},
  volume       = {abs/2311.13174},
  year         = {2023},
}

@article{DBLP:journals/csur/XuZZZY24,
  author       = {Heng Xu and
                  Tianqing Zhu and
                  Lefeng Zhang and
                  Wanlei Zhou and
                  Philip S. Yu},
  title        = {Machine Unlearning: {A} Survey},
  journal      = {{ACM} Comput. Surv.},
  volume       = {56},
  number       = {1},
  pages        = {9:1--9:36},
  year         = {2024},
}

@article{DBLP:journals/corr/abs-1810-11363,
  author       = {Anna Veronika Dorogush and
                  Vasily Ershov and
                  Andrey Gulin},
  title        = {CatBoost: gradient boosting with categorical features support},
  journal      = {CoRR},
  volume       = {abs/1810.11363},
  year         = {2018},
}

@article{DBLP:journals/jmlr/WenLSLH020,
  author       = {Zeyi Wen and
                  Hanfeng Liu and
                  Jiashuai Shi and
                  Qinbin Li and
                  Bingsheng He and
                  Jian Chen},
  title        = {ThunderGBM: Fast GBDTs and Random Forests on GPUs},
  journal      = {J. Mach. Learn. Res.},
  volume       = {21},
  pages        = {108:1--108:5},
  year         = {2020},
}

@inproceedings{DBLP:conf/sp/ShokriSSS17,
  author       = {Reza Shokri and
                  Marco Stronati and
                  Congzheng Song and
                  Vitaly Shmatikov},
  title        = {Membership Inference Attacks Against Machine Learning Models},
  booktitle    = {2017 {IEEE} Symposium on Security and Privacy, {SP}},
  pages        = {3--18},
  year         = {2017},
address={San Jose,
                  CA}
}

@article{DBLP:journals/csur/HuSSDYZ22,
  author       = {Hongsheng Hu and
                  Zoran Salcic and
                  Lichao Sun and
                  Gillian Dobbie and
                  Philip S. Yu and
                  Xuyun Zhang},
  title        = {Membership Inference Attacks on Machine Learning: {A} Survey},
  journal      = {{ACM} Comput. Surv.},
  volume       = {54},
  number       = {11s},
  pages        = {235:1--235:37},
  year         = {2022},

}

@inproceedings{DBLP:conf/icml/Choquette-ChooT21,
  author       = {Christopher A. Choquette{-}Choo and
                  Florian Tram{\`{e}}r and
                  Nicholas Carlini and
                  Nicolas Papernot},
  title        = {Label-Only Membership Inference Attacks},
  booktitle    = {Proceedings of the 38th International Conference on Machine Learning,
                  {ICML}},
  series       = {Proceedings of Machine Learning Research},
  volume       = {139},
  pages        = {1964--1974},
  year         = {2021},
address={Virtual Event}
}


@inproceedings{DBLP:conf/csfw/YeomGFJ18,
  author       = {Samuel Yeom and
                  Irene Giacomelli and
                  Matt Fredrikson and
                  Somesh Jha},
  title        = {Privacy Risk in Machine Learning: Analyzing the Connection to Overfitting},
  booktitle    = {31st {IEEE} Computer Security Foundations Symposium, {CSF}},
  pages        = {268--282},
  year         = {2018},
address={Oxford,
                  United Kingdom}

}

@article{DBLP:journals/tdsc/YanLWZSHL23,
  author       = {Hongyang Yan and
                  Shuhao Li and
                  Yajie Wang and
                  Yaoyuan Zhang and
                  Kashif Sharif and
                  Haibo Hu and
                  Yuanzhang Li},
  title        = {Membership Inference Attacks Against Deep Learning Models via Logits
                  Distribution},
  journal      = {{IEEE} Trans. Dependable Secur. Comput.},
  volume       = {20},
  number       = {5},
  pages        = {3799--3808},
  year         = {2023},

}

@inproceedings{DBLP:conf/aistats/BreugelSQS23,
  author       = {Boris van Breugel and
                  Hao Sun and
                  Zhaozhi Qian and
                  Mihaela van der Schaar},

  title        = {Membership Inference Attacks against Synthetic Data through Overfitting
                  Detection},
  booktitle    = {International Conference on Artificial Intelligence and Statistics},
  series       = {Proceedings of Machine Learning Research},
  volume       = {206},
  pages        = {3493--3514},
  year         = {2023},
address={Valencia, Spain}

}



@article{DBLP:journals/corr/abs-2205-06469,
  author       = {Shuhao Li and
                  Yajie Wang and
                  Yuanzhang Li and
                  Yu{-}an Tan},
  title        = {l-Leaks: Membership Inference Attacks with Logits},
  journal      = {CoRR},
  volume       = {abs/2205.06469},
  year         = {2022},
}

@inproceedings{DBLP:conf/sp/CarliniCN0TT22,
  author       = {Nicholas Carlini and
                  Steve Chien and
                  Milad Nasr and
                  Shuang Song and
                  Andreas Terzis and
                  Florian Tram{\`{e}}r},
  title        = {Membership Inference Attacks From First Principles},
  booktitle    = {43rd {IEEE} Symposium on Security and Privacy, {SP}},
  pages        = {1897--1914},
  year         = {2022},
address={San Francisco,
                  CA}
}


@inproceedings{DBLP:conf/ijcnn/MontielMFPAB20,
  author       = {Jacob Montiel and
                  Rory Mitchell and
                  Eibe Frank and
                  Bernhard Pfahringer and
                  Talel Abdessalem and
                  Albert Bifet},
  title        = {Adaptive XGBoost for Evolving Data Streams},
  booktitle    = {2020 International Joint Conference on Neural Networks, {IJCNN}},
  pages        = {1--8},
  year         = {2020},
address={Glasgow, United Kingdom}
}


@article{DBLP:journals/ijon/WangLLSXZ22,
  author       = {Kun Wang and
                  Jie Lu and
                  Anjin Liu and
                  Yiliao Song and
                  Li Xiong and
                  Guangquan Zhang},
  title        = {Elastic gradient boosting decision tree with adaptive iterations for
                  concept drift adaptation},
  journal      = {Neurocomputing},
  volume       = {491},
  pages        = {288--304},
  year         = {2022},

}

@inproceedings{DBLP:conf/eurosp/SalemWBMZ22,
  author       = {Ahmed Salem and
                  Rui Wen and
                  Michael Backes and
                  Shiqing Ma and
                  Yang Zhang},
  title        = {Dynamic Backdoor Attacks Against Machine Learning Models},
  booktitle    = {7th {IEEE} European Symposium on Security and Privacy, EuroS{\&}P},
  pages        = {703--718},
  publisher    = {{IEEE}},
  year         = {2022},
address={Genoa, Italy}
}


@inproceedings{DBLP:conf/aaai/Wang0VT0HC23,
  author       = {Yuening Wang and
                  Yingxue Zhang and
                  Antonios Valkanas and
                  Ruiming Tang and
                  Chen Ma and
                  Jianye Hao and
                  Mark Coates},
  title        = {Structure Aware Incremental Learning with Personalized Imitation Weights
                  for Recommender Systems},
  booktitle    = {Thirty-Seventh {AAAI} Conference on Artificial Intelligence, {AAAI}
                  2023, Thirty-Fifth Conference on Innovative Applications of Artificial
                  Intelligence, {IAAI}},
address={Washington, DC},
  pages        = {4711--4719},
  year         = {2023},
}


@inproceedings{DBLP:conf/cikm/Shi0X0F0024,
  author       = {Tianhao Shi and
                  Yang Zhang and
                  Zhijian Xu and
                  Chong Chen and
                  Fuli Feng and
                  Xiangnan He and
                  Qi Tian},
  title        = {Preliminary Study on Incremental Learning for Large Language Model-based
                  Recommender Systems},
  booktitle    = {Proceedings of the 33rd {ACM} International Conference on Information
                  and Knowledge Management, {CIKM}},
address={Boise, ID},
  pages        = {4051--4055},
  year         = {2024},
}


@article{DBLP:journals/corr/abs-2207-08770,
  author       = {Ping Li and
                  Weijie Zhao},
  title        = {Package for Fast ABC-Boost},
  journal      = {CoRR},
  volume       = {abs/2207.08770},
  year         = {2022},
}

@article{DBLP:journals/corr/abs-2205-10927,
  author       = {Ping Li and
                  Weijie Zhao},
  title        = {Fast ABC-Boost: {A} Unified Framework for Selecting the Base Class
                  in Multi-Class Classification},
  journal      = {CoRR},
  volume       = {abs/2205.10927},
  year         = {2022},
}

@article{DBLP:journals/corr/abs-2108-08233,
  author       = {Yong Qi and
                  Yanping Li and
                  Huawei Lin and
                  Jiashu Chen and
                  Huaiguang Lei},
  title        = {Research on Gender-related Fingerprint Features},
  journal      = {CoRR},
  volume       = {abs/2108.08233},
  year         = {2021},
}


@inproceedings{DBLP:conf/acl/LinLX024,
  author       = {Huawei Lin and
                  Jikai Long and
                  Zhaozhuo Xu and
                  Weijie Zhao},
  title        = {Token-wise Influential Training Data Retrieval for Large Language
                  Models},
  booktitle    = {Proceedings of the 62nd Annual Meeting of the Association for Computational
                  Linguistics (Volume 1: Long Papers), {ACL}},
address={Bangkok, Thailand},
  pages        = {841--860},
  year         = {2024},
}

@article{DBLP:journals/corr/abs-2412-08637,
  author       = {Huawei Lin and
                  Yingjie Lao and
                  Weijie Zhao},
  title        = {DMin: Scalable Training Data Influence Estimation for Diffusion Models},
  journal      = {CoRR},
  volume       = {abs/2412.08637},
  year         = {2024},
}

@article{DBLP:journals/access/QiLLC21,
  author       = {Yong Qi and
                  Huawei Lin and
                  Yanping Li and
                  Jiashu Chen},
  title        = {Parameter-Free Attention in fMRI Decoding},
  journal      = {{IEEE} Access},
  volume       = {9},
  pages        = {48704--48712},
  year         = {2021},
}

@inproceedings{DBLP:conf/fgr/LinLLS23,
  author       = {Huawei Lin and
                  Haozhe Liu and
                  Qiufu Li and
                  Linlin Shen},
  title        = {Activation Template Matching Loss for Explainable Face Recognition},
  booktitle    = {17th {IEEE} International Conference on Automatic Face and Gesture
                  Recognition, {FG}},
  pages        = {1--8},
address={Waikoloa Beach, HI},
  year         = {2023},

}