@article{FeaST,
  author       = {Wen Hao Png and
                  Yichiet Aun and
                  Ming{-}Lee Gan},
  title        = {FeaST: Feature-guided Style Transfer for high-fidelity art synthesis},
  journal      = {Comput. Graph.},
  volume       = {122},
  pages        = {103975},
  year         = {2024},
  url          = {https://doi.org/10.1016/j.cag.2024.103975},
  doi          = {10.1016/J.CAG.2024.103975},
  timestamp    = {Thu, 22 Aug 2024 20:25:12 +0200},
  biburl       = {https://dblp.org/rec/journals/cg/PngAG24.bib},
  bibsource    = {dblp computer science bibliography, https://dblp.org}
}

@inproceedings{Step-aware,
  author       = {Zhanjie Zhang and
                  Quanwei Zhang and
                  Huaizhong Lin and
                  Wei Xing and
                  Juncheng Mo and
                  Shuaicheng Huang and
                  Jinheng Xie and
                  Guangyuan Li and
                  Junsheng Luan and
                  Lei Zhao and
                  Dalong Zhang and
                  Lixia Chen},
  title        = {Towards Highly Realistic Artistic Style Transfer via Stable Diffusion
                  with Step-aware and Layer-aware Prompt},
  booktitle    = {Proceedings of the Thirty-Third International Joint Conference on
                  Artificial Intelligence, {IJCAI} 2024, Jeju, South Korea, August 3-9,
                  2024},
  pages        = {7814--7822},
  year         = {2024},
  url          = {https://www.ijcai.org/proceedings/2024/865},
note={Accessed: 2025-02-13}
}

@inproceedings{Style_injection,
  author       = {Jiwoo Chung and
                  Sangeek Hyun and
                  Jae{-}Pil Heo},
  title        = {Style Injection in Diffusion: {A} Training-Free Approach for Adapting
                  Large-Scale Diffusion Models for Style Transfer},
  booktitle    = {{IEEE/CVF} Conference on Computer Vision and Pattern Recognition,
                  {CVPR} 2024, Seattle, WA, USA, June 16-22, 2024},
  pages        = {8795--8805},
  year         = {2024},
  url          = {},
  doi          = {10.1109/CVPR52733.2024.00840}
}
%https://doi.org/10.1109/CVPR52733.2024.00840

@inproceedings{ArtBank,
  author       = {Zhanjie Zhang and
                  Quanwei Zhang and
                  Wei Xing and
                  Guangyuan Li and
                  Lei Zhao and
                  Jiakai Sun and
                  Zehua Lan and
                  Junsheng Luan and
                  Yiling Huang and
                  Huaizhong Lin},
  title        = {ArtBank: Artistic Style Transfer with Pre-trained Diffusion Model
                  and Implicit Style Prompt Bank},
  booktitle    = {Thirty-Eighth {AAAI} Conference on Artificial Intelligence, {AAAI}
                  2024, Thirty-Sixth Conference on Innovative Applications of Artificial
                  Intelligence, {IAAI} 2024, Fourteenth Symposium on Educational Advances
                  in Artificial Intelligence, {EAAI} 2014, February 20-27, 2024, Vancouver,
                  Canada},
  pages        = {7396--7404},
  year         = {2024},
  url          = {},
  doi          = {10.1609/AAAI.V38I7.28570}
}
%https://doi.org/10.1609/aaai.v38i7.28570

@article{SGMD,
  author       = {Yifei Xu and
                  Xiaolong Xu and
                  Honghao Gao and
                  Fu Xiao},
  title        = {{SGDM:} An Adaptive Style-Guided Diffusion Model for Personalized
                  Text to Image Generation},
  journal      = {{IEEE} Trans. Multim.},
  volume       = {26},
  pages        = {9804--9813},
  year         = {2024},
  url          = {https://doi.org/10.1109/TMM.2024.3399075},
  doi          = {10.1109/TMM.2024.3399075}
}

@article{emergent,
  author       = {Jason Wei and
                  Yi Tay and
                  Rishi Bommasani and
                  Colin Raffel and
                  Barret Zoph and
                  Sebastian Borgeaud and
                  Dani Yogatama and
                  Maarten Bosma and
                  Denny Zhou and
                  Donald Metzler and
                  Ed H. Chi and
                  Tatsunori Hashimoto and
                  Oriol Vinyals and
                  Percy Liang and
                  Jeff Dean and
                  William Fedus},
  title        = {Emergent Abilities of Large Language Models},
  journal      = {Trans. Mach. Learn. Res.},
  volume       = {2022},
  year         = {2022},
  url          = {https://openreview.net/forum?id=yzkSU5zdwD},
note={Accessed: 2025-02-13}
}

@inproceedings{emergent_mirage,
  author       = {Rylan Schaeffer and
                  Brando Miranda and
                  Sanmi Koyejo},
  title        = {Are Emergent Abilities of Large Language Models a Mirage?},
  booktitle    = {Advances in Neural Information Processing Systems 36: Annual Conference
                  on Neural Information Processing Systems 2023, NeurIPS 2023, New Orleans,
                  LA, USA, December 10 - 16, 2023},
  year         = {2023},
  url          = {http://papers.nips.cc/paper\_files/paper/2023/hash/adc98a266f45005c403b8311ca7e8bd7-Abstract-Conference.html},
note={Accessed: 2025-02-13}
}

@inproceedings{predictability_and_surprise,
  author       = {Deep Ganguli and
                  Danny Hernandez and
                  Liane Lovitt and
                  Amanda Askell and
                  Yuntao Bai and
                  Anna Chen and
                  Tom Conerly and
                  Nova DasSarma and
                  Dawn Drain and
                  Nelson Elhage and
                  Sheer El Showk and
                  Stanislav Fort and
                  Zac Hatfield{-}Dodds and
                  Tom Henighan and
                  Scott Johnston and
                  Andy Jones and
                  Nicholas Joseph and
                  Jackson Kernian and
                  Shauna Kravec and
                  Ben Mann and
                  Neel Nanda and
                  Kamal Ndousse and
                  Catherine Olsson and
                  Daniela Amodei and
                  Tom B. Brown and
                  Jared Kaplan and
                  Sam McCandlish and
                  Christopher Olah and
                  Dario Amodei and
                  Jack Clark},
  title        = {Predictability and Surprise in Large Generative Models},
  booktitle    = {FAccT '22: 2022 {ACM} Conference on Fairness, Accountability, and
                  Transparency, Seoul, Republic of Korea, June 21 - 24, 2022},
  pages        = {1747--1764},
  year         = {2022},
  url          = {https://doi.org/10.1145/3531146.3533229},
  doi          = {10.1145/3531146.3533229},
  timestamp    = {Sat, 03 Feb 2024 17:46:05 +0100},
  biburl       = {https://dblp.org/rec/conf/fat/GanguliHLABCCDD22.bib},
  bibsource    = {dblp computer science bibliography, https://dblp.org}
}
@proceedings{DBLP:conf/fat/2022,
  title        = {FAccT '22: 2022 {ACM} Conference on Fairness, Accountability, and
                  Transparency, Seoul, Republic of Korea, June 21 - 24, 2022},
  publisher    = {{ACM}},
  year         = {2022},
  url          = {https://doi.org/10.1145/3531146},
  doi          = {10.1145/3531146},
  isbn         = {978-1-4503-9352-2}
}

@article{loss_perspective,
  author       = {Zhengxiao Du and
                  Aohan Zeng and
                  Yuxiao Dong and
                  Jie Tang},
  title        = {Understanding Emergent Abilities of Language Models from the Loss
                  Perspective},
  journal      = {CoRR},
  volume       = {abs/2403.15796},
  year         = {2024},
  url          = {},
  doi          = {10.48550/ARXIV.2403.15796},
  eprinttype    = {arXiv}
}
%https://doi.org/10.48550/arXiv.2403.15796

@inproceedings{few-shot,
  author       = {Tom B. Brown and
                  Benjamin Mann and
                  Nick Ryder and
                  Melanie Subbiah and
                  Jared Kaplan and
                  Prafulla Dhariwal and
                  Arvind Neelakantan and
                  Pranav Shyam and
                  Girish Sastry and
                  Amanda Askell and
                  Sandhini Agarwal and
                  Ariel Herbert{-}Voss and
                  Gretchen Krueger and
                  Tom Henighan and
                  Rewon Child and
                  Aditya Ramesh and
                  Daniel M. Ziegler and
                  Jeffrey Wu and
                  Clemens Winter and
                  Christopher Hesse and
                  Mark Chen and
                  Eric Sigler and
                  Mateusz Litwin and
                  Scott Gray and
                  Benjamin Chess and
                  Jack Clark and
                  Christopher Berner and
                  Sam McCandlish and
                  Alec Radford and
                  Ilya Sutskever and
                  Dario Amodei},
  title        = {Language Models are Few-Shot Learners},
  booktitle    = {Advances in Neural Information Processing Systems 33: Annual Conference
                  on Neural Information Processing Systems 2020, NeurIPS 2020, December
                  6-12, 2020, virtual},
  year         = {2020},
  url          = {https://proceedings.neurips.cc/paper/2020/hash/1457c0d6bfcb4967418bfb8ac142f64a-Abstract.html},
note={Accessed: 2025-02-13}
}

@inproceedings{Patel_Pavlick,
  author       = {Roma Patel and
                  Ellie Pavlick},
  title        = {Mapping Language Models to Grounded Conceptual Spaces},
  booktitle    = {The Tenth International Conference on Learning Representations, {ICLR}
                  2022, Virtual Event, April 25-29, 2022},
  year         = {2022},
  url          = {https://openreview.net/forum?id=gJcEM8sxHK},
note={Accessed: 2025-02-13}
}

@article{PaLM,
  author       = {Aakanksha Chowdhery and
                  Sharan Narang and
                  Jacob Devlin and
                  Maarten Bosma and
                  Gaurav Mishra and
                  Adam Roberts and
                  Paul Barham and
                  Hyung Won Chung and
                  Charles Sutton and
                  Sebastian Gehrmann and
                  Parker Schuh and
                  Kensen Shi and
                  Sasha Tsvyashchenko and
                  Joshua Maynez and
                  Abhishek Rao and
                  Parker Barnes and
                  Yi Tay and
                  Noam Shazeer and
                  Vinodkumar Prabhakaran and
                  Emily Reif and
                  Nan Du and
                  Ben Hutchinson and
                  Reiner Pope and
                  James Bradbury and
                  Jacob Austin and
                  Michael Isard and
                  Guy Gur{-}Ari and
                  Pengcheng Yin and
                  Toju Duke and
                  Anselm Levskaya and
                  Sanjay Ghemawat and
                  Sunipa Dev and
                  Henryk Michalewski and
                  Xavier Garcia and
                  Vedant Misra and
                  Kevin Robinson and
                  Liam Fedus and
                  Denny Zhou and
                  Daphne Ippolito and
                  David Luan and
                  Hyeontaek Lim and
                  Barret Zoph and
                  Alexander Spiridonov and
                  Ryan Sepassi and
                  David Dohan and
                  Shivani Agrawal and
                  Mark Omernick and
                  Andrew M. Dai and
                  Thanumalayan Sankaranarayana Pillai and
                  Marie Pellat and
                  Aitor Lewkowycz and
                  Erica Moreira and
                  Rewon Child and
                  Oleksandr Polozov and
                  Katherine Lee and
                  Zongwei Zhou and
                  Xuezhi Wang and
                  Brennan Saeta and
                  Mark Diaz and
                  Orhan Firat and
                  Michele Catasta and
                  Jason Wei and
                  Kathy Meier{-}Hellstern and
                  Douglas Eck and
                  Jeff Dean and
                  Slav Petrov and
                  Noah Fiedel},
  title        = {PaLM: Scaling Language Modeling with Pathways},
  journal      = {J. Mach. Learn. Res.},
  volume       = {24},
  pages        = {240:1--240:113},
  year         = {2023},
  url          = {http://jmlr.org/papers/v24/22-1144.html},
note={Accessed: 2025-02-13}
}

@inproceedings{Chain_of_thought,
  author       = {Jason Wei and
                  Xuezhi Wang and
                  Dale Schuurmans and
                  Maarten Bosma and
                  Brian Ichter and
                  Fei Xia and
                  Ed H. Chi and
                  Quoc V. Le and
                  Denny Zhou},
  title        = {Chain-of-Thought Prompting Elicits Reasoning in Large Language Models},
  booktitle    = {Advances in Neural Information Processing Systems 35: Annual Conference
                  on Neural Information Processing Systems 2022, NeurIPS 2022, New Orleans,
                  LA, USA, November 28 - December 9, 2022},
  year         = {2022},
  url          = {http://papers.nips.cc/paper\_files/paper/2022/hash/9d5609613524ecf4f15af0f7b31abca4-Abstract-Conference.html},
note={Accessed: 2025-02-13}
}

@inproceedings{tree_of_thoughts,
  author       = {Shunyu Yao and
                  Dian Yu and
                  Jeffrey Zhao and
                  Izhak Shafran and
                  Tom Griffiths and
                  Yuan Cao and
                  Karthik Narasimhan},
  title        = {Tree of Thoughts: Deliberate Problem Solving with Large Language Models},
  booktitle    = {Advances in Neural Information Processing Systems 36: Annual Conference
                  on Neural Information Processing Systems 2023, NeurIPS 2023, New Orleans,
                  LA, USA, December 10 - 16, 2023},
  year         = {2023},
  url          = {http://papers.nips.cc/paper\_files/paper/2023/hash/271db9922b8d1f4dd7aaef84ed5ac703-Abstract-Conference.html},
note={Accessed: 2025-02-13}
}

@article{can_reason,
  author       = {Subbarao Kambhampati},
  title        = {Can Large Language Models Reason and Plan?},
  journal      = {CoRR},
  volume       = {abs/2403.04121},
  year         = {2024},
  url          = {https://doi.org/10.48550/arXiv.2403.04121},
  doi          = {10.48550/ARXIV.2403.04121},
  eprinttype    = {arXiv},
  eprint       = {2403.04121},
  timestamp    = {Wed, 03 Apr 2024 15:23:01 +0200},
  biburl       = {https://dblp.org/rec/journals/corr/abs-2403-04121.bib},
  bibsource    = {dblp computer science bibliography, https://dblp.org}
}

@article{chemero2023llms,
  title={LLMs differ from human cognition because they are not embodied},
  author={Chemero, Anthony},
  journal={Nature Human Behaviour},
  volume={7},
  number={11},
  pages={1828--1829},
  year={2023},
  publisher={Nature Publishing Group UK London}
}

@inproceedings{stochastic_parrot,
  author       = {Emily M. Bender and
                  Timnit Gebru and
                  Angelina McMillan{-}Major and
                  Shmargaret Shmitchell},
  title        = {On the Dangers of Stochastic Parrots: Can Language Models Be Too Big?},
  booktitle    = {FAccT '21: 2021 {ACM} Conference on Fairness, Accountability, and
                  Transparency, Virtual Event / Toronto, Canada, March 3-10, 2021},
  pages        = {610--623},
  year         = {2021},
  url          = {https://doi.org/10.1145/3442188.3445922},
  doi          = {10.1145/3442188.3445922},
  timestamp    = {Fri, 05 May 2023 15:54:55 +0200},
  biburl       = {https://dblp.org/rec/conf/fat/BenderGMS21.bib},
  bibsource    = {dblp computer science bibliography, https://dblp.org}
}

@article{artbench_dataset,
  author       = {Peiyuan Liao and
                  Xiuyu Li and
                  Xihui Liu and
                  Kurt Keutzer},
  title        = {The ArtBench Dataset: Benchmarking Generative Models with Artworks},
  journal      = {CoRR},
  volume       = {abs/2206.11404},
  year         = {2022},
  url          = {https://doi.org/10.48550/arXiv.2206.11404},
  doi          = {10.48550/ARXIV.2206.11404},
  eprinttype    = {arXiv},
  eprint       = {2206.11404},
  timestamp    = {Mon, 27 Jun 2022 16:51:57 +0200},
  biburl       = {https://dblp.org/rec/journals/corr/abs-2206-11404.bib},
  bibsource    = {dblp computer science bibliography, https://dblp.org}
}

@inproceedings{art500k_dataset,
  author       = {Hui Mao and
                  Ming Cheung and
                  James She},
  editor       = {Qiong Liu and
                  Rainer Lienhart and
                  Haohong Wang and
                  Sheng{-}Wei "Kuan{-}Ta" Chen and
                  Susanne Boll and
                  Yi{-}Ping Phoebe Chen and
                  Gerald Friedland and
                  Jia Li and
                  Shuicheng Yan},
  title        = {DeepArt: Learning Joint Representations of Visual Arts},
  booktitle    = {Proceedings of the 2017 {ACM} on Multimedia Conference, {MM} 2017,
                  Mountain View, CA, USA, October 23-27, 2017},
  pages        = {1183--1191},
  publisher    = {{ACM}},
  year         = {2017},
  url          = {https://doi.org/10.1145/3123266.3123405},
  doi          = {10.1145/3123266.3123405},
  timestamp    = {Tue, 30 Jul 2024 20:52:04 +0200},
  biburl       = {https://dblp.org/rec/conf/mm/MaoCS17.bib},
  bibsource    = {dblp computer science bibliography, https://dblp.org}
}

@article{art500k_dataset_usage,
  author       = {Hui Mao and
                  James She and
                  Ming Cheung},
  title        = {Visual Arts Search on Mobile Devices},
  journal      = {{ACM} Trans. Multim. Comput. Commun. Appl.},
  volume       = {15},
  number       = {2s},
  pages        = {60:1--60:23},
  year         = {2019},
  url          = {https://doi.org/10.1145/3326336},
  doi          = {10.1145/3326336},
  timestamp    = {Wed, 18 Jan 2023 15:49:36 +0100},
  biburl       = {https://dblp.org/rec/journals/tomccap/MaoSC19.bib},
  bibsource    = {dblp computer science bibliography, https://dblp.org}
}

@article{wikiart_dataset_usage,
  author       = {Wei Ren Tan and
                  Chee Seng Chan and
                  Hern{\'{a}}n E. Aguirre and
                  Kiyoshi Tanaka},
  title        = {Improved ArtGAN for Conditional Synthesis of Natural Image and Artwork},
  journal      = {{IEEE} Trans. Image Process.},
  volume       = {28},
  number       = {1},
  pages        = {394--409},
  year         = {2019},
  url          = {https://doi.org/10.1109/TIP.2018.2866698},
  doi          = {10.1109/TIP.2018.2866698},
  timestamp    = {Sat, 30 May 2020 19:54:52 +0200},
  biburl       = {https://dblp.org/rec/journals/tip/TanCAT19.bib},
  bibsource    = {dblp computer science bibliography, https://dblp.org}
}

@article{cfg_scale,
  author       = {Jonathan Ho and
                  Tim Salimans},
  title        = {Classifier-Free Diffusion Guidance},
  journal      = {CoRR},
  volume       = {abs/2207.12598},
  year         = {2022},
  url          = {https://doi.org/10.48550/arXiv.2207.12598},
  doi          = {10.48550/ARXIV.2207.12598},
  eprinttype    = {arXiv},
  eprint       = {2207.12598},
  timestamp    = {Mon, 01 Aug 2022 16:59:42 +0200},
  biburl       = {https://dblp.org/rec/journals/corr/abs-2207-12598.bib},
  bibsource    = {dblp computer science bibliography, https://dblp.org}
}

@article{img2img_turbo_i2i,
  author       = {Gaurav Parmar and
                  Taesung Park and
                  Srinivasa Narasimhan and
                  Jun{-}Yan Zhu},
  title        = {One-Step Image Translation with Text-to-Image Models},
  journal      = {CoRR},
  volume       = {abs/2403.12036},
  year         = {2024},
  url          = {},
  doi          = {10.48550/ARXIV.2403.12036},
  eprinttype    = {arXiv},
  timestamp    = {Mon, 08 Apr 2024 18:24:51 +0200},
  biburl       = {https://dblp.org/rec/journals/corr/abs-2403-12036.bib},
  bibsource    = {dblp computer science bibliography, https://dblp.org}
}
%https://doi.org/10.48550/arXiv.2403.12036

-----------------------------------------------------------------------------------------------------------------------------------------------------------

OmniGen

@article{omnigen_t2i,
  author       = {Shitao Xiao and
                  Yueze Wang and
                  Junjie Zhou and
                  Huaying Yuan and
                  Xingrun Xing and
                  Ruiran Yan and
                  Shuting Wang and
                  Tiejun Huang and
                  Zheng Liu},
  title        = {OmniGen: Unified Image Generation},
  journal      = {CoRR},
  volume       = {abs/2409.11340},
  year         = {2024},
  url          = {},
  doi          = {10.48550/ARXIV.2409.11340},
  eprinttype    = {arXiv},
  timestamp    = {Fri, 18 Oct 2024 20:46:01 +0200},
  biburl       = {https://dblp.org/rec/journals/corr/abs-2409-11340.bib},
  bibsource    = {dblp computer science bibliography, https://dblp.org}
}
%https://doi.org/10.48550/arXiv.2409.11340

--------------------------------------------------------------------------------------------------------------------------------------------------------------

stable diffusion 3.5 large

@article{stable_diffusion_3_5_large_t2i,
  author       = {Patrick Esser and
                  Sumith Kulal and
                  Andreas Blattmann and
                  Rahim Entezari and
                  Jonas M{\"{u}}ller and
                  Harry Saini and
                  Yam Levi and
                  Dominik Lorenz and
                  Axel Sauer and
                  Frederic Boesel and
                  Dustin Podell and
                  Tim Dockhorn and
                  Zion English and
                  Kyle Lacey and
                  Alex Goodwin and
                  Yannik Marek and
                  Robin Rombach},
  title        = {Scaling Rectified Flow Transformers for High-Resolution Image Synthesis},
  journal      = {CoRR},
  volume       = {abs/2403.03206},
  year         = {2024},
  url          = {},
  doi          = {10.48550/ARXIV.2403.03206},
  eprinttype    = {arXiv},
  timestamp    = {Wed, 03 Apr 2024 15:23:01 +0200},
  biburl       = {https://dblp.org/rec/journals/corr/abs-2403-03206.bib},
  bibsource    = {dblp computer science bibliography, https://dblp.org}
}
%https://doi.org/10.48550/arXiv.2403.03206

--------------------------------------------------------------------------------------------------------------------------------------------------------------

Instruct pix2pix: a img2img model developed by Tim Brooks et al at UC Berkeley.

@article{instruct_pix2pix_i2i,
  author       = {Tim Brooks and
                  Aleksander Holynski and
                  Alexei A. Efros},
  title        = {InstructPix2Pix: Learning to Follow Image Editing Instructions},
  journal      = {CoRR},
  volume       = {abs/2211.09800},
  year         = {2022},
  url          = {},
  doi          = {10.48550/ARXIV.2211.09800},
  eprinttype    = {arXiv},
  timestamp    = {Thu, 24 Nov 2022 15:52:33 +0100},
  biburl       = {https://dblp.org/rec/journals/corr/abs-2211-09800.bib},
  bibsource    = {dblp computer science bibliography, https://dblp.org}
}
%https://doi.org/10.48550/arXiv.2211.09800

Original pix2pix paper by Phillip Isola

@inproceedings{pix2pix,
  author       = {Phillip Isola and
                  Jun{-}Yan Zhu and
                  Tinghui Zhou and
                  Alexei A. Efros},
  title        = {Image-to-Image Translation with Conditional Adversarial Networks},
  booktitle    = {2017 {IEEE} Conference on Computer Vision and Pattern Recognition,
                  {CVPR} 2017, Honolulu, HI, USA, July 21-26, 2017},
  pages        = {5967--5976},
  publisher    = {{IEEE} Computer Society},
  year         = {2017},
  url          = {https://doi.org/10.1109/CVPR.2017.632},
  doi          = {10.1109/CVPR.2017.632},
  timestamp    = {Fri, 24 Mar 2023 00:02:57 +0100},
  biburl       = {https://dblp.org/rec/conf/cvpr/IsolaZZE17.bib},
  bibsource    = {dblp computer science bibliography, https://dblp.org}
}

--------------------------------------------------------------------------------------------------------------------------------------------------------------

stable diffusion image variations: 
Latent diffusion models introduction 

--------------------------------------------------------------

FLUX.1-schnell: a txt2img model developed by Black Forest Labs.
@misc{flux_schnell,
  author = {Black Forest Labs},
  title = {Announcing Black Forest Labs},
  year = {2024},
  url = {https://blackforestlabs.ai/announcing-black-forest-labs/},
  note = {Accessed: 2025-01-11}
}

---------------
Flux 1.1 Pro

@misc{flux2023,
  author = {Black Forest Labs},
  title = {Announcing FLUX 1.1 Pro and the BFL API},
  year = {2023},
  url = {https://blackforestlabs.ai/announcing-flux-1-1-pro-and-the-bfl-api/},
  note = {Accessed: 2024-11-18}
}

-----------------
Adobe Firefly Image 3

@misc{adobe2024,
  author = {Adobe},
  title = {Adobe advances creative ideation with the new Firefly Image 3 Model},
  year = {2024},
  month = apr,
  day = {23},
  url = {https://blog.adobe.com/en/publish/2024/04/23/adobe-advances-creative-ideation-with-new-firefly-image-3-model},
  note = {Accessed: 2024-11-18}
}

------------------

@misc{stabilityai2023,
  author = {Stability AI},
  title = {Stability AI releases DeepFloyd IF, a powerful text-to-image model that can smartly integrate text into images},
  year = {2023},
  month = apr,
  day = {28},
  url = {https://stability.ai/news/deepfloyd-if-text-to-image-model},
  note = {Accessed: 2024-11-18}
}

-------------

@misc{leonardo2024,
  author = {Leonardo.Ai},
  title = {Introducing Phoenix by Leonardo.Ai},
  year = {2024},
  month = oct,
  day = {15},
  url = {https://leonardo.ai/phoenix/},
  note = {Accessed: 2024-11-18}
}

---------------

@misc{midjourney2024,
  author = {Midjourney},
  title = {Version 6.1},
  year = {2024},
  month = jul,
  day = {30},
  url = {https://updates.midjourney.com/version-6-1/},
  note = {Accessed: 2024-11-18}
}

----------------
QK Normalization
@inproceedings{QK_normalization,
  author       = {Alex Henry and
                  Prudhvi Raj Dachapally and
                  Shubham Shantaram Pawar and
                  Yuxuan Chen},
  editor       = {Trevor Cohn and
                  Yulan He and
                  Yang Liu},
  title        = {Query-Key Normalization for Transformers},
  booktitle    = {Findings of the Association for Computational Linguistics: {EMNLP}
                  2020, Online Event, 16-20 November 2020},
  series       = {Findings of {ACL}},
  volume       = {{EMNLP} 2020},
  pages        = {4246--4253},
  publisher    = {Association for Computational Linguistics},
  address = {\hspace{0pt}},
  year         = {2020},
  url          = {},
  doi          = {10.18653/V1/2020.FINDINGS-EMNLP.379},
  timestamp    = {Tue, 20 Aug 2024 07:54:42 +0200},
  biburl       = {https://dblp.org/rec/conf/emnlp/HenryDPC20.bib},
  bibsource    = {dblp computer science bibliography, https://dblp.org}
}
%https://doi.org/10.18653/v1/2020.findings-emnlp.379

-----------------------------------------------------
@misc{autoaesthetics,
  author = {Neural.love},
  title = {AI Art Revolution: Introducing Auto-Aesthetics for Personalized Gen AI experience},
  year = {2024},
  month = aug,
  day = {14},
  url = {https://neural.love/blog/auto-aesthetics-v1-ai-art-revolution},
  note = {Accessed: 2024-08-14}
}

----------------------------------------------------
@article{gpt4o_technical,
  author       = {OpenAI},
  title        = {{GPT-4} Technical Report},
  journal      = {CoRR},
  volume       = {abs/2303.08774},
  year         = {2023},
  url          = {https://doi.org/10.48550/arXiv.2303.08774},
  doi          = {10.48550/ARXIV.2303.08774},
  eprinttype    = {arXiv},
  eprint       = {2303.08774},
  timestamp    = {Mon, 28 Aug 2023 21:26:19 +0200},
  biburl       = {https://dblp.org/rec/journals/corr/abs-2303-08774.bib},
  bibsource    = {dblp computer science bibliography, https://dblp.org}
}

-----------------------------------------------------
@misc{ideogram,
  author = {Ideogram},
  title = {Ideogram 1.0},
  year = {2024},
  month = feb,
  day = {28},
  url = {https://about.ideogram.ai/1.0},
  note = {Accessed: 2024-02-28}
}

-------------------------------------------------------
@misc{nga_real_dataset,
  author = {National Gallery of Art},
  title = {National Gallery of Art Open Data Program},
  year = {2024},
  month = jan,
  day = {29},
  url = {https://www.nga.gov/open-access-images/open-data.html},
  note = {Accessed: 2024-01-29}
}
-------------------------------------------------------
@article{designing-barros,
  author       = {M{\'{a}}rio Barros and
                  Qi Ai},
  title        = {Designing with words: exploring the integration of text-to-image models
                  in industrial design},
  journal      = {Digit. Creativity},
  volume       = {35},
  number       = {4},
  pages        = {378--391},
  year         = {2024},
  url          = {https://doi.org/10.1080/14626268.2024.2411223},
  doi          = {10.1080/14626268.2024.2411223}
}

@inproceedings{GameDesign,
  author       = {Hongwei Zhou and
                  Jichen Zhu and
                  Michael Mateas and
                  Noah Wardrip{-}Fruin},
  editor       = {Gillian Smith and
                  Jim Whitehead and
                  Ben Samuel and
                  Katta Spiel and
                  Riemer van Rozen},
  title        = {The Eyes, the Hands and the Brain: What can Text-to-Image Models Offer
                  for Game Design and Visual Creativity?},
  booktitle    = {Proceedings of the 19th International Conference on the Foundations
                  of Digital Games, {FDG} 2024, Worcester, MA, USA, May 21-24, 2024},
  pages        = {23},
  publisher    = {{ACM}},
  address = {\hspace{0pt}},
  year         = {2024},
  url          = {https://doi.org/10.1145/3649921.3650001},
note={Accessed: 2025-02-13}
}

@inproceedings{inspiring-Haase,
  author       = {Jennifer Haase and
                  Djordje Djurica and
                  Jan Mendling},
  editor       = {Paul A. Pavlou and
                  Vishal Midha and
                  Animesh Animesh and
                  Traci A. Carte and
                  Alexandre R. Graeml and
                  Alanah Mitchell},
  title        = {The Art of Inspiring Creativity: Exploring the Unique Impact of AI-generated
                  Images},
  booktitle    = {29th Americas Conference on Information Systems, {AMCIS} 2023, Panama
                  City, Panama, August 10-12, 2023},
  publisher    = {Association for Information Systems},
  address = {\hspace{0pt}},
  year         = {2023},
  url          = {https://aisel.aisnet.org/amcis2023/sig\_aiaa/sig\_aiaa/10},
note={Accessed: 2025-02-13}
}

@article{craft-edu,
  author       = {Henriikka Vartiainen and
                  Matti Tedre},
  title        = {Using artificial intelligence in craft education: crafting with text-to-image
                  generative models},
  journal      = {Digit. Creativity},
  volume       = {34},
  number       = {1},
  pages        = {1--21},
  year         = {2023},
  url          = {https://doi.org/10.1080/14626268.2023.2174557},
note={Accessed: 2025-02-13}
}

@article{evaluation-metrics,
  author       = {Boheng Wang and
                  Yunhuai Zhu and
                  Liuqing Chen and
                  Jingcheng Liu and
                  Lingyun Sun and
                  Peter R. N. Childs},
  title        = {A study of the evaluation metrics for generative images containing
                  combinational creativity},
  journal      = {Artif. Intell. Eng. Des. Anal. Manuf.},
  volume       = {37},
  year         = {2023},
  url          = {https://doi.org/10.1017/s0890060423000069},
note={Accessed: 2025-02-13}
}

#cognition


#education

#prompt engineering
@inproceedings{prompts-Qiao,
  author       = {Han Qiao and
                  Vivian Liu and
                  Lydia B. Chilton},
  title        = {Initial Images: Using Image Prompts to Improve Subject Representation
                  in Multimodal {AI} Generated Art},
  booktitle    = {C{\&}C '22: Creativity and Cognition, Venice, Italy, June 20 -
                  23, 2022},
  pages        = {15--28},
  publisher    = {{ACM}},
  year         = {2022},
  url          = {https://doi.org/10.1145/3527927.3532792},
note={Accessed: 2025-02-13}
}

@inproceedings{prompts-Oppenlaendr,
  author       = {Jonas Oppenlaender},
  title        = {The Creativity of Text-to-Image Generation},
  booktitle    = {25th International Academic Mindtrek conference, Academic Mindtrek
                  2022, Tampere, Finland, November 16-18, 2022},
  pages        = {192--202},
  publisher    = {{ACM}},
  address = {\hspace{0pt}},
  year         = {2022},
  url          = {},
  doi          = {10.1145/3569219.3569352},
  timestamp    = {Mon, 05 Dec 2022 13:35:42 +0100},
  biburl       = {https://dblp.org/rec/conf/mindtrek/Oppenlaender22a.bib},
  bibsource    = {dblp computer science bibliography, https://dblp.org}
}
%https://doi.org/10.1145/3569219.3569352

@inproceedings{prompts-Sanchez23,
  author       = {T{\'{e}}o Sanchez},
  title        = {Examining the Text-to-Image Community of Practice: Why and How do
                  People Prompt Generative AIs?},
  booktitle    = {Creativity and Cognition, C{\&}C 2023, Virtual Event, USA, June
                  19-21, 2023},
  pages        = {43--61},
  publisher    = {{ACM}},
  address = {\hspace{0pt}},
  year         = {2023},
  url          = {https://doi.org/10.1145/3591196.3593051},
note={Accessed: 2025-02-13}

}

@article{optimizing-prompts,
  author       = {Seunghun Lee and
                  Jihoon Lee and
                  Chan Ho Bae and
                  Myung{-}Seok Choi and
                  Ryong Lee and
                  Sangtae Ahn},
  title        = {Optimizing Prompts Using In-Context Few-Shot Learning for Text-to-Image
                  Generative Models},
  journal      = {{IEEE} Access},
  volume       = {12},
  pages        = {2660--2673},
  year         = {2024},
  url          = {https://doi.org/10.1109/ACCESS.2023.3348778},
note={Accessed: 2025-02-13}

}

@misc{Adobe, 
title={Adobe introduces Firefly Image 3 Foundation model to take Creative Exploration and ideation to new heights}, 
url={https://news.adobe.com/news/news-details/2024/adobe-introduces-firefly-image-3-foundation-model-to-take-creative-exploration-and-ideation-to-new-heights}, 
journal={Adobe News}, 
year= {2024},
author={Adobe}, note={Accessed: 2025-02-13}} 

@article{kolors,
  title={Kolors: Effective Training of Diffusion Model for Photorealistic Text-to-Image Synthesis},
  author={Kolors Team},
  journal={arXiv preprint},
  year={2024}
}


@misc{NeuralLoveAI_2024, 
title={Ai art revolution: Introducing auto-aesthetics for personalized gen AI experience}, 
url={https://neural.love/blog/auto-aesthetics-v1-ai-art-revolution}, 
journal={Introducing auto-aesthetics for personalized gen AI experience}, author={Neural Love AI}, 
year={2024}, 
month={Aug}, note = {Accessed: 2025-02-13}} 
