@article{FSIM,
  author       = {Lin Zhang and
                  Lei Zhang and
                  Xuanqin Mou and
                  David Zhang},
  title        = {{FSIM:} {A} Feature Similarity Index for Image Quality Assessment},
  journal      = {{IEEE} Trans. Image Process.},
  volume       = {20},
  number       = {8},
  pages        = {2378--2386},
  year         = {2011},
  url          = {https://doi.org/10.1109/TIP.2011.2109730},
  doi          = {10.1109/TIP.2011.2109730}
}

@inproceedings{LPIPS,
  author       = {Richard Zhang and
                  Phillip Isola and
                  Alexei A. Efros and
                  Eli Shechtman and
                  Oliver Wang},
  title        = {The Unreasonable Effectiveness of Deep Features as a Perceptual Metric},
  booktitle    = {2018 {IEEE} Conference on Computer Vision and Pattern Recognition,
                  {CVPR} 2018, Salt Lake City, UT, USA, June 18-22, 2018},
  pages        = {586--595},
  publisher    = {Computer Vision Foundation / {IEEE} Computer Society},
  year         = {2018},
  url          = {http://openaccess.thecvf.com/content\_cvpr\_2018/html/Zhang\_The\_Unreasonable\_Effectiveness\_CVPR\_2018\_paper.html},
  doi          = {10.1109/CVPR.2018.00068}
}

@inproceedings{stable-diffusion,
  title={High-resolution image synthesis with latent diffusion models},
  author={Rombach, Robin and Blattmann, Andreas and Lorenz, Dominik and Esser, Patrick and Ommer, Bj{\"o}rn},
  booktitle={Proceedings of the IEEE/CVF Conference on Computer Vision and Pattern Recognition},
  pages={10684--10695},
  year={2022}
}

@inproceedings{conditioning_denoising,
  author    = {Jooyoung Choi and
               Sungwon Kim and
               Yonghyun Jeong and
               Youngjune Gwon and
               Sungroh Yoon},
  title     = {{ILVR:} Conditioning Method for Denoising Diffusion Probabilistic
               Models},
  booktitle = {2021 {IEEE/CVF} International Conference on Computer Vision, {ICCV}
               2021, Montreal, QC, Canada, October 10-17, 2021},
  pages     = {14347--14356},
  year      = {2021},
  url       = {https://doi.org/10.1109/ICCV48922.2021.01410},
  doi       = {10.1109/ICCV48922.2021.01410}
}

@article{Diffusion_latent_space,
  author    = {Mingi Kwon and
               Jaeseok Jeong and
               Youngjung Uh},
  title     = {Diffusion Models already have a Semantic Latent Space},
  journal   = {CoRR},
  volume    = {abs/2210.10960},
  year      = {2022},
  url       = {https://doi.org/10.48550/arXiv.2210.10960},
  doi       = {10.48550/arXiv.2210.10960},
  eprinttype = {arXiv},
  eprint    = {2210.10960}
}

@inproceedings{DDPM,
  author    = {Jonathan Ho and
               Ajay Jain and
               Pieter Abbeel},
  editor    = {Hugo Larochelle and
               Marc'Aurelio Ranzato and
               Raia Hadsell and
               Maria{-}Florina Balcan and
               Hsuan{-}Tien Lin},
  title     = {Denoising Diffusion Probabilistic Models},
  booktitle = {Advances in Neural Information Processing Systems 33: Annual Conference
               on Neural Information Processing Systems 2020, NeurIPS 2020, December
               6-12, 2020, virtual},
  year      = {2020},
  url       = {https://proceedings.neurips.cc/paper/2020/hash/4c5bcfec8584af0d967f1ab10179ca4b-Abstract.html},
note={Accessed: 2025-02-13}
}

@inproceedings{Diff_vs_GAN,
  author    = {Prafulla Dhariwal and
               Alexander Quinn Nichol},
  editor    = {Marc'Aurelio Ranzato and
               Alina Beygelzimer and
               Yann N. Dauphin and
               Percy Liang and
               Jennifer Wortman Vaughan},
  title     = {Diffusion Models Beat GANs on Image Synthesis},
  booktitle = {Advances in Neural Information Processing Systems 34: Annual Conference
               on Neural Information Processing Systems 2021, NeurIPS 2021, December
               6-14, 2021, virtual},
  pages     = {8780--8794},
  year      = {2021},
  url       = {https://proceedings.neurips.cc/paper/2021/hash/49ad23d1ec9fa4bd8d77d02681df5cfa-Abstract.html},
note={Accessed: 2025-02-13}
}

@article{DALLE2,
  title={Hierarchical Text-Conditional Image Generation with CLIP Latents},
  author={Ramesh, Aditya and Dhariwal, Prafulla and Nichol, Alex and Chu, Casey and Chen, Mark},
  journal={arXiv e-prints},
  pages={arXiv--2204},
  year={2022}
}

@inproceedings{CLIP,
  author       = {Alec Radford and
                  Jong Wook Kim and
                  Chris Hallacy and
                  Aditya Ramesh and
                  Gabriel Goh and
                  Sandhini Agarwal and
                  Girish Sastry and
                  Amanda Askell and
                  Pamela Mishkin and
                  Jack Clark and
                  Gretchen Krueger and
                  Ilya Sutskever},
  editor       = {Marina Meila and
                  Tong Zhang},
  title        = {Learning Transferable Visual Models From Natural Language Supervision},
  booktitle    = {Proceedings of the 38th International Conference on Machine Learning,
                  {ICML} 2021, 18-24 July 2021, Virtual Event},
  series       = {Proceedings of Machine Learning Research},
  volume       = {139},
  pages        = {8748--8763},
  publisher    = {{PMLR}},
  address = {\hspace{0pt}},
  year         = {2021},
  url          = {http://proceedings.mlr.press/v139/radford21a.html},
note={Accessed: 2025-02-13}
}

@inproceedings{LoRA,
  author       = {Edward J. Hu and
                  Yelong Shen and
                  Phillip Wallis and
                  Zeyuan Allen{-}Zhu and
                  Yuanzhi Li and
                  Shean Wang and
                  Lu Wang and
                  Weizhu Chen},
  title        = {LoRA: Low-Rank Adaptation of Large Language Models},
  booktitle    = {The Tenth International Conference on Learning Representations, {ICLR}
                  2022, Virtual Event, April 25-29, 2022},
  publisher    = {OpenReview.net},
  address = {\hspace{0pt}},
  year         = {2022},
  url          = {https://openreview.net/forum?id=nZeVKeeFYf9},
note={Accessed: 2025-02-13}
}

@inproceedings{QA-LoRA,
  author       = {Yuhui Xu and
                  Lingxi Xie and
                  Xiaotao Gu and
                  Xin Chen and
                  Heng Chang and
                  Hengheng Zhang and
                  Zhengsu Chen and
                  Xiaopeng Zhang and
                  Qi Tian},
  title        = {QA-LoRA: Quantization-Aware Low-Rank Adaptation of Large Language
                  Models},
  booktitle    = {The Twelfth International Conference on Learning Representations,
                  {ICLR} 2024, Vienna, Austria, May 7-11, 2024},
  publisher    = {OpenReview.net},
  address = {\hspace{0pt}},
  year         = {2024},
  url          = {https://openreview.net/forum?id=WvFoJccpo8},
note={Accessed: 2025-02-13}
}

@inproceedings{Angelo_TOM,
  author       = {X. Angelo Huang and
                  Emanuele La Malfa and
                  Samuele Marro and
                  Andrea Asperti and
                  Anthony G. Cohn and
                  Michael J. Wooldridge},
  editor       = {Yaser Al{-}Onaizan and
                  Mohit Bansal and
                  Yun{-}Nung Chen},
  title        = {A Notion of Complexity for Theory of Mind via Discrete World Models},
  booktitle    = {Findings of the Association for Computational Linguistics: {EMNLP}
                  2024, Miami, Florida, USA, November 12-16, 2024},
  pages        = {2964--2983},
  publisher    = {{Association for Computational Linguistics}},
  address = {\hspace{0pt}},
  year         = {2024},
  url          = {https://aclanthology.org/2024.findings-emnlp.167}
}



@inproceedings{DreamBooth,
  author       = {Nataniel Ruiz and
                  Yuanzhen Li and
                  Varun Jampani and
                  Yael Pritch and
                  Michael Rubinstein and
                  Kfir Aberman},
  title        = {DreamBooth: Fine Tuning Text-to-Image Diffusion Models for Subject-Driven
                  Generation},
  booktitle    = {{IEEE/CVF} Conference on Computer Vision and Pattern Recognition,
                  {CVPR} 2023, Vancouver, BC, Canada, June 17-24, 2023},
  pages        = {22500--22510},
  publisher    = {{IEEE}},
  address = {\hspace{0pt}},
  year         = {2023},
  url          = {},
  doi          = {10.1109/CVPR52729.2023.02155}
}
%https://doi.org/10.1109/CVPR52729.2023.02155

@inproceedings{Multi-concept,
  author       = {Nupur Kumari and
                  Bingliang Zhang and
                  Richard Zhang and
                  Eli Shechtman and
                  Jun{-}Yan Zhu},
  title        = {Multi-Concept Customization of Text-to-Image Diffusion},
  booktitle    = {{IEEE/CVF} Conference on Computer Vision and Pattern Recognition,
                  {CVPR} 2023, Vancouver, BC, Canada, June 17-24, 2023},
  pages        = {1931--1941},
  publisher    = {{IEEE}},
  address = {\hspace{0pt}},
  year         = {2023},
  url          = {},
  doi          = {10.1109/CVPR52729.2023.00192},
  timestamp    = {Mon, 28 Aug 2023 16:14:40 +0200},
  biburl       = {https://dblp.org/rec/conf/cvpr/KumariZ0SZ23.bib},
  bibsource    = {dblp computer science bibliography, https://dblp.org}
}
%https://doi.org/10.1109/CVPR52729.2023.00192



@inproceedings{Imagen,
  author       = {Chitwan Saharia and
                  William Chan and
                  Saurabh Saxena and
                  Lala Li and
                  Jay Whang and
                  Emily L. Denton and
                  Seyed Kamyar Seyed Ghasemipour and
                  Raphael Gontijo Lopes and
                  Burcu Karagol Ayan and
                  Tim Salimans and
                  Jonathan Ho and
                  David J. Fleet and
                  Mohammad Norouzi},
  title        = {Photorealistic Text-to-Image Diffusion Models with Deep Language Understanding},
  booktitle    = {NeurIPS},
  year         = {2022},
  url          = {http://papers.nips.cc/paper\_files/paper/2022/hash/ec795aeadae0b7d230fa35cbaf04c041-Abstract-Conference.html},
note={Accessed: 2025-02-13}
}

@inproceedings{VDM,
  author       = {Jonathan Ho and
                  Tim Salimans and
                  Alexey A. Gritsenko and
                  William Chan and
                  Mohammad Norouzi and
                  David J. Fleet},
  title        = {Video Diffusion Models},
  booktitle    = {NeurIPS},
  year         = {2022},
  url          = {http://papers.nips.cc/paper\_files/paper/2022/hash/39235c56aef13fb05a6adc95eb9d8d66-Abstract-Conference.html},
note={Accessed: 2025-02-13}
}

@inproceedings{DDIM,
  author    = {Jiaming Song and
               Chenlin Meng and
               Stefano Ermon},
  title     = {Denoising Diffusion Implicit Models},
  booktitle = {9th International Conference on Learning Representations, {ICLR} 2021,
               Virtual Event, Austria, May 3-7, 2021},
  publisher = {OpenReview.net},
  address = {\hspace{0pt}},
  year      = {2021},
  url       = {https://openreview.net/forum?id=St1giarCHLP},
note={Accessed: 2025-02-13}
}



%% basic bliblio
@inproceedings{GANs,
  author    = {Ian J. Goodfellow and
               Jean Pouget{-}Abadie and
               Mehdi Mirza and
               Bing Xu and
               David Warde{-}Farley and
               Sherjil Ozair and
               Aaron C. Courville and
               Yoshua Bengio},
  _editor    = {Zoubin Ghahramani and
               Max Welling and
               Corinna Cortes and
               Neil D. Lawrence and
               Kilian Q. Weinberger},
  title     = {Generative Adversarial Nets},
  booktitle = {Advances in Neural Information Processing Systems 27: Annual Conference
               on Neural Information Processing Systems 2014, December 8-13 2014,
               Montreal, Quebec, Canada},
  pages     = {2672--2680},
  year      = {2014},
  url       = {https://proceedings.neurips.cc/paper/2014/hash/5ca3e9b122f61f8f06494c97b1afccf3-Abstract.html},
note={Accessed: 2025-02-13}
}

@article{tutorial-GAN,
  author    = {Ian J. Goodfellow},
  title     = {{NIPS} 2016 Tutorial: Generative Adversarial Networks},
  journal   = {CoRR},
  volume    = {abs/1701.00160},
  year      = {2017},
  url       = {http://arxiv.org/abs/1701.00160},
  archivePrefix = {arXiv},
  eprint    = {1701.00160},
  timestamp = {Mon, 13 Aug 2018 16:46:12 +0200},
  biburl    = {https://dblp.org/rec/journals/corr/Goodfellow17.bib},
  bibsource = {dblp computer science bibliography, https://dblp.org},
note={Accessed: 2025-02-13}
}

@inproceedings{Kingma13,
  author    = {Diederik P. Kingma and
               Max Welling},
  title     = {Auto-Encoding Variational Bayes},
  booktitle = {2nd International Conference on Learning Representations, {ICLR} 2014,
               Banff, AB, Canada, April 14-16, 2014, Conference Track Proceedings},
  year      = {2014}
}

@article{generative_introduction,
  title={An introduction to deep generative modeling},
  author={Ruthotto, Lars and Haber, Eldad},
  journal={GAMM-Mitteilungen},
  volume={44},
  number={2},
  pages={e202100008},
  year={2021},
  publisher={Wiley Online Library}
}

@INPROCEEDINGS{generative_survey_2018,
  author={Oussidi, Achraf and Elhassouny, Azeddine},
  booktitle={2018 International Conference on Intelligent Systems and Computer Vision (ISCV)}, 
  title={Deep generative models: Survey}, 
  year={2018},
  volume={},
  number={},
  pages={1-8},
  doi={10.1109/ISACV.2018.8354080}}

@inproceedings{Progressive_GAN,
  author    = {Tero Karras and
               Timo Aila and
               Samuli Laine and
               Jaakko Lehtinen},
  title     = {Progressive Growing of GANs for Improved Quality, Stability, and Variation},
  booktitle = {6th International Conference on Learning Representations, {ICLR} 2018,
               Vancouver, BC, Canada, April 30 - May 3, 2018, Conference Track Proceedings},
  organization = {OpenReview.net},
  year      = {2018},
  url       = {https://openreview.net/forum?id=Hk99zCeAb},
note={Accessed: 2025-02-13}
}

@inproceedings{autoregressive16,
  author    = {Diederik P. Kingma and
               Tim Salimans and
               Rafal J{\'{o}}zefowicz and
               Xi Chen and
               Ilya Sutskever and
               Max Welling},
  title     = {Improving Variational Autoencoders with Inverse Autoregressive Flow},
  booktitle = {Advances in Neural Information Processing Systems 29: Annual Conference
               on Neural Information Processing Systems 2016, December 5-10, 2016,
               Barcelona, Spain},
  pages     = {4736--4744},
  year      = {2016}
}

@inproceedings{pixelrnn,
  author    = {A{\"{a}}ron van den Oord and
               Nal Kalchbrenner and
               Koray Kavukcuoglu},
  _editor    = {Maria{-}Florina Balcan and
               Kilian Q. Weinberger},
  title     = {Pixel Recurrent Neural Networks},
  booktitle = {Proceedings of the 33nd International Conference on Machine Learning,
               {ICML} 2016, New York City, NY, USA, June 19-24, 2016},
  series    = {{JMLR} Workshop and Conference Proceedings},
  volume    = {48},
  pages     = {1747--1756},
  organization = {JMLR.org},
  year      = {2016},
  url       = {http://proceedings.mlr.press/v48/oord16.html},
note={Accessed: 2025-02-13}
}

@inproceedings{pixelsnail,
  title={Pixelsnail: An improved autoregressive generative model},
  author={Chen, Xi and Mishra, Nikhil and Rohaninejad, Mostafa and Abbeel, Pieter},
  booktitle={International Conference on Machine Learning},
  pages={864--872},
  year={2018},
  organization={PMLR}
}

@inproceedings{Sohl-DicksteinW15,
  author       = {Jascha Sohl{-}Dickstein and
                  Eric A. Weiss and
                  Niru Maheswaranathan and
                  Surya Ganguli},
  title        = {Deep Unsupervised Learning using Nonequilibrium Thermodynamics},
  booktitle    = {Proceedings of the 32nd International Conference on Machine Learning,
                  {ICML} 2015, Lille, France, 6-11 July 2015},
  series       = {{JMLR} Workshop and Conference Proceedings},
  volume       = {37},
  publisher    = {JMLR.org},
  pages        = {2256--2265},
  year         = {2015},
  url          = {http://proceedings.mlr.press/v37/sohl-dickstein15.html},
note={Accessed: 2025-02-13}
}

@article{dinh2016density,
  title={Density estimation using real {NVP}},
  author={Dinh, Laurent and Sohl-Dickstein, Jascha and Bengio, Samy},
  journal={arXiv preprint arXiv:1605.08803},
  year={2016}
}

@article{VAEKingma,
  author    = {Diederik P. Kingma and
               Max Welling},
  title     = {An Introduction to Variational Autoencoders},
  journal   = {Found. Trends Mach. Learn.},
  volume    = {12},
  number    = {4},
  pages     = {307--392},
  year      = {2019},
  url       = {https://doi.org/10.1561/2200000056},
  doi       = {10.1561/2200000056}
}

@article{VAEGreen,
  author    = {Andrea Asperti and
               Davide Evangelista and
               Elena Loli Piccolomini},
  title     = {A Survey on Variational Autoencoders from a Green {AI} Perspective},
  journal   = {{SN} Comput. Sci.},
  volume    = {2},
  number    = {4},
  pages     = {301},
  year      = {2021},
  url       = {https://doi.org/10.1007/s42979-021-00702-9},
  doi       = {10.1007/s42979-021-00702-9}
}

@inproceedings{VQVAE,
  author    = {A{\"{a}}ron van den Oord and
               Oriol Vinyals and
               Koray Kavukcuoglu},
  _editor    = {Isabelle Guyon and
               Ulrike von Luxburg and
               Samy Bengio and
               Hanna M. Wallach and
               Rob Fergus and
               S. V. N. Vishwanathan and
               Roman Garnett},
  title     = {Neural Discrete Representation Learning},
  booktitle = {Advances in Neural Information Processing Systems 30: Annual Conference
               on Neural Information Processing Systems 2017, December 4-9, 2017,
               Long Beach, CA, {USA}},
  pages     = {6306--6315},
  year      = {2017},
  url       = {https://proceedings.neurips.cc/paper/2017/hash/7a98af17e63a0ac09ce2e96d03992fbc-Abstract.html},
note={Accessed: 2025-02-13}
}

@misc{VDVAE,
  doi = {10.48550/ARXIV.2011.10650},
  url = {https://arxiv.org/abs/2011.10650},
  author = {Child, Rewon},
  keywords = {Machine Learning (cs.LG), Computer Vision and Pattern Recognition (cs.CV), FOS: Computer and information sciences, FOS: Computer and information sciences},
  title = {Very Deep VAEs Generalize Autoregressive Models and Can Outperform Them on Images},
  organization = {arXiv},
  year = {2020},
  copyright = {arXiv.org perpetual, non-exclusive license}
}

@article{vq_vae_2,
  title={Generating diverse high-fidelity images with {VQ-VAE-2}},
  author={Razavi, Ali and Van den Oord, Aaron and Vinyals, Oriol},
  journal={Advances in neural information processing systems},
  volume={32},
  year={2019}
}

@inproceedings{attention_GAN,
  author    = {Han Zhang and
               Ian J. Goodfellow and
               Dimitris N. Metaxas and
               Augustus Odena},
  _editor    = {Kamalika Chaudhuri and
               Ruslan Salakhutdinov},
  title     = {Self-Attention Generative Adversarial Networks},
  booktitle = {Proceedings of the 36th International Conference on Machine Learning,
               {ICML} 2019, 9-15 June 2019, Long Beach, California, {USA}},
  series    = {Proceedings of Machine Learning Research},
  volume    = {97},
  pages     = {7354--7363},
  organization = {{PMLR}},
  year      = {2019},
  url       = {http://proceedings.mlr.press/v97/zhang19d.html},
note={Accessed: 2025-02-13}
}

@inproceedings{StyleGAN,
  title={A style-based generator architecture for generative adversarial networks},
  author={Karras, Tero and Laine, Samuli and Aila, Timo},
  booktitle={Proceedings of the IEEE/CVF conference on computer vision and pattern recognition},
  pages={4401--4410},
  year={2019}
}

@inproceedings{StyleGAN2,
  author       = {Tero Karras and
                  Samuli Laine and
                  Miika Aittala and
                  Janne Hellsten and
                  Jaakko Lehtinen and
                  Timo Aila},
  title        = {Analyzing and Improving the Image Quality of StyleGAN},
  booktitle    = {2020 {IEEE/CVF} Conference on Computer Vision and Pattern Recognition, {CVPR} 2020, Seattle, WA, USA, June 13-19, 2020},
  pages        = {8107--8116},
  publisher    = {Computer Vision Foundation / {IEEE}},
  address = {\hspace{0pt}}, 
  year         = {2020},
  url          = {},
  doi          = {10.1109/CVPR42600.2020.00813}
}
% {https://openaccess.thecvf.com/content\_CVPR\_2020/html/Karras\_Analyzing\_and\_Improving\_the\_Image\_Quality\_of\_StyleGAN\_CVPR\_2020\_paper.html}

@inproceedings{StyleGAN-T,
  author       = {Axel Sauer and
                  Tero Karras and
                  Samuli Laine and
                  Andreas Geiger and
                  Timo Aila},
  editor       = {Andreas Krause and
                  Emma Brunskill and
                  Kyunghyun Cho and
                  Barbara Engelhardt and
                  Sivan Sabato and
                  Jonathan Scarlett},
  title        = {StyleGAN-T: Unlocking the Power of GANs for Fast Large-Scale Text-to-Image
                  Synthesis},
  booktitle    = {International Conference on Machine Learning, {ICML} 2023, 23-29 July
                  2023, Honolulu, Hawaii, {USA}},
  series       = {Proceedings of Machine Learning Research},
  volume       = {202},
  pages        = {30105--30118},
  publisher    = {{PMLR}},
  address = {\hspace{0pt}},
  year         = {2023},
  url          = {https://proceedings.mlr.press/v202/sauer23a.html},
note={Accessed: 2025-02-13}
}


@inproceedings{mode_collapse,
  author       = {Tim Salimans and
                  Ian J. Goodfellow and
                  Wojciech Zaremba and
                  Vicki Cheung and
                  Alec Radford and
                  Xi Chen},
  title        = {Improved Techniques for Training GANs},
  booktitle    = {Advances in Neural Information Processing Systems 29: Annual Conference
                  on Neural Information Processing Systems 2016, December 5-10, 2016,
                  Barcelona, Spain},
  pages        = {2226--2234},
  year         = {2016},
  url          = {https://proceedings.neurips.cc/paper/2016/hash/8a3363abe792db2d8761d6403605aeb7-Abstract.html},
note={Accessed: 2025-02-13}
}

@inproceedings{Wasserstein_GAN,
  author    = {Mart{\'{\i}}n Arjovsky and
               Soumith Chintala and
               L{\'{e}}on Bottou},
  _editor    = {Doina Precup and
               Yee Whye Teh},
  title     = {Wasserstein Generative Adversarial Networks},
  booktitle = {Proceedings of the 34th International Conference on Machine Learning,
               {ICML} 2017, Sydney, NSW, Australia, 6-11 August 2017},
  series    = {Proceedings of Machine Learning Research},
  volume    = {70},
  pages     = {214--223},
  organization = {{PMLR}},
  year      = {2017},
  url       = {http://proceedings.mlr.press/v70/arjovsky17a.html},
note={Accessed: 2025-02-13}

}

@inproceedings{LSL_GAN,
  author    = {Xudong Mao and
               Qing Li and
               Haoran Xie and
               Raymond Y. K. Lau and
               Zhen Wang and
               Stephen Paul Smolley},
  title     = {Least Squares Generative Adversarial Networks},
  booktitle = {{IEEE} International Conference on Computer Vision, {ICCV} 2017, Venice,
               Italy, October 22-29, 2017},
  pages     = {2813--2821},
  organization = {{IEEE} Computer Society},
  year      = {2017},
  url       = {https://doi.org/10.1109/ICCV.2017.304},
note={Accessed: 2025-02-13}

}

@inproceedings{cycleGAN,
  title={Unpaired image-to-image translation using cycle-consistent adversarial networks},
  author={Zhu, Jun-Yan and Park, Taesung and Isola, Phillip and Efros, Alexei A},
  booktitle={Proceedings of the IEEE international conference on computer vision},
  pages={2223--2232},
  year={2017}
}

@article{InfoGAN,
  title={Infogan: Interpretable representation learning by information maximizing generative adversarial nets},
  author={Chen, Xi and Duan, Yan and Houthooft, Rein and Schulman, John and Sutskever, Ilya and Abbeel, Pieter},
  journal={Advances in neural information processing systems},
  volume={29},
  year={2016}
}

@article{DRAGAN,
  title={On convergence and stability of gans},
  author={Kodali, Naveen and Abernethy, Jacob and Hays, James and Kira, Zsolt},
  journal={arXiv preprint arXiv:1705.07215},
  year={2017},
  url = {https://arxiv.org/abs/1705.07215},
note={Accessed: 2025-02-13}
}

@inproceedings{GAN_losses_survey,
  author    = {Mario Lucic and
               Karol Kurach and
               Marcin Michalski and
               Sylvain Gelly and
               Olivier Bousquet},
  _editor    = {Samy Bengio and
               Hanna M. Wallach and
               Hugo Larochelle and
               Kristen Grauman and
               Nicol{\`{o}} Cesa{-}Bianchi and
               Roman Garnett},
  title     = {Are GANs Created Equal? {A} Large-Scale Study},
  booktitle = {Advances in Neural Information Processing Systems 31: Annual Conference
               on Neural Information Processing Systems 2018, NeurIPS 2018, December
               3-8, 2018, Montr{\'{e}}al, Canada},
  pages     = {698--707},
  year      = {2018},
  url       = {https://proceedings.neurips.cc/paper/2018/hash/e46de7e1bcaaced9a54f1e9d0d2f800d-Abstract.html},
note={Accessed: 2025-02-13}
}

@inproceedings{cVAE,
  author    = {Kihyuk Sohn and
               Honglak Lee and
               Xinchen Yan},
  title     = {Learning Structured Output Representation using Deep Conditional Generative
               Models},
  booktitle = {Advances in Neural Information Processing Systems 28: Annual Conference
               on Neural Information Processing Systems 2015, December 7-12, 2015,
               Montreal, Quebec, Canada},
  pages     = {3483--3491},
  year      = {2015},
  url       = {https://proceedings.neurips.cc/paper/2015/hash/8d55a249e6baa5c06772297520da2051-Abstract.html},
note={Accessed: 2025-02-13}
}



%%MISC
@ARTICLE{vae_loss_balancing,
  author={Asperti, Andrea and Trentin, Matteo},
  journal={IEEE Access}, 
  title={Balancing Reconstruction Error and Kullback-Leibler Divergence in Variational Autoencoders}, 
  year={2020},
  volume={8},
  number={},
  pages={199440-199448},
  doi={10.1109/ACCESS.2020.3034828}}

@article{FID,
  doi = {10.48550/ARXIV.1706.08500},
  url = {https://arxiv.org/abs/1706.08500},
  author = {Heusel, Martin and Ramsauer, Hubert and Unterthiner, Thomas and Nessler, Bernhard and Hochreiter, Sepp},
  keywords = {Machine Learning (cs.LG), Machine Learning (stat.ML), FOS: Computer and information sciences, FOS: Computer and information sciences},
  title = {GANs Trained by a Two Time-Scale Update Rule Converge to a Local Nash Equilibrium},
  organization = {arXiv},
  year = {2017},
  copyright = {arXiv.org perpetual, non-exclusive license},
note={Accessed: 2025-02-13}
}


@inproceedings{attention,
  author    = {Ashish Vaswani and
               Noam Shazeer and
               Niki Parmar and
               Jakob Uszkoreit and
               Llion Jones and
               Aidan N. Gomez and
               Lukasz Kaiser and
               Illia Polosukhin},
  title     = {Attention is All you Need},
  booktitle = {Advances in Neural Information Processing Systems 30: Annual Conference
               on Neural Information Processing Systems 2017, December 4-9, 2017,
               Long Beach, CA, {USA}},
  pages     = {5998--6008},
  year      = {2017},
  url       = {https://proceedings.neurips.cc/paper/2017/hash/3f5ee243547dee91fbd053c1c4a845aa-Abstract.html},
note={Accessed: 2025-02-13}
}

@inproceedings{InceptionV3,
  author    = {Christian Szegedy and
               Vincent Vanhoucke and
               Sergey Ioffe and
               Jonathon Shlens and
               Zbigniew Wojna},
  title     = {Rethinking the Inception Architecture for Computer Vision},
  booktitle = {2016 {IEEE} Conference on Computer Vision and Pattern Recognition,
               {CVPR} 2016, Las Vegas, NV, USA, June 27-30, 2016},
  pages     = {2818--2826},
  organization = {{IEEE} Computer Society},
  year      = {2016},
  url       = {https://doi.org/10.1109/CVPR.2016.308},
  doi       = {10.1109/CVPR.2016.308},
  timestamp = {Sun, 25 Oct 2020 23:02:11 +0100},
  biburl    = {https://dblp.org/rec/conf/cvpr/SzegedyVISW16.bib},
  bibsource = {dblp computer science bibliography, https://dblp.org}
}


@inproceedings{AC-GANS,
  author    = {Augustus Odena and
               Christopher Olah and
               Jonathon Shlens},
  _editor    = {Doina Precup and
               Yee Whye Teh},
  title     = {Conditional Image Synthesis with Auxiliary Classifier GANs},
  booktitle = {Proceedings of the 34th International Conference on Machine Learning,
               {ICML} 2017, Sydney, NSW, Australia, 6-11 August 2017},
  series    = {Proceedings of Machine Learning Research},
  volume    = {70},
  pages     = {2642--2651},
  year      = {2017},
  url       = {http://proceedings.mlr.press/v70/odena17a.html},
  timestamp = {Wed, 29 May 2019 08:41:45 +0200},
  biburl    = {https://dblp.org/rec/conf/icml/OdenaOS17.bib},
  bibsource = {dblp computer science bibliography, https://dblp.org},
note={Accessed: 2025-02-13}
}

@inproceedings{deep_fake_recognition20,
  author    = {Joel Frank and
               Thorsten Eisenhofer and
               Lea Sch{\"{o}}nherr and
               Asja Fischer and
               Dorothea Kolossa and
               Thorsten Holz},
  title     = {Leveraging Frequency Analysis for Deep Fake Image Recognition},
  booktitle = {Proceedings of the 37th International Conference on Machine Learning,
               {ICML} 2020, 13-18 July 2020, Virtual Event},
  series    = {Proceedings of Machine Learning Research},
  volume    = {119},
  pages     = {3247--3258},
  organization = {{PMLR}},
  year      = {2020},
  url       = {http://proceedings.mlr.press/v119/frank20a.html},
  timestamp = {Tue, 15 Dec 2020 17:40:18 +0100},
  biburl    = {https://dblp.org/rec/conf/icml/FrankESFKH20.bib},
  bibsource = {dblp computer science bibliography, https://dblp.org},
note={Accessed: 2025-02-13}
}


@article{textualInversion,
  title={An image is worth one word: Personalizing text-to-image generation using textual inversion},
  author={Gal, Rinon and Alaluf, Yuval and Atzmon, Yuval and Patashnik, Or and Bermano, Amit H and Chechik, Gal and Cohen-Or, Daniel},
  journal={arXiv preprint arXiv:2208.01618},
  year={2022}
}


@article{pixelwiseGuidance,
  title={Fine-grained Image Editing by Pixel-wise Guidance Using Diffusion Models},
  author={Matsunaga, Naoki and Ishii, Masato and Hayakawa, Akio and Suzuki, Kenji and Narihira, Takuya},
  journal={arXiv preprint arXiv:2212.02024},
  year={2022}
}

@inproceedings{U-net,
  title={U-net: Convolutional networks for biomedical image segmentation},
  author={Ronneberger, Olaf and Fischer, Philipp and Brox, Thomas},
  booktitle={International Conference on Medical image computing and computer-assisted intervention},
  pages={234--241},
  year={2015},
  organization={Springer}
}

@article{kingma2021variational,
  title={Variational diffusion models},
  author={Kingma, Diederik and Salimans, Tim and Poole, Ben and Ho, Jonathan},
  journal={Advances in neural information processing systems},
  volume={34},
  pages={21696--21707},
  year={2021}
}

@inproceedings{nichol2021improved,
  title={Improved denoising diffusion probabilistic models},
  author={Nichol, Alexander Quinn and Dhariwal, Prafulla},
  booktitle={International Conference on Machine Learning},
  pages={8162--8171},
  year={2021},
  organization={PMLR}
}

@article{dreamArtist,
  title={DreamArtist: Towards Controllable One-Shot Text-to-Image Generation via Contrastive Prompt-Tuning},
  author={Dong, Ziyi and Wei, Pengxu and Lin, Liang},
  journal={arXiv preprint arXiv:2211.11337},
  year={2022}
}

@article{khrulkov2022understanding,
  title={Understanding ddpm latent codes through optimal transport},
  author={Khrulkov, Valentin and Oseledets, Ivan},
  journal={arXiv preprint arXiv:2202.07477},
  year={2022}
}


%%OpenCV
@article{opencv_library,
    author = {Bradski, G.},
    citeulike-article-id = {2236121},
    journal = {Dr. Dobb's Journal of Software Tools},
    keywords = {bibtex-import},
    posted-at = {2008-01-15 19:21:54},
    priority = {4},
    title = {{The OpenCV Library}},
    year = {2000}
}

%%srgan 
@inproceedings{srgan,
  title={Photo-realistic single image super-resolution using a generative adversarial network},
  author={Ledig, Christian and Theis, Lucas and Husz{\'a}r, Ferenc and Caballero, Jose and Cunningham, Andrew and Acosta, Alejandro and Aitken, Andrew and Tejani, Alykhan and Totz, Johannes and Wang, Zehan and others},
  booktitle={Proceedings of the IEEE conference on computer vision and pattern recognition},
  pages={4681--4690},
  year={2017}
}

%%self-attention-superres
@article{self_attention_super_res,
  title={Face super-resolution reconstruction based on self-attention residual network},
  author={Liu, Qing-Ming and Jia, Rui-Sheng and Zhao, Chao-Yue and Liu, Xiao-Ying and Sun, Hong-Mei and Zhang, Xing-Li},
  journal={IEEE Access},
  volume={8},
  pages={4110--4121},
  year={2019},
  publisher={IEEE}
}

%%ESRGAN
@inproceedings{esrgan,
  title={Esrgan: Enhanced super-resolution generative adversarial networks},
  author={Wang, Xintao and Yu, Ke and Wu, Shixiang and Gu, Jinjin and Liu, Yihao and Dong, Chao and Qiao, Yu and Change Loy, Chen},
  booktitle={Proceedings of the European conference on computer vision (ECCV) workshops},
  pages={0--0},
  year={2018}
}

 @article{AIart,
  author    = {Yuying Li and Zeyan Liu and Junyi Zhao and Liangqin Ren and Fengjun Li and Jiebo Luo and Bo Luo},
  title     = {The Adversarial AI-Art: Understanding, Generation, Detection, and Benchmarking},
  journal   = {CoRR},
  year      = {2024},
  url       = {},
  doi       = {arXiv:2404.14581},
  eprinttype = {arXiv}
}
%https://doi.org/10.48550/arXiv.2404.14581

 @article{genimage,
  author    = {Mingjian Zhu and Hanting Chen and Qiangyu Yan and Xudong Huang and Guanyu Lin and Wei Li and Zhijun Tuv and Hailin Hu and Jie Hu and Yunhe Wang},
  title     = {GenImage: A Million-Scale Benchmark for Detecting AI-Generated Image},
  journal   = {CoRR},
  year      = {2023},
  url       = {},
  doi       = {arXiv:2306.0857},
  eprinttype = {arXiv}
}
%https://doi.org/10.48550/arXiv.2306.08571

@article{cifake,
  author    = {Jordan J. Bird and Ahmad Lotfi},
  title     = {CIFAKE: Image Classification and Explainable Identification of AI-Generated Synthetic Images},
  journal   = {CoRR},
  year      = {2023},
  url       = {},
  doi       = {arXiv:2303.14126},
  eprinttype = {arXiv},
  eprint    = {2303.14126}
}
%https://doi.org/10.48550/arXiv.2303.14126

@article{aigen,
  author    = {Zuhao Yang and Fangneng Zhan and Kunhao Liu and Muyu Xu and Shijian Lu},
  title     = {AI-Generated Images as Data Source: The Dawn of Synthetic Era},
  journal   = {CoRR},
  year      = {2023},
  url       = {},
  doi       = {arXiv:2310.01830},
  eprinttype = {arXiv}
}
%https://doi.org/10.48550/arXiv.2310.01830

% Artifact: A Large-Scale Dataset With Artificial And Factual Images
@inproceedings{artifact_dataset,
  author       = {Md Awsafur Rahman and
                  Bishmoy Paul and
                  Najibul Haque Sarker and
                  Zaber Ibn Abdul Hakim and
                  Shaikh Anowarul Fattah},
  title        = {Artifact: {A} Large-Scale Dataset With Artificial And Factual Images
                  For Generalizable And Robust Synthetic Image Detection},
  booktitle    = {{IEEE} International Conference on Image Processing, {ICIP} 2023,
                  Kuala Lumpur, Malaysia, October 8-11, 2023},
  pages        = {2200--2204},
  publisher    = {{IEEE}},
  address = {\hspace{0pt}},
  year         = {2023},
  url          = {},
  doi          = {10.1109/ICIP49359.2023.10222083},
  timestamp    = {Mon, 05 Feb 2024 20:30:23 +0100},
  biburl       = {https://dblp.org/rec/conf/icip/RahmanPSHF23.bib},
  bibsource    = {dblp computer science bibliography, https://dblp.org}
}
%https://doi.org/10.1109/ICIP49359.2023.10222083

% Wildfake: Large-scale Challenging Dataset
@article{wildfake_dataset,
  author       = {Yan Hong and
                  Jianfu Zhang},
  title        = {WildFake: {A} Large-scale Challenging Dataset for AI-Generated Images
                  Detection},
  journal      = {CoRR},
  volume       = {abs/2402.11843},
  year         = {2024},
  url          = {},
  doi          = {10.48550/ARXIV.2402.11843},
  eprinttype    = {arXiv},
  timestamp    = {Mon, 26 Feb 2024 16:52:48 +0100},
  biburl       = {https://dblp.org/rec/journals/corr/abs-2402-11843.bib},
  bibsource    = {dblp computer science bibliography, https://dblp.org}
}
%https://doi.org/10.48550/arXiv.2402.11843

% TWIGMA: Dataset scrapped from Twitter
@inproceedings{twigma_dataset,
  author       = {Yiqun T. Chen and
                  James Y. Zou},
  editor       = {Alice Oh and
                  Tristan Naumann and
                  Amir Globerson and
                  Kate Saenko and
                  Moritz Hardt and
                  Sergey Levine},
  title        = {{TWIGMA:} {A} dataset of AI-Generated Images with Metadata From Twitter},
  booktitle    = {Advances in Neural Information Processing Systems 36: Annual Conference
                  on Neural Information Processing Systems 2023, NeurIPS 2023, New Orleans,
                  LA, USA, December 10 - 16, 2023},
  year         = {2023},
  url          = {http://papers.nips.cc/paper\_files/paper/2023/hash/769b70d1a9a6b21af53c00d0b322c763-Abstract-Datasets\_and\_Benchmarks.html},
  timestamp    = {Wed, 04 Dec 2024 20:53:18 +0100},
  biburl       = {https://dblp.org/rec/conf/nips/ChenZ23a.bib},
  bibsource    = {dblp computer science bibliography, https://dblp.org},
note={Accessed: 2025-02-13}
}

% Neural representation of styles 
@article{Gatys_neural_representation,
  author       = {Leon A. Gatys and
                  Alexander S. Ecker and
                  Matthias Bethge},
  title        = {A Neural Algorithm of Artistic Style},
  journal      = {CoRR},
  volume       = {abs/1508.06576},
  year         = {2015},
  url          = {http://arxiv.org/abs/1508.06576},
  eprinttype    = {arXiv},
  eprint       = {1508.06576},
  timestamp    = {Thu, 14 Oct 2021 09:16:23 +0200},
  biburl       = {https://dblp.org/rec/journals/corr/GatysEB15a.bib},
  bibsource    = {dblp computer science bibliography, https://dblp.org},
note={Accessed: 2025-02-13}
}

% Style transfer with instance normalization
@inproceedings{Huang_style_transfer_normalization,
  author       = {Xun Huang and
                  Serge J. Belongie},
  title        = {Arbitrary Style Transfer in Real-Time with Adaptive Instance Normalization},
  booktitle    = {{IEEE} International Conference on Computer Vision, {ICCV} 2017, Venice,
                  Italy, October 22-29, 2017},
  pages        = {1510--1519},
  publisher    = {{IEEE} Computer Society},
  address = {\hspace{0pt}},
  year         = {2017},
  url          = {},
  doi          = {10.1109/ICCV.2017.167},
  timestamp    = {Thu, 23 Mar 2023 23:57:41 +0100},
  biburl       = {https://dblp.org/rec/conf/iccv/HuangB17.bib},
  bibsource    = {dblp computer science bibliography, https://dblp.org}
}
%https://doi.org/10.1109/ICCV.2017.167

@inproceedings{esser2024scalingrectifiedflowtransformers,
  author       = {Patrick Esser and
                  Sumith Kulal and
                  Andreas Blattmann and
                  Rahim Entezari and
                  Jonas M{\"{u}}ller and
                  Harry Saini and
                  Yam Levi and
                  Dominik Lorenz and
                  Axel Sauer and
                  Frederic Boesel and
                  Dustin Podell and
                  Tim Dockhorn and
                  Zion English and
                  Robin Rombach},
  title        = {Scaling Rectified Flow Transformers for High-Resolution Image Synthesis},
  booktitle    = {Forty-first International Conference on Machine Learning, {ICML} 2024,
                  Vienna, Austria, July 21-27, 2024},
  year         = {2024},
  url          = {https://openreview.net/forum?id=FPnUhsQJ5B},
note={Accessed: 2025-02-13}
}

@inproceedings{diffusion_distillation,
  author       = {Axel Sauer and
                  Dominik Lorenz and
                  Andreas Blattmann and
                  Robin Rombach},
  title        = {Adversarial Diffusion Distillation},
  booktitle    = {Computer Vision - {ECCV} 2024 - 18th European Conference, Milan, Italy,
                  September 29-October 4, 2024, Proceedings, Part {LXXXVI}},
  pages        = {87--103},
  year         = {2024},
  url          = {https://doi.org/10.1007/978-3-031-73016-0\_6},
note={Accessed: 2025-02-13}
}

@inproceedings{peebles2023scalablediffusionmodelstransformers,
  author       = {William Peebles and
                  Saining Xie},
  title        = {Scalable Diffusion Models with Transformers},
  booktitle    = {{IEEE/CVF} International Conference on Computer Vision, {ICCV} 2023,
                  Paris, France, October 1-6, 2023},
  pages        = {4172--4182},
  year         = {2023},
  url          = {https://doi.org/10.1109/ICCV51070.2023.00387},
note={Accessed: 2025-02-13}
}

@misc{lipman2023flowmatchinggenerativemodeling,
      title={Flow Matching for Generative Modeling}, 
      author={Yaron Lipman and Ricky T. Q. Chen and Heli Ben-Hamu and Maximilian Nickel and Matt Le},
      year={2023},
      eprint={2210.02747},
      archivePrefix={arXiv},
      primaryClass={cs.LG},
      url={https://arxiv.org/abs/2210.02747}, 
note={Accessed: 2025-02-13}
}

@misc{su2023roformerenhancedtransformerrotary,
      title={RoFormer: Enhanced Transformer with Rotary Position Embedding}, 
      author={Jianlin Su and Yu Lu and Shengfeng Pan and Ahmed Murtadha and Bo Wen and Yunfeng Liu},
      year={2023},
      eprint={2104.09864},
      archivePrefix={arXiv},
      primaryClass={cs.CL},
      url={https://arxiv.org/abs/2104.09864},
note={Accessed: 2025-02-13}
}