@article{AIart,
  author    = {Yuying Li and Zeyan Liu and Junyi Zhao and Liangqin Ren and Fengjun Li and Jiebo Luo and Bo Luo},
  title     = {The Adversarial AI-Art: Understanding, Generation, Detection, and Benchmarking},
  journal   = {CoRR},
  year      = {2024},
  url       = {},
  doi       = {arXiv:2404.14581},
  eprinttype = {arXiv}
}

@article{Gatys_neural_representation,
  author       = {Leon A. Gatys and
                  Alexander S. Ecker and
                  Matthias Bethge},
  title        = {A Neural Algorithm of Artistic Style},
  journal      = {CoRR},
  volume       = {abs/1508.06576},
  year         = {2015},
  url          = {http://arxiv.org/abs/1508.06576},
  eprinttype    = {arXiv},
  eprint       = {1508.06576},
  timestamp    = {Thu, 14 Oct 2021 09:16:23 +0200},
  biburl       = {https://dblp.org/rec/journals/corr/GatysEB15a.bib},
  bibsource    = {dblp computer science bibliography, https://dblp.org},
note={Accessed: 2025-02-13}
}

@inproceedings{Huang_style_transfer_normalization,
  author       = {Xun Huang and
                  Serge J. Belongie},
  title        = {Arbitrary Style Transfer in Real-Time with Adaptive Instance Normalization},
  booktitle    = {{IEEE} International Conference on Computer Vision, {ICCV} 2017, Venice,
                  Italy, October 22-29, 2017},
  pages        = {1510--1519},
  publisher    = {{IEEE} Computer Society},
  address = {\hspace{0pt}},
  year         = {2017},
  url          = {},
  doi          = {10.1109/ICCV.2017.167},
  timestamp    = {Thu, 23 Mar 2023 23:57:41 +0100},
  biburl       = {https://dblp.org/rec/conf/iccv/HuangB17.bib},
  bibsource    = {dblp computer science bibliography, https://dblp.org}
}

@article{aigen,
  author    = {Zuhao Yang and Fangneng Zhan and Kunhao Liu and Muyu Xu and Shijian Lu},
  title     = {AI-Generated Images as Data Source: The Dawn of Synthetic Era},
  journal   = {CoRR},
  year      = {2023},
  url       = {},
  doi       = {arXiv:2310.01830},
  eprinttype = {arXiv}
}

@inproceedings{artifact_dataset,
  author       = {Md Awsafur Rahman and
                  Bishmoy Paul and
                  Najibul Haque Sarker and
                  Zaber Ibn Abdul Hakim and
                  Shaikh Anowarul Fattah},
  title        = {Artifact: {A} Large-Scale Dataset With Artificial And Factual Images
                  For Generalizable And Robust Synthetic Image Detection},
  booktitle    = {{IEEE} International Conference on Image Processing, {ICIP} 2023,
                  Kuala Lumpur, Malaysia, October 8-11, 2023},
  pages        = {2200--2204},
  publisher    = {{IEEE}},
  address = {\hspace{0pt}},
  year         = {2023},
  url          = {},
  doi          = {10.1109/ICIP49359.2023.10222083},
  timestamp    = {Mon, 05 Feb 2024 20:30:23 +0100},
  biburl       = {https://dblp.org/rec/conf/icip/RahmanPSHF23.bib},
  bibsource    = {dblp computer science bibliography, https://dblp.org}
}

@article{cifake,
  author    = {Jordan J. Bird and Ahmad Lotfi},
  title     = {CIFAKE: Image Classification and Explainable Identification of AI-Generated Synthetic Images},
  journal   = {CoRR},
  year      = {2023},
  url       = {},
  doi       = {arXiv:2303.14126},
  eprinttype = {arXiv},
  eprint    = {2303.14126}
}

@article{genimage,
  author    = {Mingjian Zhu and Hanting Chen and Qiangyu Yan and Xudong Huang and Guanyu Lin and Wei Li and Zhijun Tuv and Hailin Hu and Jie Hu and Yunhe Wang},
  title     = {GenImage: A Million-Scale Benchmark for Detecting AI-Generated Image},
  journal   = {CoRR},
  year      = {2023},
  url       = {},
  doi       = {arXiv:2306.0857},
  eprinttype = {arXiv}
}

@inproceedings{twigma_dataset,
  author       = {Yiqun T. Chen and
                  James Y. Zou},
  editor       = {Alice Oh and
                  Tristan Naumann and
                  Amir Globerson and
                  Kate Saenko and
                  Moritz Hardt and
                  Sergey Levine},
  title        = {{TWIGMA:} {A} dataset of AI-Generated Images with Metadata From Twitter},
  booktitle    = {Advances in Neural Information Processing Systems 36: Annual Conference
                  on Neural Information Processing Systems 2023, NeurIPS 2023, New Orleans,
                  LA, USA, December 10 - 16, 2023},
  year         = {2023},
  url          = {http://papers.nips.cc/paper\_files/paper/2023/hash/769b70d1a9a6b21af53c00d0b322c763-Abstract-Datasets\_and\_Benchmarks.html},
  timestamp    = {Wed, 04 Dec 2024 20:53:18 +0100},
  biburl       = {https://dblp.org/rec/conf/nips/ChenZ23a.bib},
  bibsource    = {dblp computer science bibliography, https://dblp.org},
note={Accessed: 2025-02-13}
}

@article{wildfake_dataset,
  author       = {Yan Hong and
                  Jianfu Zhang},
  title        = {WildFake: {A} Large-scale Challenging Dataset for AI-Generated Images
                  Detection},
  journal      = {CoRR},
  volume       = {abs/2402.11843},
  year         = {2024},
  url          = {},
  doi          = {10.48550/ARXIV.2402.11843},
  eprinttype    = {arXiv},
  timestamp    = {Mon, 26 Feb 2024 16:52:48 +0100},
  biburl       = {https://dblp.org/rec/journals/corr/abs-2402-11843.bib},
  bibsource    = {dblp computer science bibliography, https://dblp.org}
}

