@InProceedings{Cubuk_2020_CVPR_Workshops,
author = {Cubuk, Ekin D. and Zoph, Barret and Shlens, Jonathon and Le, Quoc V.},
title = {Randaugment: Practical automated data augmentation with a reduced search space},
booktitle = {Proceedings of the IEEE/CVF Conference on Computer Vision and Pattern Recognition Workshops (CVPRW)},
month = {June},
year = {2020}
}

@InProceedings{Cugu_2022_CVPR,
    author    = {Cugu, Ilke and Mancini, Massimiliano and Chen, Yanbei and Akata, Zeynep},
    title     = {Attention consistency on visual corruptions for single-source domain generalization},
    booktitle = {Proceedings of the IEEE/CVF Conference on Computer Vision and Pattern Recognition Workshops (CVPRW)},
    year      = {2022},

}

@inproceedings{Long2020Maximum,
 author = {Zhao, Long and Liu, Ting and Peng, Xi and Metaxas, Dimitris},
 title = {Maximum-Entropy Adversarial Data Augmentation for Improved Generalization and Robustness},
 booktitle = {Advances in Neural Information Processing Systems (NeurIPS)},
 year = {2020}
}

@article{berthelot2019mixmatch,
  title={Mixmatch: A holistic approach to semi-supervised learning},
  author={Berthelot, David and Carlini, Nicholas and Goodfellow, Ian and Papernot, Nicolas and Oliver, Avital and Raffel, Colin A},
  journal={Advances in neural information processing systems (NeurIPS)},

  year={2019}
}

@inproceedings{chen2023meta,
  title={Meta-causal learning for single domain generalization},
  author={Chen, Jin and Gao, Zhi and Wu, Xinxiao and Luo, Jiebo},
  booktitle={Proceedings of the IEEE/CVF Conference on Computer Vision and Pattern Recognition (CVPR)},
  year={2023}
}

@article{devries2017improved,
  title={Improved regularization of convolutional neural networks with cutout},
  author={DeVries, Terrance and Taylor, Graham W},
  journal={arXiv preprint arXiv:1708.04552},
  year={2017}
}

@inproceedings{hendrycks2019augmix,
  title={AugMix: A simple data processing method to improve robustness and uncertainty},
  author={Hendrycks, Dan and Mu, Norman and Cubuk, Ekin Dogus and Zoph, Barret and Gilmer, Justin and Lakshminarayanan, Balaji},
  booktitle={International Conference on Learning Representations (ICLR)},
  year={2019}
}

@inproceedings{li2021progressive,
  title={Progressive domain expansion network for single domain generalization},
  author={Li, Lei and Gao, Ke and Cao, Juan and Huang, Ziyao and Weng, Yepeng and Mi, Xiaoyue and Yu, Zhengze and Li, Xiaoya and Xia, Boyang},
  booktitle={Proceedings of the IEEE Conference on Computer Vision and Pattern Recognition (CVPR)},
  year={2021}
}

@article{lian2021geometry,
  title={Geometry-aware data augmentation for monocular 3D object detection},
  author={Lian, Qing and Ye, Botao and Xu, Ruijia and Yao, Weilong and Zhang, Tong},
  journal={arXiv preprint arXiv:2104.05858},
  year={2021}
}

@inproceedings{liu2022automix,
  title={Automix: Unveiling the power of mixup for stronger classifiers},
  author={Liu, Zicheng and Li, Siyuan and Wu, Di and Liu, Zihan and Chen, Zhiyuan and Wu, Lirong and Li, Stan Z},
  booktitle={European Conference on Computer Vision (ECCV)},
  year={2022},
  organization={Springer}
}

@inproceedings{qiao2020learning,
  title={Learning to learn single domain generalization},
  author={Qiao, Fengchun and Zhao, Long and Peng, Xi},
  booktitle={Proceedings of the IEEE Conference on Computer Vision and Pattern Recognition (CVPR)},
  year={2020}
}

@inproceedings{verma2019manifold,
  title={Manifold mixup: Better representations by interpolating hidden states},
  author={Verma, Vikas and Lamb, Alex and Beckham, Christopher and Najafi, Amir and Mitliagkas, Ioannis and Lopez-Paz, David and Bengio, Yoshua},
  booktitle={International conference on machine learning (ICML)},

  year={2019},
}

@inproceedings{volpi2018generalizing,
  title={Generalizing to unseen domains via adversarial data augmentation},
  author={Volpi, Riccardo and Namkoong, Hongseok and Sener, Ozan and Duchi, John C and Murino, Vittorio and Savarese, Silvio},
  booktitle={Advances in Neural Information Processing Systems (NeurIPS)},
  year={2018}
}

@inproceedings{wang2021learning,
  title={Learning to diversify for single domain generalization},
  author={Wang, Zijian and Luo, Yadan and Qiu, Ruihong and Huang, Zi and Baktashmotlagh, Mahsa},
  booktitle={Proceedings of the IEEE/CVF International Conference on Computer Vision (ICCV)},
  year={2021}
}

@inproceedings{yun2019cutmix,
  title={Cutmix: Regularization strategy to train strong classifiers with localizable features},
  author={Yun, Sangdoo and Han, Dongyoon and Oh, Seong Joon and Chun, Sanghyuk and Choe, Junsuk and Yoo, Youngjoon},
  booktitle={Proceedings of the IEEE/CVF international conference on computer vision (ICCV)},

  year={2019}
}

@inproceedings{zhang2018mixup,
  title={mixup: Beyond Empirical Risk Minimization},
  author={Zhang, Hongyi and Cisse, Moustapha and Dauphin, Yann N and Lopez-Paz, David},
  booktitle={International Conference on Learning Representations (ICLR)},
  year={2018}
}

@inproceedings{zhang2019adversarial,
  title={Adversarial AutoAugment},
  author={Zhang, Xinyu and Wang, Qiang and Zhang, Jian and Zhong, Zhao},
  booktitle={International Conference on Learning Representations (ICLR)},
  year={2019}
}

@article{zhang2023adversarial,
  title={Adversarial style augmentation for domain generalization},
  author={Zhang, Yabin and Deng, Bin and Li, Ruihuang and Jia, Kui and Zhang, Lei},
  journal={arXiv preprint arXiv:2301.12643},
  year={2023}
}

@inproceedings{zhou2020domain,
  title={Domain Generalization with MixStyle},
  author={Zhou, Kaiyang and Yang, Yongxin and Qiao, Yu and Xiang, Tao},
  booktitle={International Conference on Learning Representations (ICLR)},
  year={2020}
}

