@String(PAMI = {IEEE Trans. Pattern Anal. Mach. Intell.})
@String(IJCV = {Int. J. Comput. Vis.})
@String(CVPR= {IEEE Conf. Comput. Vis. Pattern Recog.})
@String(ICCV= {Int. Conf. Comput. Vis.})
@String(ECCV= {Eur. Conf. Comput. Vis.})
@String(NIPS= {Adv. Neural Inform. Process. Syst.})
@String(ICPR = {Int. Conf. Pattern Recog.})
@String(BMVC= {Brit. Mach. Vis. Conf.})
@String(TOG= {ACM Trans. Graph.})
@String(TIP  = {IEEE Trans. Image Process.})
@String(TVCG  = {IEEE Trans. Vis. Comput. Graph.})
@String(TMM  = {IEEE Trans. Multimedia})
@String(ACMMM= {ACM Int. Conf. Multimedia})
@String(ICME = {Int. Conf. Multimedia and Expo})
@String(ICASSP=	{ICASSP})
@String(ICIP = {IEEE Int. Conf. Image Process.})
@String(ACCV  = {ACCV})
@String(ICLR = {Int. Conf. Learn. Represent.})
@String(IJCAI = {IJCAI})
@String(PR   = {Pattern Recognition})
@String(AAAI = {AAAI})
@String(CVPRW= {IEEE Conf. Comput. Vis. Pattern Recog. Worksh.})
@String(CSVT = {IEEE Trans. Circuit Syst. Video Technol.})

@String(SPL	= {IEEE Sign. Process. Letters})
@String(VR   = {Vis. Res.})
@String(JOV	 = {J. Vis.})
@String(TVC  = {The Vis. Comput.})
@String(JCST  = {J. Comput. Sci. Tech.})
@String(CGF  = {Comput. Graph. Forum})
@String(CVM = {Computational Visual Media})


@String(PAMI  = {IEEE TPAMI})
@String(IJCV  = {IJCV})
@String(CVPR  = {CVPR})
@String(ICCV  = {ICCV})
@String(ECCV  = {ECCV})
@String(NIPS  = {NeurIPS})
@String(ICPR  = {ICPR})
@String(BMVC  =	{BMVC})
@String(TOG   = {ACM TOG})
@String(TIP   = {IEEE TIP})
@String(TVCG  = {IEEE TVCG})
@String(TCSVT = {IEEE TCSVT})
@String(TMM   =	{IEEE TMM})
@String(ACMMM = {ACM MM})
@String(ICME  =	{ICME})
@String(ICASSP=	{ICASSP})
@String(ICIP  = {ICIP})
@String(ACCV  = {ACCV})
@String(ICLR  = {ICLR})
@String(IJCAI = {IJCAI})
@String(PR = {PR})
@String(AAAI = {AAAI})
@String(CVPRW= {CVPRW})
@String(CSVT = {IEEE TCSVT})

@inproceedings{Attention2017,
  title={Attention Is All You Need},
   author = {Vaswani, Ashish and Shazeer, Noam and Parmar, Niki and Uszkoreit, Jakob and Jones, Llion and Gomez, Aidan N and Kaiser, \L ukasz and Polosukhin, Illia},
  booktitle={Advances in Neural Information Processing Systems (NeurIPS)},
  year={2017}
}
	
@inproceedings{Langevin2011,
  title={Bayesian Learning via Stochastic Gradient Langevin Dynamics},
  author={Welling, Max and Teh, Yee Whye},
  booktitle={International Conference on Machine Learning (ICML)},
  year={2011},
  
}

@inproceedings{xie2021detco,
  title={Detco: Unsupervised contrastive learning for object detection},
  author={Xie, Enze and Ding, Jian and Wang, Wenhai and Zhan, Xiaohang and Xu, Hang and Sun, Peize and Li, Zhenguo and Luo, Ping},
  booktitle={IEEE/CVF International Conference on Computer Vision (ICCV)},
  year={2021}
}
@inproceedings{strudel2021segmenter,
  title={Segmenter: Transformer for semantic segmentation},
  author={Strudel, Robin and Garcia, Ricardo and Laptev, Ivan and Schmid, Cordelia},
  booktitle={IEEE/CVF International Conference on Computer Vision (ICCV)},
  year={2021}
}
@inproceedings{guo2021graph,
  title={Graph attention tracking},
  author={Guo, Dongyan and Shao, Yanyan and Cui, Ying and Wang, Zhenhua and Zhang, Liyan and Shen, Chunhua},
  booktitle={IEEE/CVF Conference on Computer Vision and Pattern Recognition (CVPR)},
  year={2021}
}
@inproceedings{chattopadhyay2020learning,
  title={Learning to balance specificity and invariance for in and out of domain generalization},
  author={Chattopadhyay, Prithvijit and Balaji, Yogesh and Hoffman, Judy},
  booktitle={European Conference on Computer Vision (ECCV)},
  year={2020},
  organization={Springer}
}
@inproceedings{piratla2020efficient,
  title={Efficient domain generalization via common-specific low-rank decomposition},
  author={Piratla, Vihari and Netrapalli, Praneeth and Sarawagi, Sunita},
  booktitle={International Conference on Machine Learning (ICML)},
  year={2020},
  
}
@inproceedings{xu2021fourier,
  title={A fourier-based framework for domain generalization},
  author={Xu, Qinwei and Zhang, Ruipeng and Zhang, Ya and Wang, Yanfeng and Tian, Qi},
  booktitle={Proceedings of the IEEE Conference on Computer Vision and Pattern Recognition (CVPR)},
  year={2021}
}
@inproceedings{qiao2020learning,
  title={Learning to learn single domain generalization},
  author={Qiao, Fengchun and Zhao, Long and Peng, Xi},
  booktitle={Proceedings of the IEEE Conference on Computer Vision and Pattern Recognition (CVPR)},
  year={2020}
}
@inproceedings{li2021progressive,
  title={Progressive domain expansion network for single domain generalization},
  author={Li, Lei and Gao, Ke and Cao, Juan and Huang, Ziyao and Weng, Yepeng and Mi, Xiaoyue and Yu, Zhengze and Li, Xiaoya and Xia, Boyang},
  booktitle={Proceedings of the IEEE Conference on Computer Vision and Pattern Recognition (CVPR)},
  year={2021}
}


@inproceedings{fan2021adversarially,
  title={Adversarially adaptive normalization for single domain generalization},
  author={Fan, Xinjie and Wang, Qifei and Ke, Junjie and Yang, Feng and Gong, Boqing and Zhou, Mingyuan},
  booktitle={IEEE/CVF Conference on Computer Vision and Pattern Recognition (CVPR)},
  year={2021}
}
@inproceedings{2020Unbiased,
  title={Unbiased Scene Graph Generation from Biased Training},
  author={ Tang, Kaihua  and  Niu, Yulei  and  Huang, Jianqiang  and  Shi, Jiaxin  and  Zhang, Hanwang },
  booktitle = {IEEE/CVF Conference on Computer Vision and Pattern Recognition (CVPR)},
  year={2020},
}
@inproceedings{2019Counterfactual,
  title={Counterfactual Critic Multi-Agent Training for Scene Graph Generation},
  author={ Chen, Long  and  Zhang, Hanwang  and  Xiao, Jun  and  He, Xiangnan  and  Chang, Shih Fu },
  booktitle={IEEE/CVF International Conference on Computer Vision (ICCV)},
  year={2019}
}
@InProceedings{Paz_2017_CVPR,
author = {Lopez-Paz, David and Nishihara, Robert and Chintala, Soumith and Scholkopf, Bernhard and Bottou, Leon},
title = {Discovering Causal Signals in Images},
booktitle = {IEEE/CVF Conference on Computer Vision and Pattern Recognition (CVPR)},
year = {2017}
}
@InProceedings{2020Counterfactual,
  title={Counterfactual Samples Synthesizing for Robust Visual Question Answering},
  author={ Chen, Long  and  Yan, Xin  and  Xiao, Jun  and  Zhang, Hanwang  and  Pu, Shiliang  and  Zhuang, Yueting },
  booktitle = {IEEE/CVF Conference on Computer Vision and Pattern Recognition (CVPR)},
  year = {2020}
}

@InProceedings{Wang_2020_CVPR,
author = {Wang, Tan and Huang, Jianqiang and Zhang, Hanwang and Sun, Qianru},
title = {Visual Commonsense R-CNN},
booktitle = {IEEE/CVF Conference on Computer Vision and Pattern Recognition (CVPR)},
year = {2020}
}
@inproceedings{muandet2013domain,
  title={Domain generalization via invariant feature representation},
  author={Muandet, Krikamol and Balduzzi, David and Sch{\"o}lkopf, Bernhard},
  booktitle={International Conference on Machine Learning (ICML)},
  year={2013},
  
}
@inproceedings{ghifary2015domain,
  title={Domain generalization for object recognition with multi-task autoencoders},
  author={Ghifary, Muhammad and Kleijn, W Bastiaan and Zhang, Mengjie and Balduzzi, David},
  booktitle={IEEE/CVF International Conference on Computer Vision (ICCV)},
  year={2015}
}
@inproceedings{motiian2017unified,
  title={Unified deep supervised domain adaptation and generalization},
  author={Motiian, Saeid and Piccirilli, Marco and Adjeroh, Donald A and Doretto, Gianfranco},
  booktitle={IEEE/CVF International Conference on Computer Vision (ICCV)},
  year={2017}
}
@inproceedings{WangHLX19,
  author={Haohan Wang and Zexue He and Zachary C. Lipton and Eric P. Xing},
  title     = {Learning Robust Representations by Projecting Superficial Statistics Out},
  booktitle = {International Conference on Learning Representations (ICLR)},
  year={2019}
}
@inproceedings{du2020learning,
  title={Learning to learn with variational information bottleneck for domain generalization},
  author={Du, Yingjun and Xu, Jun and Xiong, Huan and Qiu, Qiang and Zhen, Xiantong and Snoek, Cees GM and Shao, Ling},
  booktitle={European Conference on Computer Vision (ECCV)},
  year={2020},
  organization={Springer}
}
@inproceedings{volpi2018generalizing,
  title={Generalizing to unseen domains via adversarial data augmentation},
  author={Volpi, Riccardo and Namkoong, Hongseok and Sener, Ozan and Duchi, John C and Murino, Vittorio and Savarese, Silvio},
  booktitle={Advances in Neural Information Processing Systems (NeurIPS)},
  year={2018}
}
@inproceedings{zhou2020learning,
  title={Learning to generate novel domains for domain generalization},
  author={Zhou, Kaiyang and Yang, Yongxin and Hospedales, Timothy and Xiang, Tao},
  booktitle={European Conference on Computer Vision (ECCV)},
  year={2020},
  organization={Springer}
}
@inproceedings{ShankarPCCJS18,
  author    = {Shankar, Shiv and Piratla, Vihari and Chakrabarti, Soumen and Chaudhuri, Siddhartha and Jyothi, Preethi and Sarawagi, Sunita},
  title     = {Generalizing Across Domains via Cross-Gradient Training},
  booktitle = {International Conference on Learning Representations (ICLR)},
  year      = {2018}
}
@inproceedings{carlucci2019domain,
  title={Domain generalization by solving jigsaw puzzles},
  author={Carlucci, Fabio M and D'Innocente, Antonio and Bucci, Silvia and Caputo, Barbara and Tommasi, Tatiana},
  booktitle={IEEE/CVF Conference on Computer Vision and Pattern Recognition (CVPR)},
  year={2019}
}
@inproceedings{sun2021counterfactual,
  title={Counterfactual Debiasing Inference for Compositional Action Recognition},
  author={Sun, Pengzhan and Wu, Bo and Li, Xunsong and Li, Wen and Duan, Lixin and Gan, Chuang},
  booktitle={ACM International Conference on Multimedia (ACM MM)},
  year={2021}
}
@inproceedings{nan2021interventional,
  title={Interventional video grounding with dual contrastive learning},
  author={Nan, Guoshun and Qiao, Rui and Xiao, Yao and Liu, Jun and Leng, Sicong and Zhang, Hao and Lu, Wei},
  booktitle={IEEE/CVF Conference on Computer Vision and Pattern Recognition (CVPR)},
  year={2021}
}
@inproceedings{liu2021learning,
  title={Learning causal semantic representation for out-of-distribution prediction},
  author={Liu, Chang and Sun, Xinwei and Wang, Jindong and Tang, Haoyue and Li, Tao and Qin, Tao and Chen, Wei and Liu, Tie-Yan},
  booktitle={Advances in Neural Information Processing Systems (NeurIPS)},
  year={2021}
}
@article{heinze2021conditional,
  title={Conditional variance penalties and domain shift robustness},
  author={Heinze-Deml, Christina and Meinshausen, Nicolai},
  journal={Machine Learning},
  year={2021},
  publisher={Springer}
}
@inproceedings{mahajan2021domain,
  title={Domain generalization using causal matching},
  author={Mahajan, Divyat and Tople, Shruti and Sharma, Amit},
  booktitle={International Conference on Machine Learning (ICML)},
  year={2021},
  
}
@article{cubuk2018autoaugment,
  title={Autoaugment: Learning augmentation policies from data},
  author={Cubuk, Ekin D and Zoph, Barret and Mane, Dandelion and Vasudevan, Vijay and Le, Quoc V},
  journal={arXiv preprint arXiv:1805.09501},
  year={2018}
}
@inproceedings{lim2019fast,
  title={Fast autoaugment},
  author={Lim, Sungbin and Kim, Ildoo and Kim, Taesup and Kim, Chiheon and Kim, Sungwoong},
  booktitle={Advances in Neural Information Processing Systems (NeurIPS)},
  year={2019}
}
@inproceedings{ho2019population,
  title={Population based augmentation: Efficient learning of augmentation policy schedules},
  author={Ho, Daniel and Liang, Eric and Chen, Xi and Stoica, Ion and Abbeel, Pieter},
  booktitle={International Conference on Machine Learning (ICML)},
  year={2019},
  
}
@inproceedings{cubuk2020randaugment,
  title={Randaugment: Practical automated data augmentation with a reduced search space},
  author={Cubuk, Ekin D and Zoph, Barret and Shlens, Jonathon and Le, Quoc V},
  booktitle={IEEE/CVF Conference on Computer Vision and Pattern Recognition Workshops (CVPRW)},
  year={2020}
}
@article{lecun1998gradient,
  title={Gradient-based learning applied to document recognition},
  author={LeCun, Yann and Bottou, L{\'e}on and Bengio, Yoshua and Haffner, Patrick},
  journal={Proceedings of the IEEE},
  year={1998},
  publisher={Ieee}
}
@article{netzer2011reading,
  title={Reading digits in natural images with unsupervised feature learning},
  author={Netzer, Yuval and Wang, Tao and Coates, Adam and Bissacco, Alessandro and Wu, Bo and Ng, Andrew Y},
  journal={NeurIPS workshop on deep learning and unsupervised feature learning (NeurIPSW)},
  year={2011}
}
@inproceedings{liu2022automix,
  title={Automix: Unveiling the power of mixup for stronger classifiers},
  author={Liu, Zicheng and Li, Siyuan and Wu, Di and Liu, Zihan and Chen, Zhiyuan and Wu, Lirong and Li, Stan Z},
  booktitle={European Conference on Computer Vision (ECCV)},
  year={2022},
  organization={Springer}
}
@article{berthelot2019mixmatch,
  title={Mixmatch: A holistic approach to semi-supervised learning},
  author={Berthelot, David and Carlini, Nicholas and Goodfellow, Ian and Papernot, Nicolas and Oliver, Avital and Raffel, Colin A},
  journal={Advances in neural information processing systems (NeurIPS)},

  year={2019}
}
@inproceedings{verma2019manifold,
  title={Manifold mixup: Better representations by interpolating hidden states},
  author={Verma, Vikas and Lamb, Alex and Beckham, Christopher and Najafi, Amir and Mitliagkas, Ioannis and Lopez-Paz, David and Bengio, Yoshua},
  booktitle={International conference on machine learning (ICML)},

  year={2019},
}
@article{pearson1895vii,
  title={VII. Note on regression and inheritance in the case of two parents},
  author={Pearson, Karl},
  journal={proceedings of the royal society of London},
  year={1895},
  publisher={The Royal Society London}
}
@inproceedings{zhou2020domain,
  title={Domain Generalization with MixStyle},
  author={Zhou, Kaiyang and Yang, Yongxin and Qiao, Yu and Xiang, Tao},
  booktitle={International Conference on Learning Representations (ICLR)},
  year={2020}
}
@inproceedings{kim2020puzzle,
  title={Puzzle mix: Exploiting saliency and local statistics for optimal mixup},
  author={Kim, Jang-Hyun and Choo, Wonho and Song, Hyun Oh},
  booktitle={International Conference on Machine Learning (ICML)},
  year={2020},
}
@inproceedings{yun2019cutmix,
  title={Cutmix: Regularization strategy to train strong classifiers with localizable features},
  author={Yun, Sangdoo and Han, Dongyoon and Oh, Seong Joon and Chun, Sanghyuk and Choe, Junsuk and Yoo, Youngjoon},
  booktitle={Proceedings of the IEEE/CVF international conference on computer vision (ICCV)},

  year={2019}
}
@inproceedings{ganin2015unsupervised,
  title={Unsupervised domain adaptation by backpropagation},
  author={Ganin, Yaroslav and Lempitsky, Victor},
  booktitle={International Conference on Machine Learning (ICML)},
  year={2015},
  
}
@article{hull1994database,
  title={A database for handwritten text recognition research},
  author={Hull, Jonathan J.},
  journal={IEEE Transactions on Pattern Analysis and Machine Intelligence (T-PAMI)},
  year={1994},
  publisher={IEEE}
}
@inproceedings{HendrycksD19,
  author= {Dan Hendrycks and Thomas G. Dietterich},
  title= {Benchmarking Neural Network Robustness to Common Corruptions and Perturbations},
  booktitle = {International Conference on Learning Representations (ICLR)},
  year      = {2019},
}
@article{krizhevsky2009learning,
  title={Learning multiple layers of features from tiny images},
  author={Krizhevsky, Alex and Hinton, Geoffrey and others},
  year={2009},
  publisher={Citeseer}
}
@inproceedings{li2017deeper,
  title={Deeper, broader and artier domain generalization},
  author={Li, Da and Yang, Yongxin and Song, Yi-Zhe and Hospedales, Timothy M},
  booktitle={IEEE/CVF International Conference on Computer Vision (ICCV)},
  year={2017}
}
@article{lecun1989backpropagation,
  title={Backpropagation applied to handwritten zip code recognition},
  author={LeCun, Yann and Boser, Bernhard and Denker, John S and Henderson, Donnie and Howard, Richard E and Hubbard, Wayne and Jackel, Lawrence D},
  journal={Neural Computation},

  year={1989},
  publisher={MIT Press}
}
@inproceedings{kingma2015adam,
  title={Adam: A Method for Stochastic Optimization},
  author={Kingma, Diederik P and Ba, Jimmy},
  booktitle={International Conference on Learning Representations (ICLR)},
  year={2015}
}
@inproceedings{zagoruyko2016wide,
  title={Wide Residual Networks},
  author={Zagoruyko, Sergey and Komodakis, Nikos},
  booktitle={British Machine Vision Conference (BMVC)},
  year={2016},
  organization={British Machine Vision Association}
}
@article{loshchilov2016sgdr,
  title={Sgdr: Stochastic gradient descent with warm restarts},
  author={Loshchilov, Ilya and Hutter, Frank},
  journal={arXiv preprint arXiv:1608.03983},
  year={2016}
}
@inproceedings{loshchilov2016sgdr,
  author    = {Ilya Loshchilov and Frank Hutter},
  title     = {{SGDR:} Stochastic Gradient Descent with Warm Restarts},
  booktitle = {International Conference on Learning Representations (ICLR)},
  year      = {2017}
}
@inproceedings{he2016deep,
  title={Deep residual learning for image recognition},
  author={He, Kaiming and Zhang, Xiangyu and Ren, Shaoqing and Sun, Jian},
  booktitle={IEEE/CVF Conference on Computer Vision and Pattern Recognition (CVPR)},
  year={2016}
}
@book{koltchinskii2011oracle,
  title={Oracle inequalities in empirical risk minimization and sparse recovery problems: {\'E}cole D’{\'E}t{\'e} de Probabilit{\'e}s de Saint-Flour XXXVIII-2008},
  author={Koltchinskii, Vladimir},
  year={2011},
  publisher={Springer Science \& Business Media}
}

@inproceedings{xu2019d,
  title={d-sne: Domain adaptation using stochastic neighborhood embedding},
  author={Xu, Xiang and Zhou, Xiong and Venkatesan, Ragav and Swaminathan, Gurumurthy and Majumder, Orchid},
  booktitle={IEEE/CVF Conference on Computer Vision and Pattern Recognition (CVPR)},
  year={2019}
}
@inproceedings{cubuk2019autoaugment,
  title={Autoaugment: Learning augmentation strategies from data},
  author={Cubuk, Ekin D and Zoph, Barret and Mane, Dandelion and Vasudevan, Vijay and Le, Quoc V},
  booktitle={IEEE/CVF Conference on Computer Vision and Pattern Recognition (CVPR)},

  year={2019}
}
@inproceedings{Long2020Maximum,
 author = {Zhao, Long and Liu, Ting and Peng, Xi and Metaxas, Dimitris},
 title = {Maximum-Entropy Adversarial Data Augmentation for Improved Generalization and Robustness},
 booktitle = {Advances in Neural Information Processing Systems (NeurIPS)},
 year = {2020}
}
@inproceedings{volpi2019addressing,
  title={Addressing model vulnerability to distributional shifts over image transformation sets},
  author={Volpi, Riccardo and Murino, Vittorio},
  booktitle={IEEE/CVF International Conference on Computer Vision (ICCV)},
  year={2019}
}
@inproceedings{huang2020self,
  title={Self-challenging improves cross-domain generalization},
  author={Huang, Zeyi and Wang, Haohan and Xing, Eric P and Huang, Dong},
  booktitle={European Conference on Computer Vision (ECCV)},
  year={2020},
  organization={Springer}
}
@inproceedings{sugiyama2006mixture,
  title={Mixture regression for covariate shift},
  author={Sugiyama, Masashi and Storkey, Amos J},
  booktitle={Advances in Neural Information Processing Systems (NeurIPS)},
  year={2006}
}
@inproceedings{balaji2018metareg,
  title={Metareg: Towards domain generalization using meta-regularization},
  author={Balaji, Yogesh and Sankaranarayanan, Swami and Chellappa, Rama},
  booktitle={Advances in Neural Information Processing Systems (NeurIPS)},
  year={2018}
}
@inproceedings{xu2020robust,
  title={Robust and Generalizable Visual Representation Learning via Random Convolutions},
  author={Xu, Zhenlin and Liu, Deyi and Yang, Junlin and Raffel, Colin and Niethammer, Marc},
  booktitle={International Conference on Learning Representations (ICLR)},
  year={2020}
}
@inproceedings{zhang2013domain,
  title={Domain adaptation under target and conditional shift},
  author={Zhang, Kun and Sch{\"o}lkopf, Bernhard and Muandet, Krikamol and Wang, Zhikun},
  booktitle={International Conference on Machine Learning (ICML)},
  year={2013},
  
}
@inproceedings{donahue2014decaf,
  title={Decaf: A deep convolutional activation feature for generic visual recognition},
  author={Donahue, Jeff and Jia, Yangqing and Vinyals, Oriol and Hoffman, Judy and Zhang, Ning and Tzeng, Eric and Darrell, Trevor},
  booktitle={International Conference on Machine Learning (ICML)},
  year={2014}
}
@inproceedings{li2019episodic,
  title={Episodic training for domain generalization},
  author={Li, Da and Zhang, Jianshu and Yang, Yongxin and Liu, Cong and Song, Yi-Zhe and Hospedales, Timothy M},
  booktitle={IEEE/CVF International Conference on Computer Vision (ICCV)},
  year={2019}
}

@inproceedings{dou2019domain,
  title={Domain generalization via model-agnostic learning of semantic features},
  author={Dou, Qi and Coelho de Castro, Daniel and Kamnitsas, Konstantinos and Glocker, Ben},
  booktitle={Advances in Neural Information Processing Systems (NeurIPS)},
  year={2019}
}
@inproceedings{matsuura2020domain,
  title={Domain generalization using a mixture of multiple latent domains},
  author={Matsuura, Toshihiko and Harada, Tatsuya},
  booktitle={Proceedings of the AAAI Conference on Artificial Intelligence (AAAI)},
  year={2020}
}
@inproceedings{lv2022causality,
	title={Causality Inspired Representation Learning for Domain Generalization},
	author={Lv, Fangrui and Liang, Jian and Li, Shuang and Zang, Bin and Liu, Chi Harold and Wang, Ziteng and Liu, Di},
	booktitle={IEEE/CVF Conference on Computer Vision and Pattern Recognition (CVPR)},
	year={2022}
}
@inproceedings{zhou2020deep,
  title={Deep domain-adversarial image generation for domain generalisation},
  author={Zhou, Kaiyang and Yang, Yongxin and Hospedales, Timothy and Xiang, Tao},
  booktitle={Proceedings of the AAAI Conference on Artificial Intelligence (AAAI)},
  year={2020}
}

@inproceedings{chen2023meta,
  title={Meta-causal learning for single domain generalization},
  author={Chen, Jin and Gao, Zhi and Wu, Xinxiao and Luo, Jiebo},
  booktitle={Proceedings of the IEEE/CVF Conference on Computer Vision and Pattern Recognition (CVPR)},
  year={2023}
}
@article{ganin2016domain,
  title={Domain-adversarial training of neural networks},
  author={Ganin, Yaroslav and Ustinova, Evgeniya and Ajakan, Hana and Germain, Pascal and Larochelle, Hugo and Laviolette, Fran{\c{c}}ois and Marchand, Mario and Lempitsky, Victor},
  journal={The Journal of Machine Learning Research},
  year={2016},
  publisher={JMLR. org}
}

@article{gao2022distributionally,
  title={Distributionally robust stochastic optimization with Wasserstein distance},
  author={Gao, Rui and Kleywegt, Anton},
  journal={Mathematics of Operations Research},
  year={2022},
  publisher={INFORMS}
}



@article{bousmalis2016domain,
  title={Domain separation networks},
  author={Bousmalis, Konstantinos and Trigeorgis, George and Silberman, Nathan and Krishnan, Dilip and Erhan, Dumitru},
  booktitle={Advances in Neural Information Processing Systems (NeurIPS)},
  year={2016}
}


@inproceedings{li2019episodic,
  title={Episodic training for domain generalization},
  author={Li, Da and Zhang, Jianshu and Yang, Yongxin and Liu, Cong and Song, Yi-Zhe and Hospedales, Timothy M},
  booktitle={Proceedings of the IEEE/CVF International Conference on Computer Vision (ICCV)},
  year={2019}
}
@inproceedings{mancini2018best,
  title={Best sources forward: domain generalization through source-specific nets},
  author={Mancini, Massimiliano and Bulo, Samuel Rota and Caputo, Barbara and Ricci, Elisa},
  booktitle={2018 25th IEEE International Conference on Image Processing },
  year={2018},
  organization={IEEE}
}
@inproceedings{upchurch2017deep,
  title={Deep feature interpolation for image content changes},
  author={Upchurch, Paul and Gardner, Jacob and Pleiss, Geoff and Pless, Robert and Snavely, Noah and Bala, Kavita and Weinberger, Kilian},
  booktitle={Proceedings of the IEEE Conference on Computer Vision and Pattern Recognition ()},
  year={2017}
}
@article{blanchet2019quantifying,
  title={Quantifying distributional model risk via optimal transport},
  author={Blanchet, Jose and Murthy, Karthyek},
  journal={Mathematics of Operations Research},
  year={2019},
  publisher={INFORMS}
}
@article{french2017self,
  title={Self-ensembling for visual domain adaptation},
  author={French, Geoffrey and Mackiewicz, Michal and Fisher, Mark},
  journal={arXiv preprint arXiv:1706.05208},
  year={2017}
}

@inproceedings{murez2018image,
  title={Image to image translation for domain adaptation},
  author={Murez, Zak and Kolouri, Soheil and Kriegman, David and Ramamoorthi, Ravi and Kim, Kyungnam},
  booktitle={Proceedings of the IEEE Conference on Computer Vision and Pattern Recognition (CVPR)},
  year={2018}
}
@article{shu2018dirt,
  title={A dirt-t approach to unsupervised domain adaptation},
  author={Shu, Rui and Bui, Hung H and Narui, Hirokazu and Ermon, Stefano},
  journal={arXiv preprint arXiv:1802.08735},
  year={2018}
}
@inproceedings{yao2010boosting,
  title={Boosting for transfer learning with multiple sources},
  author={Yao, Yi and Doretto, Gianfranco},
  booktitle={Proceedings of the IEEE Conference on Computer Vision and Pattern Recognition (CVPR)},
  year={2010},
  organization={IEEE}
}
@article{hinton2015distilling,
  title={Distilling the knowledge in a neural network},
  author={Hinton, Geoffrey and Vinyals, Oriol and Dean, Jeff},
  journal={arXiv preprint arXiv:1503.02531},
  year={2015}
}
@inproceedings{long2015learning,
  title={Learning transferable features with deep adaptation networks},
  author={Long, Mingsheng and Cao, Yue and Wang, Jianmin and Jordan, Michael},
  booktitle={International Conference on Machine Learning (ICML)},
  year={2015},
  
}
@article{tzeng2014deep,
  title={Deep domain confusion: Maximizing for domain invariance},
  author={Tzeng, Eric and Hoffman, Judy and Zhang, Ning and Saenko, Kate and Darrell, Trevor},
  journal={arXiv preprint arXiv:1412.3474},
  year={2014}
}
@article{li2018adaptive,
  title={Adaptive batch normalization for practical domain adaptation},
  author={Li, Yanghao and Wang, Naiyan and Shi, Jianping and Hou, Xiaodi and Liu, Jiaying},
  journal={Pattern Recognition},
  year={2018},
  publisher={Elsevier}
}%balaji2018metareg,li2019episodic,pandey2021domain,shankar2018generalizing
@article{balaji2018metareg,
  title={Metareg: Towards domain generalization using meta-regularization},
  author={Balaji, Yogesh and Sankaranarayanan, Swami and Chellappa, Rama},
  booktitle={Advances in Neural Information Processing Systems (NeurIPS)},
  year={2018}
}

@article{pandey2021domain,
  title={Domain generalization via inference-time label-preserving target projections},
  author={Pandey, Prashant and Raman, Mrigank and Varambally, Sumanth and AP, Prathosh},
  journal={arXiv preprint arXiv:2103.01134},
  year={2021}
}
@article{shankar2018generalizing,
  title={Generalizing across domains via cross-gradient training},
  author={Shankar, Shiv and Piratla, Vihari and Chakrabarti, Soumen and Chaudhuri, Siddhartha and Jyothi, Preethi and Sarawagi, Sunita},
  journal={arXiv preprint arXiv:1804.10745},
  year={2018}
}
@article{pan2009survey,
  title={A survey on transfer learning},
  author={Pan, Sinno Jialin and Yang, Qiang},
  journal={IEEE Transactions on knowledge and data engineering},
  year={2009},
  publisher={IEEE}
}
@inproceedings{blanchard2011generalizing,
  title={Generalizing from several related classification tasks to a new unlabeled sample},
  author={Blanchard, Gilles and Lee, Gyemin and Scott, Clayton},
  booktitle={Advances in Neural information processing systems (NeurIPS)},

  year={2011}
}
@inproceedings{zhang2018mixup,
  title={mixup: Beyond Empirical Risk Minimization},
  author={Zhang, Hongyi and Cisse, Moustapha and Dauphin, Yann N and Lopez-Paz, David},
  booktitle={International Conference on Learning Representations (ICLR)},
  year={2018}
}
@article{weiss2016survey,
  title={A survey of transfer learning},
  author={Weiss, Karl and Khoshgoftaar, Taghi M and Wang, DingDing},
  journal={Journal of Big data},
  year={2016},
  publisher={Springer}
}
@book{goodfellow2016deep,
  title={Deep learning},
  author={Goodfellow, Ian and Bengio, Yoshua and Courville, Aaron},
  year={2016},
  publisher={MIT press}
}
@article{lecun2015deep,
  title={Deep learning},
  author={LeCun, Yann and Bengio, Yoshua and Hinton, Geoffrey},
  journal={nature},
  year={2015},
  publisher={Nature Publishing Group UK London}
}
@inproceedings{denker1989neural,
  title={Neural network recognizer for hand-written zip code digits},
  author={Denker, John S and Gardner, WR and Graf, Hans Peter and Henderson, Donnie and Howard, Richard E and Hubbard, W and Jackel, Lawrence D and Baird, Henry S and Guyon, Isabelle},
  booktitle={Advances in Neural Information Processing Systems (NeurIPS)},
  year={1989},
  organization={Citeseer}
}
@article{hendrycks2019benchmarking,
  title={Benchmarking neural network robustness to common corruptions and perturbations},
  author={Hendrycks, Dan and Dietterich, Thomas},
  journal={arXiv preprint arXiv:1903.12261},
  year={2019}
}
@article{krizhevsky2009learning,
  title={Learning multiple layers of features from tiny images},
  author={Krizhevsky, Alex and Hinton, Geoffrey and others},
  year={2009},
  publisher={Citeseer}
}

@article{mcinnes2018umap,
  title={Umap: Uniform manifold approximation and projection for dimension reduction},
  author={McInnes, Leland and Healy, John and Melville, James},
  journal={arXiv preprint arXiv:1802.03426},
  year={2018}
}


@inproceedings{chattopadhyay2020learning,
  title={Learning to balance specificity and invariance for in and out of domain generalization},
  author={Chattopadhyay, Prithvijit and Balaji, Yogesh and Hoffman, Judy},
  booktitle={European Conference on Computer Vision (ECCV)},
  year={2020},
  organization={Springer}
}


@article{hendrycks2019using,
  title={Using self-supervised learning can improve model robustness and uncertainty},
  author={Hendrycks, Dan and Mazeika, Mantas and Kadavath, Saurav and Song, Dawn},
  journal={arXiv preprint arXiv:1906.12340},
  year={2019}
}
@inproceedings{sun2020test,
  title={Test-time training with self-supervision for generalization under distribution shifts},
  author={Sun, Yu and Wang, Xiaolong and Liu, Zhuang and Miller, John and Efros, Alexei and Hardt, Moritz},
  booktitle={International Conference on Machine Learning (ICML)},

  year={2020},
  
}


@inproceedings{zhang2017st,
  title={St-gan: Unsupervised facial image semantic transformation using generative adversarial networks},
  author={Zhang, Jichao and Zhong, Fan and Cao, Gongze and Qin, Xueying},
  booktitle={Asian Conference on Machine Learning (ACML)},
  year={2017},
  
}


@inproceedings{zhang2019adversarial,
  title={Adversarial AutoAugment},
  author={Zhang, Xinyu and Wang, Qiang and Zhang, Jian and Zhong, Zhao},
  booktitle={International Conference on Learning Representations (ICLR)},
  year={2019}
}

@article{chen2021distributionally,
  title={Distributionally robust learning},
  author={Chen, Ruidi and Paschalidis, Ioannis Ch},
  journal={arXiv preprint arXiv:2108.08993},
  year={2021}
}
@article{rahimian2019distributionally,
  title={Distributionally robust optimization: A review},
  author={Rahimian, Hamed and Mehrotra, Sanjay},
  journal={arXiv preprint arXiv:1908.05659},
  year={2019}
}
@incollection{kuhn2019wasserstein,
  title={Wasserstein distributionally robust optimization: Theory and applications in machine learning},
  author={Kuhn, Daniel and Esfahani, Peyman Mohajerin and Nguyen, Viet Anh and Shafieezadeh-Abadeh, Soroosh},
  booktitle={Operations Research \& Management Science in the Age of Analytics},
  year={2019},
  publisher={INFORMS}
}
@article{wang2021cross,
  title={Cross-domain few-shot classification via adversarial task augmentation},
  author={Wang, Haoqing and Deng, Zhi-Hong},
  journal={arXiv preprint arXiv:2104.14385},
  year={2021}
}
@inproceedings{nguyen2020towards,
  title={Towards a robust WiFi-based fall detection with adversarial data augmentation},
  author={Nguyen, Tuan-Duy H and Nguyen, Huu-Nghia H},
  booktitle={2020 54th Annual Conference on Information Sciences and Systems},
  year={2020},
  organization={IEEE}
}
@inproceedings{zhong2020random,
  title={Random erasing data augmentation},
  author={Zhong, Zhun and Zheng, Liang and Kang, Guoliang and Li, Shaozi and Yang, Yi},
  booktitle={Proceedings of the AAAI Conference on Artificial Intelligence (AAAI)},

  year={2020}
}
@article{shorten2019survey,
  title={A survey on image data augmentation for deep learning},
  author={Shorten, Connor and Khoshgoftaar, Taghi M},
  journal={Journal of Big Data},

  year={2019},
  publisher={Springer}
}

@inproceedings{wang2021learning,
  title={Learning to diversify for single domain generalization},
  author={Wang, Zijian and Luo, Yadan and Qiu, Ruihong and Huang, Zi and Baktashmotlagh, Mahsa},
  booktitle={Proceedings of the IEEE/CVF International Conference on Computer Vision (ICCV)},
  year={2021}
}


@inproceedings{zoph2020learning,
  title={Learning data augmentation strategies for object detection},
  author={Zoph, Barret and Cubuk, Ekin D and Ghiasi, Golnaz and Lin, Tsung-Yi and Shlens, Jonathon and Le, Quoc V},
  booktitle={European Conference on Computer Vision (ECCV)},
  year={2020},
  organization={Springer}
}
@inproceedings{tang2020onlineaugment,
  title={OnlineAugment: Online data augmentation with less domain knowledge},
  author={Tang, Zhiqiang and Gao, Yunhe and Karlinsky, Leonid and Sattigeri, Prasanna and Feris, Rogerio and Metaxas, Dimitris},
  booktitle={Computer Vision--ECCV 2020: 16th European Conference},
  year={2020},
  organization={Springer}
}

@InProceedings{Cugu_2022_CVPR,
    author    = {Cugu, Ilke and Mancini, Massimiliano and Chen, Yanbei and Akata, Zeynep},
    title     = {Attention consistency on visual corruptions for single-source domain generalization},
    booktitle = {Proceedings of the IEEE/CVF Conference on Computer Vision and Pattern Recognition Workshops (CVPRW)},
    year      = {2022},

}
@inproceedings{hendrycks2019augmix,
  title={AugMix: A simple data processing method to improve robustness and uncertainty},
  author={Hendrycks, Dan and Mu, Norman and Cubuk, Ekin Dogus and Zoph, Barret and Gilmer, Justin and Lakshminarayanan, Balaji},
  booktitle={International Conference on Learning Representations (ICLR)},
  year={2019}
}


@inproceedings{peng2019moment,
  title={Moment matching for multi-source domain adaptation},
  author={Peng, Xingchao and Bai, Qinxun and Xia, Xide and Huang, Zijun and Saenko, Kate and Wang, Bo},
  booktitle={Proceedings of the IEEE/CVF International Conference on Computer Vision (ICCV)},
  year={2019}
}
@InProceedings{Cubuk_2020_CVPR_Workshops,
author = {Cubuk, Ekin D. and Zoph, Barret and Shlens, Jonathon and Le, Quoc V.},
title = {Randaugment: Practical automated data augmentation with a reduced search space},
booktitle = {Proceedings of the IEEE/CVF Conference on Computer Vision and Pattern Recognition Workshops (CVPRW)},
month = {June},
year = {2020}
}
@InProceedings{Yun_2019_ICCV,
author = {Yun, Sangdoo and Han, Dongyoon and Oh, Seong Joon and Chun, Sanghyuk and Choe, Junsuk and Yoo, Youngjoon},
title = {CutMix: Regularization strategy to train strong classifiers with localizable features},
booktitle = {Proceedings of the IEEE/CVF International Conference on Computer Vision (ICCV)},
month = {October},
year = {2019}
}
@inproceedings{braun2024deep,
  title={Deep Classifier Mimicry without Data Access},
  author={Braun, Steven and Mundt, Martin and Kersting, Kristian},
  booktitle={International Conference on Artificial Intelligence and Statistics (AISTATS)},
  year={2024},
  
}
@inproceedings{gulrajani2020search,
  title={In Search of Lost Domain Generalization},
  author={Gulrajani, Ishaan and Lopez-Paz, David},
  booktitle={International Conference on Learning Representations (ICLR)},
  year={2020}
}
@article{howard2018universal,
  title={Universal language model fine-tuning for text classification},
  author={Howard, Jeremy and Ruder, Sebastian},
  journal={Proceedings of Annual Meeting of the Association for Computational Linguistics (ACL) },
  year={2018}
}


@article{lian2021geometry,
  title={Geometry-aware data augmentation for monocular 3D object detection},
  author={Lian, Qing and Ye, Botao and Xu, Ruijia and Yao, Weilong and Zhang, Tong},
  journal={arXiv preprint arXiv:2104.05858},
  year={2021}
}

@inproceedings{li2018learning,
  title={Learning to generalize: Meta-learning for domain generalization},
  author={Li, Da and Yang, Yongxin and Song, Yi-Zhe and Hospedales, Timothy M},
  booktitle={Thirty-Second AAAI Conference on Artificial Intelligence (AAAI)},
  year={2018}
}

@inproceedings{sinha2018certifying,
  title={Certifying some distributional robustness with principled adversarial training},
  author={Sinha, Aman and Namkoong, Hongseok and Duchi, John},
  booktitle={International Conference on Learning Representations (ICLR)},
  year={2018}
}

@article{bartlett2002rademacher,
  title={Rademacher and Gaussian complexities: Risk bounds and structural results},
  author={Bartlett, Peter L and Mendelson, Shahar},
  journal={Journal of Machine Learning Research},
  year={2002}
}
@article{krizhevsky2012imagenet,
  title={Imagenet classification with deep convolutional neural networks},
  author={Krizhevsky, Alex and Sutskever, Ilya and Hinton, Geoffrey E},
  booktitle={Advances in Neural Information Processing Systems (NeurIPS)},

  year={2012}
}
@inproceedings{he2016deep,
  title={Deep residual learning for image recognition},
  author={He, Kaiming and Zhang, Xiangyu and Ren, Shaoqing and Sun, Jian},
  booktitle={Proceedings of the IEEE Conference on Computer Vision and Pattern Recognition (CVPR)},
  year={2016}
}

@article{zagoruyko2016wide,
  title={Wide residual networks},
  author={Zagoruyko, Sergey and Komodakis, Nikos},
  journal={arXiv preprint arXiv:1605.07146},
  year={2016}
}
@article{tolstikhin2017wasserstein,
  title={Wasserstein auto-encoders},
  author={Tolstikhin, Ilya and Bousquet, Olivier and Gelly, Sylvain and Schoelkopf, Bernhard},
  journal={arXiv preprint arXiv:1711.01558},
  year={2017}
}
@inproceedings{kolouri2018sliced,
  title={Sliced Wasserstein auto-encoders},
  author={Kolouri, Soheil and Pope, Phillip E and Martin, Charles E and Rohde, Gustavo K},
  booktitle={International Conference on Learning Representations (ICLR)},
  year={2018}
}
@article{wojcik2020adversarial,
  title={Adversarial examples detection and analysis with layer-wise autoencoders},
  author={W{\'o}jcik, Bartosz and Morawiecki, Pawe{\l} and {\'S}mieja, Marek and Krzy{\.z}ek, Tomasz and Spurek, Przemys{\l}aw and Tabor, Jacek},
  journal={arXiv preprint arXiv:2006.10013},
  year={2020}
}
@inproceedings{huang2020self,
  title={Self-challenging improves cross-domain generalization},
  author={Huang, Zeyi and Wang, Haohan and Xing, Eric P and Huang, Dong},
  booktitle={Computer Vision--ECCV 2020: 16th European Conference, Glasgow, UK, August 23--28, 2020, Proceedings, Part II 16},
  year={2020},
  organization={Springer}
}
@article{devries2017improved,
  title={Improved regularization of convolutional neural networks with cutout},
  author={DeVries, Terrance and Taylor, Graham W},
  journal={arXiv preprint arXiv:1708.04552},
  year={2017}
}
@article{ghiasi2018dropblock,
  title={Dropblock: A regularization method for convolutional networks},
  author={Ghiasi, Golnaz and Lin, Tsung-Yi and Le, Quoc V},
  journal={arXiv preprint arXiv:1810.12890},
  year={2018}
}
@article{luo2018differentiable,
  title={Differentiable learning-to-normalize via switchable normalization},
  author={Luo, Ping and Ren, Jiamin and Peng, Zhanglin and Zhang, Ruimao and Li, Jingyu},
  journal={arXiv preprint arXiv:1806.10779},
  year={2018}
}
@inproceedings{seo2020learning,
  title={Learning to optimize domain specific normalization for domain generalization},
  author={Seo, Seonguk and Suh, Yumin and Kim, Dongwan and Kim, Geeho and Han, Jongwoo and Han, Bohyung},
  booktitle={Computer Vision--ECCV 2020: 16th European Conference, Glasgow, UK, August 23--28, 2020, Proceedings, Part XXII 16},
  year={2020},
  organization={Springer}
}

@inproceedings{eriba2019kornia,
  author    = {E. Riba and D. Mishkin and D. Ponsa and E. Rublee and G. Bradski},
  title     = {Kornia: An open source differentiable computer vision library for PyTorch},
  booktitle = {Winter Conference on Applications of Computer Vision},
  year      = {2020},
  url       = {https://arxiv.org/pdf/1910.02190.pdf}
}

@article{khosla2020supervised,
  title={Supervised contrastive learning},
  author={Khosla, Prannay and Teterwak, Piotr and Wang, Chen and Sarna, Aaron and Tian, Yonglong and Isola, Phillip and Maschinot, Aaron and Liu, Ce and Krishnan, Dilip},
  booktitle={Advances in Neural Information Processing Systems (NeurIPS)},
  year={2020}
}

@inproceedings{
Bhattad2020Unrestricted,
title={Unrestricted Adversarial Examples via Semantic Manipulation},
author={Anand Bhattad and Min Jin Chong and Kaizhao Liang and Bo Li and D. A. Forsyth},
booktitle={International Conference on Learning Representations (ICLR)},
year={2020},
url={https://openreview.net/forum?id=Sye_OgHFwH}
}

@inproceedings{mohapatra2020towards,
  title={Towards verifying robustness of neural networks against a family of semantic perturbations},
  author={Mohapatra, Jeet and Weng, Tsui-Wei and Chen, Pin-Yu and Liu, Sijia and Daniel, Luca},
  booktitle={Proceedings of the IEEE/CVF Conference on Computer Vision and Pattern Recognition (CVPR)},
  year={2020}
}

@article{Hosseini2018SemanticAE,
  title={Semantic adversarial examples},
  author={Hossein Hosseini and Radha Poovendran},
  journal={2018 IEEE/CVF Conference on Computer Vision and Pattern Recognition Workshops (CVPRW)},
  year={2018},
}

@article{hinton2012neural,
  title={Neural networks for machine learning lecture 6a overview of mini-batch gradient descent},
  author={Hinton, Geoffrey and Srivastava, Nitish and Swersky, Kevin},
  journal={Cited on},

  year={2012}
}

@inproceedings{paszke2019pytorch,
	title={PyTorch: An imperative style, high-performance deep learning library},
	author={Paszke, Adam and Gross, Sam and Massa, Francisco and Lerer, Adam and Bradbury, James and Chanan, Gregory and Killeen, Trevor and Lin, Zeming and Gimelshein, Natalia and Antiga, Luca and others},
	booktitle={Advances in Neural Information Processing Systems (NeurIPS)},
	year={2019}
}

@inproceedings{KingmaB14adam,
  author={Diederik P. Kingma and Jimmy Ba},
  title={Adam: A method for stochastic optimization},
  year={2015},
  cdate={1420070400000},
  booktitle={International Conference on Learning Representations (ICLR)}
}

@inproceedings{moosavi2016deepfool,
  title={Deepfool: A simple and accurate method to fool deep neural networks},
  author={Moosavi-Dezfooli, Seyed-Mohsen and Fawzi, Alhussein and Frossard, Pascal},
  booktitle={Proceedings of the IEEE Conference on Computer Vision and Pattern Recognition (CVPR)},
  year={2016}
}

@article{kurakin2016adversarial,
  title={Adversarial machine learning at scale},
  author={Kurakin, Alexey and Goodfellow, Ian and Bengio, Samy},
  journal={arXiv preprint arXiv:1611.01236},
  year={2016}
}
@inproceedings{xiao2018generating,
  title={Generating adversarial examples with adversarial networks},
  author={Xiao, Chaowei and Li, Bo and Zhu, Jun Yan and He, Warren and Liu, Mingyan and Song, Dawn},
  booktitle={27th International Joint Conference on Artificial Intelligence, IJCAI 2018},

  year={2018},
  organization={International Joint Conferences on Artificial Intelligence}
}

@inproceedings{venkateswara2017deep,
  title={Deep hashing network for unsupervised domain adaptation},
  author={Venkateswara, Hemanth and Eusebio, Jose and Chakraborty, Shayok and Panchanathan, Sethuraman},
  booktitle={Proceedings of the IEEE Conference on Computer Vision and Pattern Recognition (CVPR)},
  year={2017}
}

@inproceedings{gokhale2022semantically,
  title={Semantically distributed robust optimization for vision-and-language inference},
  author={Gokhale, Tejas and Chaudhary, Abhishek and Banerjee, Pratyay and Baral, Chitta and Yang, Yezhou},
  booktitle={Findings of the Association for Computational Linguistics: ACL 2022},
  year={2022}
}

@inproceedings{chen2022topological,
  title={Topological transduction for hybrid few-shot learning},
  author={Chen, Jiayi and Zhang, Aidong},
  booktitle={Proceedings of the ACM Web Conference 2022},
  year={2022}
}

@inproceedings{chen2021hetmaml,
  title={Hetmaml: Task-heterogeneous model-agnostic meta-learning for few-shot learning across modalities},
  author={Chen, Jiayi and Zhang, Aidong},
  booktitle={Proceedings of the 30th ACM International Conference on Information \& Knowledge Management},
  year={2021}
}

@inproceedings{finn2017model,
  title={Model-agnostic meta-learning for fast adaptation of deep networks},
  author={Finn, Chelsea and Abbeel, Pieter and Levine, Sergey},
  booktitle={International Conference on Machine Learning (ICML)},
  year={2017}
}

@article{zhang2023adversarial,
  title={Adversarial style augmentation for domain generalization},
  author={Zhang, Yabin and Deng, Bin and Li, Ruihuang and Jia, Kui and Zhang, Lei},
  journal={arXiv preprint arXiv:2301.12643},
  year={2023}
}




@inproceedings{zheng2023learning,
author = {Guangtao Zheng and Qiuling Suo and Mengdi Huai and Aidong Zhang},
title = {Learning to learn task transformations for improved few-shot classification},
booktitle = {Proceedings of the 2023 SIAM International Conference on Data Mining},

  year={2023},
}

@inproceedings{zheng2022knowledge,
  title={Knowledge-guided semantics adjustment for improved few-shot classification},
  author={Zheng, Guangtao and Zhang, Aidong},
  booktitle={IEEE International Conference on Data Mining (ICDM)},
  year={2022},
  organization={IEEE}
}
