@article{Biere2003BoundedMC,
  title={Bounded model checking},
  author={Armin Biere},
  journal={Adv. Comput.},
  year={2003},
  volume={58},
  pages={117-148},
  url={https://api.semanticscholar.org/CorpusID:6692303}
}

@article{brenguier2023jbmc,
  title={{JBMC: A Bounded Model Checking Tool for Java Bytecode}},
  author={Brenguier, Romain and Cordeiro, Lucas and Kroening, Daniel and Schrammel, Peter},
  journal={arXiv:2302.02381},
  year={2023}
}

@inproceedings{huster2015efficient,
  title={Efficient testing of different loop paths},
  author={Huster, Stefan and Burg, Sebastian and Eichelberger, Hanno and Laufenberg, Jo and Ruf, J{\"u}rgen and Kropf, Thomas and Rosenstiel, Wolfgang},
  booktitle={Software Engineering and Formal Methods: 13th International Conference, SEFM 2015, York, UK, September 7-11, 2015. Proceedings},
  pages={117--131},
  year={2015},
  organization={Springer}
}

@inproceedings{kroening2014cbmc,
  title={{CBMC--C Bounded Model Checker: (Competition Contribution)}},
  author={Kroening, Daniel and Tautschnig, Michael},
  booktitle={International Conference on Tools and Algorithms for the Construction and Analysis of Systems (TACAS)},
  pages={389--391},
  year={2014},
  organization={Springer}
}

@inproceedings{williams2005pathcrawler,
  title={Pathcrawler: Automatic generation of path tests by combining static and dynamic analysis},
  author={Williams, Nicky and Marre, Bruno and Mouy, Patricia and Roger, Muriel},
  booktitle={European Dependable Computing Conference},
  pages={281--292},
  year={2005},
  organization={Springer}
}

@inproceedings{williams2021towards,
  title={{Towards Exhaustive Branch Coverage with PathCrawler}},
  author={Williams, Nicky},
  booktitle={Int. Conference on Automation of Software Tests (AST)},
  pages={117--120},
  year={2021},
  organization={IEEE}
}

