@inproceedings{huster2015efficient,
  title={Efficient testing of different loop paths},
  author={Huster, Stefan and Burg, Sebastian and Eichelberger, Hanno and Laufenberg, Jo and Ruf, J{\"u}rgen and Kropf, Thomas and Rosenstiel, Wolfgang},
  booktitle={Software Engineering and Formal Methods: 13th International Conference, SEFM 2015, York, UK, September 7-11, 2015. Proceedings},
  pages={117--131},
  year={2015},
  organization={Springer}
}


@article{meyerprinciples,
  title={Seven principles of software testing},
  author={Meyer, Bertrand},
  journal={Computer},
  volume={41},
  number={8},
  pages={99--101},
  year={2008},
  publisher={IEEE}
}

@inproceedings{jalali,
  title={An empirical study on mutation, statement and branch coverage fault revelation that avoids the unreliable clean program assumption},
  author={Chekam, Thierry Titcheu and Papadakis, Mike and Le Traon, Yves and Harman, Mark},
  booktitle={2017 IEEE/ACM 39th International Conference on Software Engineering (ICSE)},
  pages={597--608},
  year={2017},
  organization={IEEE}
}

@inproceedings{gopinath,
  title={Does Going Beyond Branch Coverage Make Program Repair Tools More Reliable?},
  author={Nilizadeh, Amirfarhad and Leavens, Gary T and P{\u{a}}s{\u{a}}reanu, Corina S and Le, Xuan-Bach D and Cok, David R},
  booktitle={2024 IEEE Conference on Software Testing, Verification and Validation (ICST)},
  pages={281--292},
  year={2024},
  organization={IEEE}
}

@InProceedings{stoy1977denotational,
	author="Stoy, Joseph E.",
	editor="Bj{\o}orner, Dines",
	title="Foundations of denotational semantics",
	booktitle="Abstract Software Specifications",
	year="1980",
	publisher="Springer",
	pages="43--99",
	abstract="Chapters I and II of this paper provide an elementary introduction to the mathematical theory underlying the denotational semantic definition techniques described in this volume; the next two chapters discuss some techniques of use in reasoning about such definitions, and Chapter V describes one way of handling the semantics of languages involving jumps.",
	isbn="978-3-540-38136-5"
}



@book{meyer1990introduction,
	author = {Meyer, Bertrand},
	title = {Introduction to the theory of programming languages},
	year = {1990},
	isbn = {0134985109},
	publisher = {Prentice-Hall},
	note = {Publicly available version (updated 2023) at https://bertrandmeyer.com/ITPL.}
}

@BOOK{cousot2021principles,
	author = {Cousot, Patrick},
	title = {Principles of Abstract Interpretation},
	year = {2021},
	publisher = {MIT Press},
    year="2021"
	
}

@Inbook{meyer2015theory,
	author="Meyer, Bertrand",
	editor="Meyer, Bertrand	and Nordio, Martin",
	title="Theory of Programs",
	bookTitle="Software Engineering: International Summer Schools, LASER 2013-2014, Elba, Italy, Revised Tutorial Lectures",
	year="2015",
	publisher="Springer",
	pages="159--189",
	abstract="``Computer science'' (informatics) is really program science since a computer, by itself too general a machine to be of practical interest, yields useful machines through programs that people write for it.",
	isbn="978-3-319-28406-4",
	doi="10.1007/978-3-319-28406-4\_6",
	url="https://doi.org/10.1007/978-3-319-28406-4\_6",
	note      = {Available at \url{https://se.inf.ethz.ch/~meyer/publications/proofs/top.pdf}.}
}

@Inbook{branchcoverage,
	author="Wei, Yi and Meyer, Bertrand and Oriol, Manuel",
	editor="Meyer, Bertrand	and Nordio, Martin",
	title="Is Branch Coverage a Good Measure of Testing Effectiveness?",
	bookTitle="Software Engineering: International Summer Schools, LASER 2008-2010, Elba, Italy, Revised Tutorial Lectures",
	year="2012",
	publisher="Springer",
	pages="194--212",
	note      = {Available at \url{https://se.inf.ethz.ch/~meyer/publications/testing/coverage.pdf}}
}

@inproceedings{rayadurgam2001coverage,
  title={Coverage based test-case generation using model checkers},
  author={Rayadurgam, Sanjai and Heimdahl, Mats Per Erik},
  booktitle={Proceedings. Eighth Annual IEEE International Conference and Workshop On the Engineering of Computer-Based Systems-ECBS 2001},
  pages={83--91},
  year={2001},
  organization={IEEE}
}

@article{gargantini1999using,
  title={Using model checking to generate tests from requirements specifications},
  author={Gargantini, Angelo and Heitmeyer, Constance},
  journal={ACM SIGSOFT Software Engineering Notes},
  volume={24},
  number={6},
  pages={146--162},
  year={1999},
  publisher={ACM New York, NY, USA}
}

@inproceedings{huang2023seeding,
  title={Seeding Contradiction: a fast method for generating full-coverage test suites},
  author={Huang, Li and Meyer, Bertrand and Oriol, Manuel},
  booktitle={IFIP International Conference on Testing Software and Systems},
  pages={52--70},
  year={2023},
  organization={Springer}
}

@inproceedings{sen2006cute,
  title={CUTE and jCUTE: Concolic Unit Testing and Explicit Path Model-Checking Tools: (Tool Paper)},
  author={Sen, Koushik and Agha, Gul},
  booktitle={Computer Aided Verification: 18th International Conference, CAV 2006, Seattle, WA, USA, August 17-20, 2006. Proceedings 18},
  pages={419--423},
  year={2006},
  organization={Springer}
}

@article{jakobs2021coveritest,
  title={CoVeriTest: interleaving value and predicate analysis for test-case generation},
  author={Jakobs, Marie-Christine},
  journal={International journal on software tools for technology transfer},
  volume={23},
  pages={847--851},
  year={2021},
  publisher={Springer}
}

@inproceedings{beyer2011cpachecker,
  title={CPAchecker: A tool for configurable software verification},
  author={Beyer, Dirk and Keremoglu, M Erkan},
  booktitle={Computer Aided Verification: 23rd International Conference, CAV 2011, Snowbird, UT, USA, July 14-20, 2011. Proceedings 23},
  pages={184--190},
  year={2011},
  organization={Springer}
}

@article{meyerloopunrolling,
  title={{A formal definition of loop unrolling with applications to test coverage}},
  author={Meyer, Bertrand},
  journal={arXiv},
  year={2024},
  month={mar},
  url= {https://arxiv.org/abs/2403.08923}
}



@article{boyapati2002korat,
  title={Korat: Automated testing based on Java predicates},
  author={Boyapati, Chandrasekhar and Khurshid, Sarfraz and Marinov, Darko},
  journal={ACM SIGSOFT Software Engineering Notes},
  volume={27},
  number={4},
  pages={123--133},
  year={2002},
  publisher={ACM New York, NY, USA}
}

@inproceedings{pacheco2007randoop,
  title={Randoop: feedback-directed random testing for Java},
  author={Pacheco, Carlos and Ernst, Michael D},
  booktitle={Companion to the 22nd ACM SIGPLAN conference on Object-oriented programming systems and applications companion},
  pages={815--816},
  year={2007}
}

@article{fedchin2023toolkit,
  title={{A Toolkit for Automated Testing of Dafny}},
  author={Fedchin, Aleksandr and Dean, Tyler and Foster, Jeffrey S and Mercer, Eric and Rakamaric, Zvonimir and Reger, Giles and Rungta, Neha and Salkeld, Robin and Wagner, Lucas and Waldrip, Cassidy},
  booktitle={NASA Formal Method (NFM)},
  year={2023}
}

@article{brenguier2023jbmc,
  title={{JBMC: A Bounded Model Checking Tool for Java Bytecode}},
  author={Brenguier, Romain and Cordeiro, Lucas and Kroening, Daniel and Schrammel, Peter},
  journal={arXiv:2302.02381},
  year={2023}
}

@inproceedings{angeletti2009automatic,
  title={{Automatic Test Generation for Coverage Analysis Using CBMC}},
  author={Angeletti, Damiano and Giunchiglia, Enrico and Narizzano, Massimo and Puddu, Alessandra and Sabina, Salvatore},
  booktitle={International Conference on Computer Aided Systems Theory (EUROCAST)},
  pages={287--294},
  year={2009},
  organization={Springer}
}

@inproceedings{angeletti2009improving,
  title={{Improving the Automatic Test Generation Process for Coverage Analysis Using CBMC}},
  author={Angeletti, Damiano and Giunchiglia, Enrico and Narizzano, Massimo and Palma, Gabriele and Puddu, Alessandra and Sabina, Salvatore},
  booktitle={International RCRA Workshop},
  year={2009}
}

@inproceedings{kroening2014cbmc,
  title={{CBMC--C Bounded Model Checker: (Competition Contribution)}},
  author={Kroening, Daniel and Tautschnig, Michael},
  booktitle={International Conference on Tools and Algorithms for the Construction and Analysis of Systems (TACAS)},
  pages={389--391},
  year={2014},
  organization={Springer}
}

@inproceedings{williams2021towards,
  title={{Towards Exhaustive Branch Coverage with PathCrawler}},
  author={Williams, Nicky},
  booktitle={Int. Conference on Automation of Software Tests (AST)},
  pages={117--120},
  year={2021},
  organization={IEEE}
}

@inproceedings{williams2005pathcrawler,
  title={Pathcrawler: Automatic generation of path tests by combining static and dynamic analysis},
  author={Williams, Nicky and Marre, Bruno and Mouy, Patricia and Roger, Muriel},
  booktitle={European Dependable Computing Conference},
  pages={281--292},
  year={2005},
  organization={Springer}
}

@inproceedings{cadar2008klee,
  title={{KLEE: Unassisted and Automatic Generation of High-coverage Tests for Complex Systems Programs}},
  author={Cadar, Cristian and Dunbar, Daniel and Engler, Dawson R and others},
  booktitle={USENIX Symposium on Operating Systems Design and Implementation (OSDI)},
  volume={8},
  pages={209--224},
  year={2008}
}

@inproceedings{huang2022improving,
  title={{Improving Counterexample Quality from Failed Program Verification}},
  author={Huang, Li and Meyer, Bertrand and Oriol, Manuel},
  booktitle={International Symposium on Software Reliability Engineering Workshops (ISSREW)},
  pages={268--273},
  year={2022},
  organization={IEEE}
}

@inproceedings{tillmann2008pex,
  title={{Pex--White Box Test Generation for  .Net}},
  author={Tillmann, Nikolai and De Halleux, Jonathan},
  booktitle={International Conference on Tests and Proofs (TAP)},
  pages={134--153},
  year={2008},
  organization={Springer}
}

@misc{leino2023program,
  title={Program Proofs},
  author={Leino, K Rustan M},
  year={2023},
  publisher={MIT Press}
}

@article{huang2022failed,
  title={{A Failed Proof Can Yield a Useful Test}},
  author={Huang, Li and Meyer, Bertrand},
  journal={arXiv:2208.09873},
  year={2022}
}


@inproceedings{barnett2005spec,
  title={{The Spec\# Programming System: An Overview}},
  author={Barnett, Mike and Leino, K Rustan M and Schulte, Wolfram},
  booktitle={International Workshop on Construction and Analysis of Safe, Secure, and Interoperable Smart Devices 
  (CASSIS)},
  pages={49--69},
  year={2005},
  organization={Springer}
}

@inproceedings{carre1990spark,
  title={{SPARK—an Annotated Ada Subset for Safety-critical Programming}},
  author={Carr{\'e}, Bernard and Garnsworthy, Jonathan},
  booktitle={Proceedings of the Conference on TRI-ADA},
  pages={392--402},
  year={1990}
}

@inproceedings{leavens1998jml,
  title={JML: a Java modeling language},
  author={Leavens, Gary T and Baker, Albert L and Ruby, Clyde},
  booktitle={Formal Underpinnings of Java Workshop (at OOPSLA’98)},
  pages={404--420},
  year={1998},
  organization={Citeseer}
}

@inproceedings{ahrendt2014key,
  title={The KeY platform for verification and analysis of Java programs},
  author={Ahrendt, Wolfgang and Beckert, Bernhard and Bruns, Daniel and Bubel, Richard and Gladisch, Christoph and Grebing, Sarah and H{\"a}hnle, Reiner and Hentschel, Martin and Herda, Mihai and Klebanov, Vladimir and others},
  booktitle={Verified Software: Theories, Tools and Experiments: 6th International Conference, VSTTE 2014, Vienna, Austria, July 17-18, 2014, Revised Selected Papers 6},
  pages={55--71},
  year={2014},
  organization={Springer}
}

@inproceedings{engel2007generating,
  title={Generating unit tests from formal proofs},
  author={Engel, Christian and H{\"a}hnle, Reiner},
  booktitle={Tests and Proofs: First International Conference, TAP 2007, Zurich, Switzerland, February 12-13, 2007. Revised Papers 1},
  pages={169--188},
  year={2007},
  organization={Springer}
}

@article{ahrendt2016proof,
  title={Proof-based test case generation},
  author={Ahrendt, Wolfgang and Gladisch, Christoph and Herda, Mihai},
  journal={Deductive Software Verification--The KeY Book: From Theory to Practice},
  pages={415--451},
  year={2016},
  publisher={Springer}
}


@inproceedings{nilizadeh2021more,
  title={{More Reliable Test Suites for Dynamic APR by Using Counterexamples}},
  author={Nilizadeh, Amirfarhad and Calvo, Marlon and Leavens, Gary T and Le, Xuan-Bach D},
  booktitle={International Symposium on Software Reliability Engineering (ISSRE)},
  pages={208 -- 219},
  year={2021},
  organization={IEEE}
}

@misc{leinoboogie,
    Key = {Boogie2},
   author={Leino, K Rustan M and R{\"u}mmer, Philipp},
    title={{The Boogie 2 Type System: Design and Verification Condition Generation}},
     url= {https://citeseerx.ist.psu.edu/viewdoc/summary?doi=10.1.1.146.4277}
}


@inproceedings{bjorner2018programming,
  title={{Programming Z3}},
  author={Bj{\o}rner, Nikolaj and Moura, Leonardo de and Nachmanson, Lev and Wintersteiger, Christoph M},
  booktitle={International Summer School on Engineering Trustworthy Software Systems},
  pages={148--201},
  year={2018},
  organization={Springer}
}

@inproceedings{nilizadeh2022generating,
  title={{Generating Counterexamples in the Form of Unit Tests from Hoare-style Verification Attempts}},
  author={Nilizadeh, Amirfarhad and Calvo, Marlon and Leavens, Gary T and Cok, David R},
  booktitle={International Conference on Formal Methods in Software Engineering (FormaliSE)},
  pages={124--128},
  year={2022},
  organization={IEEE}
}


@inproceedings{chakarov2022better,
  title={{Better Counterexamples for Dafny}},
  author={Chakarov, Aleksandar and Fedchin, Aleksandr and Rakamari{\'c}, Zvonimir and Rungta, Neha},
  booktitle={International Conference on Tools and Algorithms for the Construction and Analysis of Systems (TACAS)},
  pages={404--411},
  year={2022},
  organization={Springer}
}

@inproceedings{bormer2011cost,
  title={{The COST IC0701 Verification Competition}},
  author={Bormer, Thorsten and Brockschmidt, Marc and Distefano, Dino and others},
  booktitle={International Conference on Formal Verification of Object-Oriented Software (FoVeOO)},
  pages={3--21},
  year={2011},
  organization={Springer}
}

@inproceedings{weide2008incremental,
  title={{Incremental Benchmarks for Software Verification Tools and Techniques}},
  author={Weide, Bruce W and Sitaraman, Murali and Harton, Heather K and Adcock, Bruce and Bucci, Paolo and Bronish, Derek and Heym, Wayne D and Kirschenbaum, Jason and Frazier, David},
  booktitle={Working Conference on Verified Software: Theories, Tools, and Experiments (VSTTE)},
  pages={84--98},
  year={2008},
  organization={Springer}
}

@inproceedings{polikarpova2014flexible,
  title={{Flexible Invariants through Semantic Collaboration}},
  author={Polikarpova, Nadia and Tschannen, Julian and Furia, Carlo A and Meyer, Bertrand},
  booktitle={International Symposium on Formal Methods (FM)},
  pages={514--530},
  year={2014},
  organization={Springer}
}

@inproceedings{leino2004object,
  title={{Object Invariants in Dynamic Contexts}},
  author={Leino, K Rustan M and M{\"u}ller, Peter},
  booktitle={European Conference on Object-Oriented Programming (ECOOP)},
  pages={491--515},
  year={2004},
  organization={Springer}
}


@article{meyer1992applying,
  title={{Applying ``Design by Contract''}},
  author={Meyer, Bertrand},
  journal={Computer},
  volume={25},
  number={10},
  pages={40--51},
  year={1992},
  publisher={IEEE}
}

@inproceedings{klebanov20111st,
  title={{The 1st Verified Software Competition: Experience Report}},
  author={Klebanov, Vladimir and M{\"u}ller, Peter and and others},
  booktitle={International Symposium on Formal Methods (FM)},
  pages={154--168},
  year={2011},
  organization={Springer}
}

@inproceedings{christakis2012collaborative,
  title={Collaborative Verification and Testing with Explicit Assumptions},
  author={Christakis, Maria and M{\"u}ller, Peter and W{\"u}stholz, Valentin},
  booktitle={International Symposium on Formal Methods (FM)},
  pages={132--146},
  year={2012},
  organization={Springer}
}

@article{csallner2008dsd,
  title={{DSD-Crasher: A Hybrid Analysis Tool for Bug Finding}},
  author={Csallner, Christoph and Smaragdakis, Yannis and Xie, Tao},
  journal={Transactions on Software Engineering and Methodology (TOSEM)},
  volume={17},
  number={2},
  pages={1--37},
  year={2008},
  publisher={ACM}
}

@inproceedings{tschannen2011usable,
  title={{Usable Verification of Object-Oriented Programs by Combining Static and Dynamic Techniques}},
  author={Tschannen, Julian and Furia, Carlo A and Nordio, Martin and Meyer, Bertrand},
  booktitle={International Conference on Software Engineering and Formal Methods (SEFM)},
  pages={382--398},
  year={2011},
  organization={Springer}
}

@article{kirchner2015frama,
  title={{Frama-C: A Software Analysis Perspective}},
  author={Kirchner, Florent and Kosmatov, Nikolai and Prevosto, Virgile and Signoles, Julien and Yakobowski, Boris},
  journal={Formal Aspects of Computing (FAC)},
  volume={27},
  number={3},
  pages={573--609},
  year={2015},
  publisher={Springer}
}

@inproceedings{muller2011using,
  title={{Using Debuggers to Understand Failed Verification Attempts}},
  author={M{\"u}ller, Peter and Ruskiewicz, Joseph N},
  booktitle={International Symposium on Formal Methods (FM)},
  pages={73--87},
  year={2011},
  organization={Springer}
}

@inproceedings{petiot2016your,
  title={{Your Proof Fails? Testing Helps to Find the Reason}},
  author={Petiot, Guillaume and Kosmatov, Nikolai and Botella, Bernard and Giorgetti, Alain and Julliand, Jacques},
  booktitle={International Conference on Tests and Proofs (TAP)},
  pages={130--150},
  year={2016},
  organization={Springer}
}

@article{petiot2018testing,
  title={{How Testing Helps to Diagnose Proof Failures}},
  author={Petiot, Guillaume and Kosmatov, Nikolai and Botella, Bernard and Giorgetti, Alain and Julliand, Jacques},
  journal={Formal Aspects of Computing (FAC)},
  volume={30},
  number={6},
  pages={629--657},
  year={2018},
  publisher={Springer}
}

@inproceedings{polikarpova2013run,
  title={{To Run What No One Has Run Before: Executing an Intermediate Verification Language}},
  author={Polikarpova, Nadia and Furia, Carlo A and West, Scott},
  booktitle={International Conference on Runtime Verification (RV)},
  pages={251--268},
  year={2013},
  organization={Springer}
}

@inproceedings{christakis2016integrated,
  title={{Integrated Environment for Diagnosing Verification Errors}},
  author={Christakis, Maria and Leino, K Rustan M and M{\"u}ller, Peter and W{\"u}stholz, Valentin},
  booktitle={International Conference on Tools and Algorithms for the Construction and Analysis of Systems (TACAS)},
  pages={424--441},
  year={2016},
  organization={Springer}
}

@inproceedings{hauzar2016counterexamples,
  title={{Counterexamples from Proof Failures in SPARK}},
  author={Hauzar, David and March{\'e}, Claude and Moy, Yannick},
  booktitle={International Conference on Software Engineering and Formal Methods (SEFM)},
  pages={215--233},
  year={2016},
  organization={Springer}
}

@phdthesis{stoll2019smt,
  title={{SMT Models for Verification Debugging}},
  author={Stoll, C{\'e}dric},
  year={2019},
  school={ETH Zurich},
  type={Master thesis}
}

@inproceedings{muller2016viper,
  title={{Viper: A Verification Infrastructure for Permission-based Reasoning}},
  author={M{\"u}ller, Peter and Schwerhoff, Malte and Summers, Alexander J},
  booktitle={International Conference on Verification, Model Checking, and Abstract Interpretation (VMCAI)},
  pages={41--62},
  year={2016},
  organization={Springer}
}

@inproceedings{leino2010dafny,
  title={{Dafny: An Automatic Program Verifier for Functional Correctness}},
  author={Leino, K Rustan M},
  booktitle={International Conference on Logic for Programming Artificial Intelligence and Reasoning (LPAR)},
  pages={348--370},
  year={2010},
  organization={Springer}
}

@inproceedings{cohen2009vcc,
  title={{VCC: A Practical System for Verifying Concurrent C}},
  author={Cohen, Ernie and Dahlweid, Markus and Hillebrand, Mark and Leinenbach, Dirk and Moskal, Micha{\l} and Santen, Thomas and Schulte, Wolfram and Tobies, Stephan},
  booktitle={International Conference on Theorem Proving in Higher Order Logics (TPHOLs)},
  pages={23--42},
  year={2009},
  organization={Springer}
}

@inproceedings{barrett2010smt,
  title={{The SMT-LIB Standard: Version 2.0}},
  author={Barrett, Clark and Stump, Aaron and Tinelli, Cesare and others},
  booktitle={{International Workshop on Satisfiability Modulo Theories}},
  volume={13},
  pages={14},
  year={2010}
}

@article{hoare1969axiomatic,
  title={{An Axiomatic Basis for Computer Programming}},
  author={Hoare, Charles Antony Richard},
  journal={Communications of the ACM},
  volume={12},
  number={10},
  pages={576--580},
  year={1969},
  publisher={ACM}
}

@book{dijkstra1976discipline,
  title={{A Discipline of Programming}},
  author={Dijkstra, Edsger Wybe},
  year={1976},
  publisher={Prentice Hall}
}

@book{bertrand2016touch,
  title={{Touch of Class: Learning to Program Well with Objects and Contracts}},
  author={Meyer, Bertrand},
  year={2016},
  publisher={Springer}
}


@inproceedings{de2008z3,
  title={{Z3: An Efficient SMT Solver}},
  author={De Moura, Leonardo and Bj{\o}rner, Nikolaj},
  booktitle={International Conference on Tools and Algorithms for the Construction and Analysis of Systems (TACAS)},
  pages={337--340},
  year={2008},
  organization={Springer}
}

@inproceedings{barnett2005boogie,
  title={{Boogie: A Modular Reusable Verifier for Object-Oriented Programs}},
  author={Barnett, Mike and Chang, Bor-Yuh Evan and DeLine, Robert and Jacobs, Bart and Leino, K Rustan M},
  booktitle={Int. Symposium on Formal Methods for Components and Objects},
  pages={364--387},
  year={2005},
  organization={Springer}
}

@inproceedings{le2011boogie,
  title={{The Boogie Verification Debugger}},
  author={Le Goues, Claire and Leino, K Rustan M and Moskal, Micha{\l}},
  booktitle={International Conference on Software Engineering and Formal Methods (SEFM)},
  pages={407--414},
  year={2011},
  organization={Springer}
}

@inproceedings{tschannen2013program,
  title={{Program Checking with Less Hassle}},
  author={Tschannen, Julian and Furia, Carlo A and Nordio, Martin and Meyer, Bertrand},
  booktitle={Working Conference on Verified Software: Theories, Tools, and Experiments},
  pages={149--169},
  year={2013},
  organization={Springer}
}

@inproceedings{khazeev2016initial,
  title={{Initial Steps Towards Assessing the Usability of a Verification Tool}},
  author={Khazeev, Mansur and Rivera, Victor and Mazzara, Manuel and Johard, Leonard},
  booktitle={International Conference in Software Engineering for Defence Applications},
  pages={31--40},
  year={2016},
  organization={Springer}
}

@book{dijkstra2012predicate,
  title={{Predicate Calculus and Program Semantics}},
  author={Dijkstra, Edsger Wybe and Scholten, Carel S},
  year={2012},
  publisher={Springer Science \& Business Media}
}

@misc{meyer1997object,
  title={{Object-Oriented Software Construction, second edition}},
  author={Meyer, Bertrand},
  year={1997},
  publisher={Prentice Hall}
}

@article{leino2005generating,
  title={{Generating Error Traces from Verification-Condition Counterexamples}},
  author={Leino, K Rustan M and Millstein, Todd and Saxe, James B},
  journal={Science of Computer Programming},
  volume={55},
  number={1-3},
  pages={209--226},
  year={2005},
  publisher={Elsevier}
}

@inproceedings{tschannen2015autoproof,
  title={{AutoProof: Auto-active Functional Verification of Object-Oriented Programs}},
  author={Tschannen, Julian and Furia, Carlo A and Nordio, Martin and Polikarpova, Nadia},
  booktitle={International Conference on Tools and Algorithms for the Construction and Analysis of Systems (TACAS)},
  pages={566--580},
  year={2015},
  organization={Springer}
}

@misc{autoproof,
    Key = {AutoProof},
    Url = {http://autoproof.sit.org/},
    Title = {{AutoProof}}
}

@misc{autotest,
    Key = {AutoTest},
    Url = {https://www.eiffel.org/doc/eiffelstudio/Using_AutoTest},
    Title = {{AutoTest}}
}

@inproceedings{wei2010satisfying,
  title={{Satisfying Test Preconditions Through Guided Object Selection}},
  author={Wei, Yi and Gebhardt, Serge and Meyer, Bertrand and Oriol, Manuel},
  booktitle={International Conference on Software Testing, Verification and Validation (ICST)},
  pages={303--312},
  year={2010},
  organization={IEEE}
}

@inproceedings{cheon2002simple,
  title={{A Simple and Practical Approach to Unit Testing: The JML and JUnit Way}},
  author={Cheon, Yoonsik and Leavens, Gary T},
  booktitle={European Conference on Object-Oriented Programming (ECOOP)},
  pages={231--255},
  year={2002},
  organization={Springer}
}

@inproceedings{beyer2018tests,
  title={{Tests from Witnesses}},
  author={Beyer, Dirk and Dangl, Matthias and Lemberger, Thomas and Tautschnig, Michael},
  booktitle={International Conference on Tests and Proofs (TAP)},
  pages={3--23},
  year={2018},
  organization={Springer}
}

@inproceedings{black2000modeling,
  title={{Modeling and Marshaling: Making Tests from Model Checker Counterexamples}},
  author={Black, Paul E},
  booktitle={Digital Avionics Systems Conference (DASC)},
  volume={1},
  pages={1B3--1},
  year={2000},
  organization={IEEE}
}

@article{fantechi2005enhancing,
  title={{Enhancing Test Coverage by Back-tracing Model-Checker counterexamples}},
  author={Fantechi, Alessandro and Gnesi, Stefania and Maggiore, Adriana},
  journal={Electronic Notes in Theoretical Computer Science (ENTCS)},
  volume={116},
  pages={199--211},
  year={2005},
  publisher={Elsevier}
}

@inproceedings{beyer2004generating,
  title={{Generating Tests from Counterexamples}},
  author={Beyer, Dirk and Chlipala, Adam J and Henzinger, Thomas A and Jhala, Ranjit and Majumdar, Rupak},
  booktitle={International Conference on Software Engineering (ICSE)},
  pages={326--335},
  year={2004},
  organization={IEEE}
}

@inproceedings{cok2021jml,
  title={{JML and OpenJML for Java 16}},
  author={Cok, David R},
  booktitle={International Workshop on Formal Techniques for Java-like Programs (FTfJP)},
  pages={65--67},
  year={2021},
  publisher={ACM}
}


@article{csallner2008dsd,
  title={{DSD-Crasher: A Hybrid Analysis Tool for Bug Finding}},
  author={Csallner, Christoph and Smaragdakis, Yannis and Xie, Tao},
  journal={Transactions On Software Engineering and Methodology (TOSEM)},
  volume={17},
  number={2},
  pages={1--37},
  year={2008},
  publisher={ACM}
}


@article{kirchner2015frama,
  title={{Frama-C: A Software Analysis Perspective}},
  author={Kirchner, Florent and Kosmatov, Nikolai and Prevosto, Virgile and Signoles, Julien and Yakobowski, Boris},
  journal={Formal Aspects of Computing (FAC)},
  volume={27},
  number={3},
  pages={573--609},
  year={2015},
  publisher={Springer}
}


@inproceedings{christakis2016integrated,
  title={{Integrated Environment for Diagnosing Verification Errors}},
  author={Christakis, Maria and Leino, K Rustan M and M{\"u}ller, Peter and W{\"u}stholz, Valentin},
  booktitle={International Conference on Tools and Algorithms for the Construction and Analysis of Systems (TACAS)},
  pages={424--441},
  year={2016},
  organization={Springer}
}

@article{hoare1969axiomatic,
  title={{An Axiomatic Basis for Computer Programming}},
  author={Hoare, Charles Antony Richard},
  journal={Communications of the ACM},
  volume={12},
  number={10},
  pages={576--580},
  year={1969},
  publisher={ACM}
}


@inproceedings{khazeev2016initial,
  title={{Initial Steps Towards Assessing the Usability of a Verification Tool}},
  author={Khazeev, Mansur and Rivera, Victor and Mazzara, Manuel and Johard, Leonard},
  booktitle={International Conference in Software Engineering for Defence Applications (SEDA)},
  pages={31--40},
  year={2016},
  organization={Springer}
}

@misc{testdetails,
    Key = {experiment report},
     author = {Li, Huang and Bertrand, Meyer},
     title={{Deriving tests from failed proofs: experiments and results}},
     url= {https://github.com/huangl223/Proof2Test/blob/main/Deriving_tests_from_failed_proofs_experiments_and_results.pdf},
     month = {04}
}

@book{dijkstra2012predicate,
  title={{Predicate Calculus and Program Semantics}},
  author={Dijkstra, Edsger W and Scholten, Carel S},
  year={2012},
  publisher={Springer Science \& Business Media}
}

@article{meyer_class_invariants,
  title={{The Concept of Class Invariant in Object-Oriented Programming}},
  author={Meyer, Bertrand and Arkadova, Alisa and Kogtenkov, Alexander},
  journal={arXiv (preprint of article submitted for publication)},
  year={2022},
   url= {https://arxiv.org/abs/2109.06557}

}

@inproceedings{concolic,
  title={{CUTE: a Concolic Unit Testing Engine for C}},
  author={Sen, Koushik and Marinov, Darko and Agha, Ghoul},
  booktitle={The ACM Joint European Software Engineering Conference and Symposium on the Foundations of Software Engineering (ESEC-FSE)},
  pages={213-223},
  year={2005}
}

@inproceedings{artoo,
  title={{ARTOO: Adaptive Random Testing for Object-Oriented Software}},
  author={Ciupa, Ilinca and Leitner, Andreas and Oriol, Manuel and Meyer, Bertrand},
  booktitle={International Conference on Software Engineering (ICSE)},
  pages={71–80},
  year={2008}
}

@inproceedings{orsomints,
  title={{MINTS: A General Framework and Tool for Supporting Test-suite Minimization}},
  author={Orso, Alessandro and Hsu, Hwa-You},
  booktitle={International Conference on Software Engineering (ICSE)},
  pages={419-429},
  year={2009}
}

@inproceedings{ammann2003coverage,
  title={Coverage criteria for logical expressions},
  author={Ammann, Paul and Offutt, Jeff and Huang, Hong},
  booktitle={14th International Symposium on Software Reliability Engineering, 2003. ISSRE 2003.},
  pages={99--107},
  year={2003},
  organization={IEEE}
}

@article{Biere2003BoundedMC,
  title={Bounded model checking},
  author={Armin Biere},
  journal={Adv. Comput.},
  year={2003},
  volume={58},
  pages={117-148},
  url={https://api.semanticscholar.org/CorpusID:6692303}
}

@book{isabelle1,
  title={Isabelle/HOL: a proof assistant for higher-order logic},
  author={Nipkow, Tobias and Wenzel, Markus and Paulson, Lawrence C},
  year={2002},
  publisher={Springer}
}

@book{dafny,
  title={Program Proofs},
  author={Leino, K Rustan M},
  year={2023},
  publisher={MIT Press}
}

@misc{discipline,
  title={A Discipline of Programming},
  author={Dijkstra, Edsger Wybe},
  year={1976},
  publisher={Prentice Hall, Inc}
}