@inproceedings{langley00,
 author    = {P. Langley},
 title     = {Crafting Papers on Machine Learning},
 year      = {2000},
 pages     = {1207--1216},
 editor    = {Pat Langley},
 booktitle     = {Proceedings of the 17th International Conference
              on Machine Learning (ICML 2000)},
 address   = {Stanford, CA},
 publisher = {Morgan Kaufmann}
}

@inproceedings{tao2023dual,
  author    = {Tao, Liangchen and Dong, Ming and Xu, Chen},
  title     = {Dual Focal Loss for Calibration},
  booktitle = {International Conference on Machine Learning},
  pages     = {33833--33849},
  year      = {2023},
  month     = {July},
  publisher = {PMLR}
}

@article{devlin2018bert,
  author    = {Jacob Devlin and Ming-Wei Chang and Kenton Lee and Kristina Toutanova},
  title     = {{BERT: Pre-training of Deep Bidirectional Transformers for Language Understanding}},
  journal   = {arXiv preprint arXiv:1810.04805},
  year      = {2018},
  archivePrefix = {arXiv},
  primaryClass = {cs.CL}
}
@article{bai2023qwen,
  author    = {Jinze Bai and Shuai Bai and Yunfei Chu and Zeyu Cui and Kai Dang and Xiaodong Deng and Yang Fan and Wenbin Ge and Yu Han and Fei Huang and others},
  title     = {Qwen Technical Report},
  journal   = {arXiv preprint arXiv:2309.16609},
  year      = {2023},
  archivePrefix = {arXiv},
  primaryClass = {cs.CL}
}

@inproceedings{brown2020language,
  author    = {Tom Brown and Benjamin Mann and Nick Ryder and Melanie Subbiah and Jared D. Kaplan and Prafulla Dhariwal and Arvind Neelakantan and Pranav Shyam and Girish Sastry and Amanda Askell and others},
  title     = {Language Models are Few-Shot Learners},
  booktitle = {Advances in Neural Information Processing Systems (NeurIPS)},
  volume    = {33},
  pages     = {1877--1901},
  year      = {2020}
}

@article{gilardi2023chatgpt,
  author    = {Fabrizio Gilardi and Meysam Alizadeh and Ma{\"e}l Kubli},
  title     = {ChatGPT Outperforms Crowd-Workers for Text-Annotation Tasks},
  journal   = {arXiv preprint arXiv:2303.15056},
  year      = {2023},
  archivePrefix = {arXiv},
  primaryClass = {cs.CL}
}

@article{raffel2020exploring,
  author    = {Colin Raffel and Noam Shazeer and Adam Roberts and Katherine Lee and Sharan Narang and Michael Matena and Yanqi Zhou and Wei Li and Peter J. Liu},
  title     = {Exploring the Limits of Transfer Learning with a Unified Text-to-Text Transformer},
  journal   = {The Journal of Machine Learning Research},
  volume    = {21},
  number    = {1},
  pages     = {5485--5551},
  year      = {2020}
}

@article{chen2023shikra,
  author    = {Keqin Chen and Zhao Zhang and Weili Zeng and Richong Zhang and Feng Zhu and Rui Zhao},
  title     = {Shikra: Unleashing Multimodal LLMâ€™s Referential Dialogue Magic},
  journal   = {arXiv preprint arXiv:2306.15195},
  year      = {2023},
  archivePrefix = {arXiv},
  primaryClass = {cs.CL}
}

@article{peng2023kosmos,
  author    = {Zhiliang Peng and Wenhui Wang and Li Dong and Yaru Hao and Shaohan Huang and Shuming Ma and Furu Wei},
  title     = {Kosmos-2: Grounding Multimodal Large Language Models to the World},
  journal   = {arXiv preprint arXiv:2306.14824},
  year      = {2023},
  archivePrefix = {arXiv},
  primaryClass = {cs.CL}
}

@article{cui2023holistic,
  author    = {Chenhang Cui and Yiyang Zhou and Xinyu Yang and Shirley Wu and Linjun Zhang and James Zou and Huaxiu Yao},
  title     = {Holistic Analysis of Hallucination in GPT-4V (ision): Bias and Interference Challenges},
  journal   = {arXiv preprint arXiv:2311.03287},
  year      = {2023},
  archivePrefix = {arXiv},
  primaryClass = {cs.CL}
}

@article{liu2024survey,
  author    = {Hanchao Liu and Wenyuan Xue and Yifei Chen and Dapeng Chen and Xiutian Zhao and Ke Wang and Liping Hou and Rongjun Li and Wei Peng},
  title     = {A Survey on Hallucination in Large Vision-Language Models},
  journal   = {arXiv preprint arXiv:2402.00253},
  year      = {2024},
  archivePrefix = {arXiv},
  primaryClass = {cs.CL}
}

@article{guan2023hallusionbench,
  author    = {Tianrui Guan and Fuxiao Liu and Xiyang Wu and Ruiqi Xian and Zongxia Li and Xiaoyu Liu and Xijun Wang and Lichang Chen and Furong Huang and Yaser Yacoob and others},
  title     = {HallusionBench: An Advanced Diagnostic Suite for Entangled Language Hallucination \& Visual Illusion in Large Vision-Language Models},
  journal   = {arXiv preprint arXiv:2310.14566},
  year      = {2023},
  archivePrefix = {arXiv},
  primaryClass = {cs.CV}
}

@article{li2023evaluating,
  author    = {Yifan Li and Yifan Du and Kun Zhou and Jinpeng Wang and Wayne Xin Zhao and Ji-Rong Wen},
  title     = {Evaluating Object Hallucination in Large Vision-Language Models},
  journal   = {arXiv preprint arXiv:2305.10355},
  year      = {2023},
  archivePrefix = {arXiv},
  primaryClass = {cs.CV}
}

@article{wang2024mementos,
  author    = {Xiyao Wang and Yuhang Zhou and Xiaoyu Liu and Hongjin Lu and Yuancheng Xu and Feihong He and Jaehong Yoon and Taixi Lu and Gedas Bertasius and Mohit Bansal and others},
  title     = {MEMENTOS: A Comprehensive Benchmark for Multimodal Large Language Model Reasoning over Image Sequences},
  journal   = {arXiv preprint arXiv:2401.10529},
  year      = {2024},
  archivePrefix = {arXiv},
  primaryClass = {cs.CV}
}

@inproceedings{zhou2024analyzing,
  author    = {Yiyang Zhou and Chenhang Cui and Jaehong Yoon and Linjun Zhang and Zhun Deng and Chelsea Finn and Mohit Bansal and Huaxiu Yao},
  title     = {Analyzing and Mitigating Object Hallucination in Large Vision-Language Models},
  booktitle = {The Twelfth International Conference on Learning Representations (ICLR)},
  year      = {2024}
}

@article{lee2023volcano,
  author    = {Seongyun Lee and Sue Hyun Park and Yongrae Jo and Minjoon Seo},
  title     = {Volcano: Mitigating Multimodal Hallucination through Self-Feedback Guided Revision},
  journal   = {arXiv preprint arXiv:2311.07362},
  year      = {2023},
  archivePrefix = {arXiv},
  primaryClass = {cs.CL}
}

@article{nie2024mmrel,
  author    = {Jiahao Nie and Gongjie Zhang and Wenbin An and Yap-Peng Tan and Alex C. Kot and Shijian Lu},
  title     = {MMREL: A Relation Understanding Dataset and Benchmark in the MLLM Era},
  journal   = {arXiv preprint arXiv:2406.09121},
  year      = {2024},
  archivePrefix = {arXiv},
  primaryClass = {cs.CL}
}

@article{zhang2023prompt,
  author    = {Yuechen Zhang and Shengju Qian and Bohao Peng and Shu Liu and Jiaya Jia},
  title     = {Prompt Highlighter: Interactive Control for Multi-Modal LLMs},
  journal   = {arXiv preprint arXiv:2312.04302},
  year      = {2023},
  archivePrefix = {arXiv},
  primaryClass = {cs.CL}
}

@article{chen2023llava,
  author    = {Wei-Ge Chen and Irina Spiridonova and Jianwei Yang and Jianfeng Gao and Chunyuan Li},
  title     = {LLaVA-Interactive: An All-in-One Demo for Image Chat, Segmentation, Generation and Editing},
  journal   = {arXiv preprint arXiv:2311.00571},
  year      = {2023},
  archivePrefix = {arXiv},
  primaryClass = {cs.CV}
}

@article{you2023ferret,
  author    = {Haoxuan You and Haotian Zhang and Zhe Gan and Xianzhi Du and Bowen Zhang and Zirui Wang and Liangliang Cao and Shih-Fu Chang and Yinfei Yang},
  title     = {Ferret: Refer and Ground Anything Anywhere at Any Granularity},
  journal   = {arXiv preprint arXiv:2310.07704},
  year      = {2023},
  archivePrefix = {arXiv},
  primaryClass = {cs.CV}
}

@article{zhang2023gpt4roi,
  author    = {Shilong Zhang and Peize Sun and Shoufa Chen and Min Xiao and Wenqi Shao and Wenwei Zhang and Kai Chen and Ping Luo},
  title     = {GPT4RoI: Instruction Tuning Large Language Model on Region-of-Interest},
  journal   = {arXiv preprint arXiv:2307.03601},
  year      = {2023},
  archivePrefix = {arXiv},
  primaryClass = {cs.CL}
}


@article{tan2019lxmert,
  author    = {Hao Tan and Mohit Bansal},
  title     = {LXMERT: Learning Cross-Modality Encoder Representations from Transformers},
  journal   = {arXiv preprint arXiv:1908.07490},
  year      = {2019},
  archivePrefix = {arXiv},
  primaryClass = {cs.CL}
}

@inproceedings{jia2021scaling,
  author    = {Chao Jia and Yinfei Yang and Ye Xia and Yi-Ting Chen and Zarana Parekh and Hieu Pham and Quoc Le and Yun-Hsuan Sung and Zhen Li and Tom Duerig},
  title     = {Scaling Up Visual and Vision-Language Representation Learning with Noisy Text Supervision},
  booktitle = {International Conference on Machine Learning (ICML)},
  pages     = {4904--4916},
  publisher = {PMLR},
  year      = {2021}
}


@misc{taori2023stanford,
  author    = {Rohan Taori and Ishaan Gulrajani and Tianyi Zhang and Yann Dubois and Xuechen Li and Carlos Guestrin and Percy Liang and Tatsunori B. Hashimoto},
  title     = {Stanford Alpaca: An Instruction-Following LLaMA Model},
  year      = {2023},
  note      = {\url{https://github.com/tatsu-lab/stanford_alpaca}}
}
@inproceedings{lu2019vilbert,
  author    = {Jiasen Lu and Dhruv Batra and Devi Parikh and Stefan Lee},
  title     = {ViLBERT: Pretraining Task-Agnostic Visiolinguistic Representations for Vision-and-Language Tasks},
  booktitle = {Advances in Neural Information Processing Systems (NeurIPS)},
  volume    = {32},
  year      = {2019}
}

@article{chen2019uniter,
  author    = {Yen-Chun Chen and Linjie Li and Licheng Yu and Ahmed El Kholy and Faisal Ahmed and Zhe Gan and Yu Cheng and Jingjing Liu},
  title     = {UNITER: Learning Universal Image-Text Representations},
  journal   = {arXiv preprint arXiv:1909.11740},
  year      = {2019},
  archivePrefix = {arXiv},
  primaryClass = {cs.CV}
}

@article{dai2024instructblip,
  title={InstructBLIP: Towards General-Purpose Vision-Language Models with Instruction Tuning},
  author={Wenliang Dai and Junnan Li and Dongxu Li and Anthony Meng Huat Tiong and Junqi Zhao and Weisheng Wang and Boyang Li and Pascale N. Fung and Steven Hoi},
  journal={Advances in Neural Information Processing Systems},
  volume={36},
  year={2024}
}


  title={Holistic Analysis of Hallucination in GPT-4V (ision): Bias and Interference Challenges},
  author={Chenhang Cui and Yiyang Zhou and Xinyu Yang and Shirley Wu and Linjun Zhang and James Zou and Huaxiu Yao},
  journal={arXiv preprint arXiv:2311.03287},
  year={2023}
}

@inproceedings{liu2024mitigating,
  title={Mitigating Hallucination in Large Multi-Modal Models via Robust Instruction Tuning},
  author={Fuxiao Liu and Kevin Lin and Linjie Li and Jianfeng Wang and Yaser Yacoob and Lijuan Wang},
  booktitle={The Twelfth International Conference on Learning Representations},
  year={2024}
}

@inproceedings{yu2024hallucidoctor,
  title={HalluciDoctor: Mitigating Hallucinatory Toxicity in Visual Instruction Data},
  author={Yu, Q. and Li, J. and Wei, L. and Pang, L. and Ye, W. and Qin, B. and Zhuang, Y.},
  booktitle={Proceedings of the IEEE/CVF Conference on Computer Vision and Pattern Recognition},
  pages={12944--12953},
  year={2024}
}

@inproceedings{zhao2021calibrate,
  author    = {Zhao, Zhiyuan and Wallace, Eric and Feng, Shi and Klein, Dan and Singh, Sameer},
  title     = {Calibrate Before Use: Improving Few-Shot Performance of Language Models},
  booktitle = {Proceedings of the International Conference on Machine Learning (ICML)},
  pages     = {12697--12706},
  year      = {2021},
  month     = {July},
  publisher = {PMLR}
}

@article{sun2023aligning,
  title={Aligning Large Multimodal Models with Factually Augmented RLHF},
  author={Zhiqing Sun and Sheng Shen and Shengcao Cao and Haotian Liu and Chunyuan Li and Yikang Shen and Chuang Gan and LiangYan Gui and Yu-Xiong Wang and Yiming Yang and others},
  journal={arXiv preprint arXiv:2309.14525},
  year={2023}
}

@inproceedings{zhou2024object,
  title={Analyzing and Mitigating Object Hallucination in Large Vision-Language Models},
  author={Yiyang Zhou and Chenhang Cui and Jaehong Yoon and Linjun Zhang and Zhun Deng and Chelsea Finn and Mohit Bansal and Huaxiu Yao},
  booktitle={The Twelfth International Conference on Learning Representations},
  year={2024}
}

@article{lai2023lisa,
  title={LISA: Reasoning Segmentation via Large Language Model},
  author={Xin Lai and Zhuotao Tian and Yukang Chen and Yanwei Li and Yuhui Yuan and Shu Liu and Jiaya Jia},
  journal={arXiv preprint arXiv:2308.00692},
  year={2023}
}

@article{alayrac2022flamingo,
  title={Flamingo: A Visual Language Model for Few-Shot Learning},
  author={Jean-Baptiste Alayrac and Jeff Donahue and Pauline Luc and Antoine Miech and Iain Barr and Yana Hasson and Karel Lenc and Arthur Mensch and Katherine Millican and Malcolm Reynolds and others},
  journal={Advances in Neural Information Processing Systems},
  volume={35},
  pages={23716--23736},
  year={2022}
}

@article{awadalla2023openflamingo,
  title={OpenFlamingo: An Open-Source Framework for Training Large Autoregressive Vision-Language Models},
  author={Anas Awadalla and Irena Gao and Josh Gardner and Jack Hessel and Yusuf Hanafy and Wanrong Zhu and Kalyani Marathe and Yonatan Bitton and Samir Gadre and Shiori Sagawa and others},
  journal={arXiv preprint arXiv:2308.01390},
  year={2023}
}

@article{li2023otter,
  title={Otter: A Multi-Modal Model with In-Context Instruction Tuning},
  author={Bo Li and Yuanhan Zhang and Liangyu Chen and Jinghao Wang and Jingkang Yang and Ziwei Liu},
  journal={arXiv preprint arXiv:2305.03726},
  year={2023}
}


@article{zhu2023minigpt4,
  title={MiniGPT-4: Enhancing Vision-Language Understanding with Advanced Large Language Models},
  author={Deyao Zhu and Jun Chen and Xiaoqian Shen and Xiang Li and Mohamed Elhoseiny},
  journal={arXiv preprint arXiv:2304.10592},
  year={2023}
}

@inproceedings{wu2018unsupervised,
  author    = {Wu, Zhirong and Xiong, Yuanjun and Yu, Stella X. and Lin, Dahua},
  title     = {Unsupervised Feature Learning via Non-Parametric Instance Discrimination},
  booktitle = {Proceedings of the IEEE Conference on Computer Vision and Pattern Recognition},
  pages     = {3733--3742},
  year      = {2018}
}

@inproceedings{chen2020simple,
  author    = {Chen, Ting and Kornblith, Simon and Norouzi, Mohammad and Hinton, Geoffrey},
  title     = {A Simple Framework for Contrastive Learning of Visual Representations},
  booktitle = {International Conference on Machine Learning},
  pages     = {1597--1607},
  year      = {2020},
  publisher = {PMLR}
}
@article{liu2024visual,
  title={Visual instruction tuning},
  author={Liu, Haotian and Li, Chunyuan and Wu, Qingyang and Lee, Yong Jae},
  journal={Advances in Neural Information Processing Systems},
  volume={36},
  year={2024}
}

@article{achiam2023gpt4,
  title={GPT-4 Technical Report},
  author={Achiam, Josh and Adler, Steven and Agarwal, Sandhini and Ahmad, Lama and Akkaya, Ilge and Aleman, Florencia Leoni and Almeida, Diogo and Altenschmidt, Janko and Altman, Sam and Anadkat, Shyamal and others},
  journal={arXiv preprint arXiv:2303.08774},
  year={2023}
}

@inproceedings{radford2021clip,
  title={Learning transferable visual models from natural language supervision},
  author={Radford, Alec and Kim, Jong Wook and Hallacy, Chris and Ramesh, Aditya and Goh, Gabriel and Agarwal, Sandhini and Sastry, Girish and Askell, Amanda and Mishkin, Pamela and Clark, Jack and Krueger, Gretchen and Sutskever, Ilya},
  booktitle={Proceedings of the International Conference on Machine Learning},
  pages={8748--8763},
  year={2021},
  month={July},
  publisher={PMLR}
}

@article{mukhoti2020focal,
  author    = {Mukhoti, Joydeep and Kulharia, Viveka and Sanyal, Amartya and Golodetz, Stuart and Torr, Philip and Dokania, Puneet},
  title     = {Calibrating Deep Neural Networks Using Focal Loss},
  journal   = {Advances in Neural Information Processing Systems},
  volume    = {33},
  pages     = {15288--15299},
  year      = {2020}
}


@inproceedings{haotian2024llava,
  author    = {Haotian Liu and Chunyuan Li and Yuheng Li and Yong Jae Lee},
  title     = {Improved Baselines with Visual Instruction Tuning},
  booktitle = {Proceedings of the IEEE/CVF Conference on Computer Vision and Pattern Recognition (CVPR)},
  pages     = {26296--26306},
  month     = {June},
  year      = {2024}
}

@misc{bo2024llavanext,
  author    = {Bo Li and Kaichen Zhang and et al.},
  title     = {LLaVA-Next: Stronger LLMs Supercharge Multimodal Capabilities in the Wild},
  year      = {2024},
  month     = {May},
  url       = {https://llava-vl.github.io/blog/2024-05-10-llava-next-stronger-llms/}
}

@inproceedings{ye2024mplug,
  author    = {Qiang Ye and Hao Xu and Jianfeng Ye and Ming Yan and Aobo Hu and Hao Liu and others},
  title     = {MPLUG-OWL2: Revolutionizing Multi-modal Large Language Model with Modality Collaboration},
  booktitle = {Proceedings of the IEEE/CVF Conference on Computer Vision and Pattern Recognition (CVPR)},
  pages     = {13040--13051},
  year      = {2024}
}

@article{qidong2023opera,
  author    = {Qidong Huang and Xiaoyi Dong and Pan Zhang and Bin Wang and Conghui He and Jiaqi Wang and Dahua Lin and Weiming Zhang and Nenghai Yu},
  title     = {Opera: Alleviating hallucination in multi-modal large language models via over-trust penalty and retrospection-allocation},
  journal   = {arXiv preprint},
  volume    = {arXiv:2311.17911},
  year      = {2023}
}

@article{shukang2023woodpecker,
  author    = {Shukang Yin and Chaoyou Fu and Sirui Zhao and Tong Xu and Hao Wang and Dianbo Sui and Yunhang Shen and Ke Li and Xing Sun and Enhong Chen},
  title     = {Woodpecker: Hallucination Correction for Multimodal Large Language Models},
  journal   = {arXiv preprint},
  volume    = {arXiv:2310.16045},
  year      = {2023}
}

@article{xing2024cca,
  author    = {Yuchao Xing and Yixin Li and Ivan Laptev and Shijian Lu},
  title     = {Mitigating Object Hallucination via Concentric Causal Attention},
  journal   = {arXiv preprint},
  volume    = {arXiv:2410.15926},
  year      = {2024}
}

@article{chaoyou2023mme,
  author    = {Chaoyou Fu and Peixian Chen and et al.},
  title     = {MME: A Comprehensive Evaluation Benchmark for Multimodal Large Language Models},
  journal   = {arXiv preprint},
  volume    = {arXiv:2306.13394},
  year      = {2023}
}

@inproceedings{anna2018chair,
  author    = {Anna Rohrbach and Lisa Anne Hendricks and Kaylee Burns and Trevor Darrell and Kate Saenko},
  title     = {Object Hallucination in Image Captioning},
  booktitle = {Proceedings of the 2018 Conference on Empirical Methods in Natural Language Processing (EMNLP)},
  pages     = {4035--4045},
  year      = {2018}
}
@article{sicong2023vcd,
  author    = {Sicong Leng and Hang Zhang and Guanzheng Chen and Xin Li and Shijian Lu and Chunyan Miao and Lidong Bing},
  title     = {Mitigating object hallucinations in large vision-language models through visual contrastive decoding},
  journal   = {arXiv preprint},
  volume    = {arXiv:2311.16922},
  year      = {2023}
}

@article{huo2024sid,
  author    = {Fangzhou Huo and Wenjie Xu and Zhiqi Zhang and Hao Wang and Zhi Chen and Peilin Zhao},
  title     = {Self-introspective decoding: Alleviating hallucinations for large vision-language models},
  journal   = {arXiv preprint},
  volume    = {arXiv:2408.02032},
  year      = {2024}
}

@inproceedings{cao2023pumer,
  title={PuMer: Pruning and merging tokens for efficient vision language models},
  author={Cao, Qingqing and Paranjape, Bhargavi and Hajishirzi, Hannaneh},
  booktitle={Proceedings of the 61st Annual Meeting of the Association for Computational Linguistics (ACL)},
  pages={12890--12903},
  month={July},
  year={2023}
}

@article{pope,
  author    = {Yifan Li and Yifan Du and Kun Zhou and Jinpeng Wang and Wayne Xin Zhao and Ji-Rong Wen},
  title     = {Evaluating Object Hallucination in Large Vision-Language Models},
  journal   = {arXiv preprint},
  volume    = {arXiv:2305.10355},
  year      = {2023}
}

@inproceedings{coco,
  author    = {Tsung-Yi Lin and Michael Maire and Serge Belongie and James Hays and Pietro Perona and Deva Ramanan and Piotr Doll{\'a}r and C. Lawrence Zitnick},
  title     = {Microsoft COCO: Common Objects in Context},
  booktitle = {Computer Vision--ECCV 2014: 13th European Conference, Zurich, Switzerland, September 6-12, 2014, Proceedings, Part V},
  series    = {Lecture Notes in Computer Science},
  volume    = {8693},
  pages     = {740--755},
  publisher = {Springer},
  year      = {2014}
}

@inproceedings{aokvqa,
  author    = {Dustin Schwenk and Apoorv Khandelwal and Christopher Clark and Kenneth Marino and Roozbeh Mottaghi},
  title     = {A-OKVQA: A Benchmark for Visual Question Answering Using World Knowledge},
  booktitle = {European Conference on Computer Vision},
  pages     = {146--162},
  publisher = {Springer},
  year      = {2022}
}

@incollection{platt1999probabilistic,
  title = {Probabilistic outputs for support vector machines and comparisons to regularized likelihood methods},
  author = {Platt, J. C.},
  booktitle = {Advances in Large Margin Classifiers},
  year = {1999},
  pages = {61--74},
  publisher = {MIT Press}
}

@inproceedings{guo2017calibration,
  title = {On calibration of modern neural networks},
  author = {Guo, Chuan and Pleiss, Geoff and Sun, Yu and Weinberger, Kilian Q.},
  booktitle = {Proceedings of the 34th International Conference on Machine Learning (ICML)},
  year = {2017},
  volume = {70},
  pages = {1321--1330},
  publisher = {PMLR}
}

@article{shang2024llava,
  title={Llava-PruMerge: Adaptive token reduction for efficient large multimodal models},
  author={Shang, Yuzhang and Cai, Mu and others},
  journal={arXiv preprint arXiv:2403.15388},
  year={2024}
}

@article{chen2024image,
  title={An image is worth 1/2 tokens after layer 2: Plug-and-play inference acceleration for large vision-language models},
  author={Chen, Liang and Zhao, Haozhe and others},
  journal={arXiv preprint arXiv:2403.06764},
  year={2024}
}

@TechReport{mitchell80,
  author = 	 "T. M. Mitchell",
  title = 	 "The Need for Biases in Learning Generalizations",
  institution =  "Computer Science Department, Rutgers University",
  year = 	 "1980",
  address =	 "New Brunswick, MA",
}

@phdthesis{kearns89,
  author = {M. J. Kearns},
  title =  {Computational Complexity of Machine Learning},
  school = {Department of Computer Science, Harvard University},
  year =   {1989}
}

@Book{MachineLearningI,
  editor = 	 "R. S. Michalski and J. G. Carbonell and T.
		  M. Mitchell",
  title = 	 "Machine Learning: An Artificial Intelligence
		  Approach, Vol. I",
  publisher = 	 "Tioga",
  year = 	 "1983",
  address =	 "Palo Alto, CA"
}

@Book{DudaHart2nd,
  author =       "R. O. Duda and P. E. Hart and D. G. Stork",
  title =        "Pattern Classification",
  publisher =    "John Wiley and Sons",
  edition =      "2nd",
  year =         "2000"
}

@misc{anonymous,
  title= {Suppressed for Anonymity},
  author= {Author, N. N.},
  year= {2021}
}

@InCollection{Newell81,
  author =       "A. Newell and P. S. Rosenbloom",
  title =        "Mechanisms of Skill Acquisition and the Law of
                  Practice", 
  booktitle =    "Cognitive Skills and Their Acquisition",
  pages =        "1--51",
  publisher =    "Lawrence Erlbaum Associates, Inc.",
  year =         "1981",
  editor =       "J. R. Anderson",
  chapter =      "1",
  address =      "Hillsdale, NJ"
}


@Article{Samuel59,
  author = 	 "A. L. Samuel",
  title = 	 "Some Studies in Machine Learning Using the Game of
		  Checkers",
  journal =	 "IBM Journal of Research and Development",
  year =	 "1959",
  volume =	 "3",
  number =	 "3",
  pages =	 "211--229"
}

@misc{chiang2023vicuna,
  author       = {Wei-Lin Chiang and Zhuohan Li and et al.},
  title        = {Vicuna: An open-source chatbot impressing GPT-4 with 90\% ChatGPT quality},
  year         = {2023},
  note         = {See \url{https://vicuna.lmsys.org} (accessed 14 April 2023)}
}

@article{touvron2023llama,
  author       = {Hugo Touvron and Louis Martin and et al.},
  title        = {Llama 2: Open foundation and fine-tuned chat models},
  journal      = {arXiv preprint arXiv:2307.09288},
  year         = {2023}
}