@article{chen2023sharegpt4v,
  title={{ShareGPT4V}: Improving Large Multi-Modal Models with Better Captions},
  author={Chen, Lin and Li, Jisong and Dong, Xiaoyi and Zhang, Pan and He, Conghui and Wang, Jiaqi and Zhao, Feng and Lin, Dahua},
  journal={arXiv:2311.12793},
  year={2023}
}

@misc{chiu2024colorsensestudycolorvision,
      title={ColorSense: A Study on Color Vision in Machine Visual Recognition}, 
      author={Ming-Chang Chiu and Yingfei Wang and Derrick Eui Gyu Kim and Pin-Yu Chen and Xuezhe Ma},
      year={2024},
      eprint={2212.08650},
      archivePrefix={arXiv},
      primaryClass={cs.CV},
      url={https://arxiv.org/abs/2212.08650}, 
}

@misc{chiu2024megacoinenhancingmediumgrainedcolor,
      title={MegaCOIN: Enhancing Medium-Grained Color Perception for Vision-Language Models}, 
      author={Ming-Chang Chiu and Shicheng Wen and Pin-Yu Chen and Xuezhe Ma},
      year={2024},
      eprint={2412.03927},
      archivePrefix={arXiv},
      primaryClass={cs.CV},
      url={https://arxiv.org/abs/2412.03927}, 
}

@inproceedings{fei2024multimodal,
  title={From Multimodal LLM to Human-level AI: Modality, Instruction, Reasoning, Efficiency and Beyond},
  author={Fei, Hao and Yao, Yuan and Zhang, Zhuosheng and Liu, Fuxiao and Zhang, Ao and Chua, Tat-Seng},
  booktitle={LREC-Coling Tutorials},
  year={2024}
}

@article{fuxiao2023mitigating,
  title={Mitigating Hallucination in Large Multi-Modal Models via Robust Instruction Tuning},
  author={Fuxiao Liu and Kevin Lin and Linjie Li and Jianfeng Wang and Yaser Yacoob and Lijuan Wang},
  journal={arXiv preprint arXiv:2306.14565},
  year={2023},
  url={https://www.arxiv.org/abs/2306.14565}
}

@article{haotian2023visual,
  title={Visual Instruction Tuning},
  author={Haotian Liu and Chunyuan Li and Qingyang Wu and Yong Jae Lee},
  journal={arXiv preprint arXiv:2304.08485},
  year={2023},
  url={https://www.arxiv.org/abs/2304.08485}
}

@article{lu2021florence,
  title={Florence: A New Foundation Model for Computer Vision},
  author={Lu Yuan and Dongdong Chen and Yi-Ling Chen and Noel Codella and Xiyang Dai and Jianfeng Gao and Houdong Hu and Xuedong Huang and Boxin Li and Chunyuan Li and Ce Liu and Mengchen Liu and Zicheng Liu and Yumao Lu and Yu Shi and Lijuan Wang and Jianfeng Wang and Bin Xiao and Zhen Xiao and Jianwei Yang and Michael Zeng and Luowei Zhou and Pengchuan Zhang},
  journal={arXiv preprint arXiv:2111.11432},
  year={2021},
  url={https://www.arxiv.org/abs/2111.11432}
}

@misc{paddleocr,
  title = {{PaddleOCR}},
  howpublished = {\url{https://github.com/PaddlePaddle/PaddleOCR}},
  note = {Accessed: 2024-06-30}
}

@article{shilong2023grounding,
  title={Grounding DINO: Marrying DINO with Grounded Pre-Training for Open-Set Object Detection},
  author={Shilong Liu and Zhaoyang Zeng and Tianhe Ren and Feng Li and Hao Zhang and Jie Yang and Chunyuan Li and Jianwei Yang and Hang Su and Jun Zhu and Lei Zhang},
  journal={arXiv preprint arXiv:2303.05499},
  year={2023},
  url={https://www.arxiv.org/abs/2303.05499}
}

@article{tianhe2024grounded,
  title={Grounded SAM: Assembling Open-World Models for Diverse Visual Tasks},
  author={Tianhe Ren and Shilong Liu and Ailing Zeng and Jing Lin and Kunchang Li and He Cao and Jiayu Chen and Xinyu Huang and Yukang Chen and Feng Yan and Zhaoyang Zeng and Hao Zhang and Feng Li and Jie Yang and Hongyang Li and Qing Jiang and Lei Zhang},
  journal={arXiv preprint arXiv:2401.14159},
  year={2024},
  url={https://www.arxiv.org/abs/2401.14159}
}

@article{wang2022self,
  title={Self-instruct: Aligning language models with self-generated instructions},
  author={Wang, Yizhong and Kordi, Yeganeh and Mishra, Swaroop and Liu, Alisa and Smith, Noah A and Khashabi, Daniel and Hajishirzi, Hannaneh},
  journal={arXiv preprint arXiv:2212.10560},
  year={2022}
}

