@article{al2023locomujoco,
  title={LocoMuJoCo: A Comprehensive Imitation Learning Benchmark for Locomotion},
  author={Al-Hafez, Firas and Zhao, Guoping and Peters, Jan and Tateo, Davide},
  journal={arXiv preprint arXiv:2311.02496},
  year={2023}
}

@article{fu2024humanplus,
  title={HumanPlus: Humanoid Shadowing and Imitation from Humans},
  author={Fu, Zipeng and Zhao, Qingqing and Wu, Qi and Wetzstein, Gordon and Finn, Chelsea},
  journal={arXiv preprint arXiv:2406.10454},
  year={2024}
}

@inproceedings{fujimoto2018addressing,
  title={Addressing function approximation error in actor-critic methods},
  author={Fujimoto, Scott and Hoof, Herke and Meger, David},
  booktitle={International conference on machine learning},
  pages={1587--1596},
  year={2018},
  organization={PMLR}
}

@inproceedings{fujimoto2019off,
  title={Off-policy deep reinforcement learning without exploration},
  author={Fujimoto, Scott and Meger, David and Precup, Doina},
  booktitle={International Conference on Machine Learning},
  pages={2052--2062},
  year={2019},
  organization={PMLR}
}

@article{fujimoto2021minimalist,
  title={A minimalist approach to offline reinforcement learning},
  author={Fujimoto, Scott and Gu, Shixiang Shane},
  journal={Advances in neural information processing systems},
  volume={34},
  pages={20132--20145},
  year={2021}
}

@article{ha2018recurrent,
  title={Recurrent world models facilitate policy evolution},
  author={Ha, David and Schmidhuber, J{\"u}rgen},
  journal={Advances in neural information processing systems},
  volume={31},
  year={2018}
}

@inproceedings{haarnoja2018soft,
  title={Soft actor-critic: Off-policy maximum entropy deep reinforcement learning with a stochastic actor},
  author={Haarnoja, Tuomas and Zhou, Aurick and Abbeel, Pieter and Levine, Sergey},
  booktitle={International conference on machine learning},
  pages={1861--1870},
  year={2018},
  organization={PMLR}
}

@article{hafner2019dream,
  title={Dream to control: Learning behaviors by latent imagination},
  author={Hafner, Danijar and Lillicrap, Timothy and Ba, Jimmy and Norouzi, Mohammad},
  journal={arXiv preprint arXiv:1912.01603},
  year={2019}
}

@article{hafner2023mastering,
  title={Mastering diverse domains through world models},
  author={Hafner, Danijar and Pasukonis, Jurgis and Ba, Jimmy and Lillicrap, Timothy},
  journal={arXiv preprint arXiv:2301.04104},
  year={2023}
}

@article{hansen2022modem,
  title={Modem: Accelerating visual model-based reinforcement learning with demonstrations},
  author={Hansen, Nicklas and Lin, Yixin and Su, Hao and Wang, Xiaolong and Kumar, Vikash and Rajeswaran, Aravind},
  journal={arXiv preprint arXiv:2212.05698},
  year={2022}
}

@article{hansen2022temporal,
  title={Temporal difference learning for model predictive control},
  author={Hansen, Nicklas and Wang, Xiaolong and Su, Hao},
  journal={arXiv preprint arXiv:2203.04955},
  year={2022}
}

@article{hansen2023td,
  title={Td-mpc2: Scalable, robust world models for continuous control},
  author={Hansen, Nicklas and Su, Hao and Wang, Xiaolong},
  journal={arXiv preprint arXiv:2310.16828},
  year={2023}
}

@article{hansen2024hierarchical,
  title={Hierarchical World Models as Visual Whole-Body Humanoid Controllers},
  author={Hansen, Nicklas and SV, Jyothir and Sobal, Vlad and LeCun, Yann and Wang, Xiaolong and Su, Hao},
  journal={arXiv preprint arXiv:2405.18418},
  year={2024}
}

@article{hu2023imitation,
  title={Imitation Bootstrapped Reinforcement Learning},
  author={Hu, Hengyuan and Mirchandani, Suvir and Sadigh, Dorsa},
  journal={arXiv preprint arXiv:2311.02198},
  year={2023}
}

@article{liu2023ceil,
  title={Ceil: Generalized contextual imitation learning},
  author={Liu, Jinxin and He, Li and Kang, Yachen and Zhuang, Zifeng and Wang, Donglin and Xu, Huazhe},
  journal={Advances in Neural Information Processing Systems},
  volume={36},
  pages={75491--75516},
  year={2023}
}

@article{makoviychuk2021isaac,
  title={Isaac gym: High performance gpu-based physics simulation for robot learning},
  author={Makoviychuk, Viktor and Wawrzyniak, Lukasz and Guo, Yunrong and Lu, Michelle and Storey, Kier and Macklin, Miles and Hoeller, David and Rudin, Nikita and Allshire, Arthur and Handa, Ankur and others},
  journal={arXiv preprint arXiv:2108.10470},
  year={2021}
}

@software{menagerie2022github,
  author = {Zakka, Kevin and Tassa, Yuval and {MuJoCo Menagerie Contributors}},
  title = {{MuJoCo Menagerie: A collection of high-quality simulation models for MuJoCo}},
  url = {http://github.com/google-deepmind/mujoco_menagerie},
  year = {2022},
}

@article{merel2017learning,
  title={Learning human behaviors from motion capture by adversarial imitation},
  author={Merel, Josh and Tassa, Yuval and TB, Dhruva and Srinivasan, Sriram and Lemmon, Jay and Wang, Ziyu and Wayne, Greg and Heess, Nicolas},
  journal={arXiv preprint arXiv:1707.02201},
  year={2017}
}

@article{pomerleau1988alvinn,
  title={Alvinn: An autonomous land vehicle in a neural network},
  author={Pomerleau, Dean A},
  journal={Advances in neural information processing systems},
  volume={1},
  year={1988}
}

@article{sferrazza2024humanoidbench,
  title={Humanoidbench: Simulated humanoid benchmark for whole-body locomotion and manipulation},
  author={Sferrazza, Carmelo and Huang, Dun-Ming and Lin, Xingyu and Lee, Youngwoon and Abbeel, Pieter},
  journal={arXiv preprint arXiv:2403.10506},
  year={2024}
}

@article{tunyasuvunakool2020dm_control,
  title={dm\_control: Software and tasks for continuous control},
  author={Tunyasuvunakool, Saran and Muldal, Alistair and Doron, Yotam and Liu, Siqi and Bohez, Steven and Merel, Josh and Erez, Tom and Lillicrap, Timothy and Heess, Nicolas and Tassa, Yuval},
  journal={Software Impacts},
  volume={6},
  pages={100022},
  year={2020},
  publisher={Elsevier}
}

@article{zhang2024context,
  title={Context-former: Stitching via latent conditioned sequence modeling},
  author={Zhang, Ziqi and Xu, Jingzehua and Zhuang, Zifeng and Liu, Jinxin and others},
  journal={arXiv preprint arXiv:2401.16452},
  year={2024}
}

@article{zhuang2024humanoid,
  title={Humanoid Parkour Learning},
  author={Zhuang, Ziwen and Yao, Shenzhe and Zhao, Hang},
  journal={arXiv preprint arXiv:2406.10759},
  year={2024}
}

@article{zhuang2024reinformer,
  title={Reinformer: Max-return sequence modeling for offline rl},
  author={Zhuang, Zifeng and Peng, Dengyun and Zhang, Ziqi and Wang, Donglin and others},
  journal={arXiv preprint arXiv:2405.08740},
  year={2024}
}

