@article{sutton1998introduction,
  title={Introduction to reinforcement learning},
  author={Sutton, Richard S and Barto, Andrew G and others},
  year={1998},
  publisher={MIT press Cambridge}
};

@inproceedings{haarnoja2018soft,
  title={Soft actor-critic: Off-policy maximum entropy deep reinforcement learning with a stochastic actor},
  author={Haarnoja, Tuomas and Zhou, Aurick and Abbeel, Pieter and Levine, Sergey},
  booktitle={International conference on machine learning},
  pages={1861--1870},
  year={2018},
  organization={PMLR}
};

@article{fu2024humanplus,
  title={HumanPlus: Humanoid Shadowing and Imitation from Humans},
  author={Fu, Zipeng and Zhao, Qingqing and Wu, Qi and Wetzstein, Gordon and Finn, Chelsea},
  journal={arXiv preprint arXiv:2406.10454},
  year={2024}
}

@article{zhuang2024humanoid,
  title={Humanoid Parkour Learning},
  author={Zhuang, Ziwen and Yao, Shenzhe and Zhao, Hang},
  journal={arXiv preprint arXiv:2406.10759},
  year={2024}
}

@article{tunyasuvunakool2020dm_control,
  title={dm\_control: Software and tasks for continuous control},
  author={Tunyasuvunakool, Saran and Muldal, Alistair and Doron, Yotam and Liu, Siqi and Bohez, Steven and Merel, Josh and Erez, Tom and Lillicrap, Timothy and Heess, Nicolas and Tassa, Yuval},
  journal={Software Impacts},
  volume={6},
  pages={100022},
  year={2020},
  publisher={Elsevier}
}

@article{sferrazza2024humanoidbench,
  title={Humanoidbench: Simulated humanoid benchmark for whole-body locomotion and manipulation},
  author={Sferrazza, Carmelo and Huang, Dun-Ming and Lin, Xingyu and Lee, Youngwoon and Abbeel, Pieter},
  journal={arXiv preprint arXiv:2403.10506},
  year={2024}
}

@article{hansen2024hierarchical,
  title={Hierarchical World Models as Visual Whole-Body Humanoid Controllers},
  author={Hansen, Nicklas and SV, Jyothir and Sobal, Vlad and LeCun, Yann and Wang, Xiaolong and Su, Hao},
  journal={arXiv preprint arXiv:2405.18418},
  year={2024}
}

@article{merel2017learning,
  title={Learning human behaviors from motion capture by adversarial imitation},
  author={Merel, Josh and Tassa, Yuval and TB, Dhruva and Srinivasan, Sriram and Lemmon, Jay and Wang, Ziyu and Wayne, Greg and Heess, Nicolas},
  journal={arXiv preprint arXiv:1707.02201},
  year={2017}
}

@article{hansen2022temporal,
  title={Temporal difference learning for model predictive control},
  author={Hansen, Nicklas and Wang, Xiaolong and Su, Hao},
  journal={arXiv preprint arXiv:2203.04955},
  year={2022}
}

@article{hansen2023td,
  title={Td-mpc2: Scalable, robust world models for continuous control},
  author={Hansen, Nicklas and Su, Hao and Wang, Xiaolong},
  journal={arXiv preprint arXiv:2310.16828},
  year={2023}
}

@article{wagener2022mocapact,
  title={MoCapAct: A multi-task dataset for simulated humanoid control},
  author={Wagener, Nolan and Kolobov, Andrey and Vieira Frujeri, Felipe and Loynd, Ricky and Cheng, Ching-An and Hausknecht, Matthew},
  journal={Advances in Neural Information Processing Systems},
  volume={35},
  pages={35418--35431},
  year={2022}
}

@article{kumar2020conservative,
  title={Conservative q-learning for offline reinforcement learning},
  author={Kumar, Aviral and Zhou, Aurick and Tucker, George and Levine, Sergey},
  journal={Advances in Neural Information Processing Systems},
  volume={33},
  pages={1179--1191},
  year={2020}
}

@article{hafner2023mastering,
  title={Mastering diverse domains through world models},
  author={Hafner, Danijar and Pasukonis, Jurgis and Ba, Jimmy and Lillicrap, Timothy},
  journal={arXiv preprint arXiv:2301.04104},
  year={2023}
}

@article{makoviychuk2021isaac,
  title={Isaac gym: High performance gpu-based physics simulation for robot learning},
  author={Makoviychuk, Viktor and Wawrzyniak, Lukasz and Guo, Yunrong and Lu, Michelle and Storey, Kier and Macklin, Miles and Hoeller, David and Rudin, Nikita and Allshire, Arthur and Handa, Ankur and others},
  journal={arXiv preprint arXiv:2108.10470},
  year={2021}
}

@software{menagerie2022github,
  author = {Zakka, Kevin and Tassa, Yuval and {MuJoCo Menagerie Contributors}},
  title = {{MuJoCo Menagerie: A collection of high-quality simulation models for MuJoCo}},
  url = {http://github.com/google-deepmind/mujoco_menagerie},
  year = {2022},
}

@article{hafner2019dream,
  title={Dream to control: Learning behaviors by latent imagination},
  author={Hafner, Danijar and Lillicrap, Timothy and Ba, Jimmy and Norouzi, Mohammad},
  journal={arXiv preprint arXiv:1912.01603},
  year={2019}
}

@article{fujimoto2021minimalist,
  title={A minimalist approach to offline reinforcement learning},
  author={Fujimoto, Scott and Gu, Shixiang Shane},
  journal={Advances in neural information processing systems},
  volume={34},
  pages={20132--20145},
  year={2021}
}

@inproceedings{fujimoto2018addressing,
  title={Addressing function approximation error in actor-critic methods},
  author={Fujimoto, Scott and Hoof, Herke and Meger, David},
  booktitle={International conference on machine learning},
  pages={1587--1596},
  year={2018},
  organization={PMLR}
}

@article{zhuang2023behavior,
  title={Behavior proximal policy optimization},
  author={Zhuang, Zifeng and Lei, Kun and Liu, Jinxin and Wang, Donglin and Guo, Yilang},
  journal={arXiv preprint arXiv:2302.11312},
  year={2023}
}

@article{pomerleau1988alvinn,
  title={Alvinn: An autonomous land vehicle in a neural network},
  author={Pomerleau, Dean A},
  journal={Advances in neural information processing systems},
  volume={1},
  year={1988}
}

@article{liu2023ceil,
  title={Ceil: Generalized contextual imitation learning},
  author={Liu, Jinxin and He, Li and Kang, Yachen and Zhuang, Zifeng and Wang, Donglin and Xu, Huazhe},
  journal={Advances in Neural Information Processing Systems},
  volume={36},
  pages={75491--75516},
  year={2023}
}

@article{zhang2024context,
  title={Context-former: Stitching via latent conditioned sequence modeling},
  author={Zhang, Ziqi and Xu, Jingzehua and Zhuang, Zifeng and Liu, Jinxin and others},
  journal={arXiv preprint arXiv:2401.16452},
  year={2024}
}

@inproceedings{fujimoto2019off,
  title={Off-policy deep reinforcement learning without exploration},
  author={Fujimoto, Scott and Meger, David and Precup, Doina},
  booktitle={International Conference on Machine Learning},
  pages={2052--2062},
  year={2019},
  organization={PMLR}
}

@article{stasse2019overview,
  title={An overview of humanoid robots technologies},
  author={Stasse, Olivier and Flayols, Thomas},
  journal={Biomechanics of Anthropomorphic Systems},
  pages={281--310},
  year={2019},
  publisher={Springer}
}

@article{bonci2021human,
  title={Human-robot perception in industrial environments: A survey},
  author={Bonci, Andrea and Cen Cheng, Pangcheng David and Indri, Marina and Nabissi, Giacomo and Sibona, Fiorella},
  journal={Sensors},
  volume={21},
  number={5},
  pages={1571},
  year={2021},
  publisher={MDPI}
}

@article{choudhury2018humanoid,
  title={Humanoid robot-application and influence},
  author={Choudhury, Avishek and Li, Huiyang and Greene, Christopher and Perumalla, Sunanda},
  journal={arXiv preprint arXiv:1812.06090},
  year={2018}
}

@inproceedings{peters2003reinforcement,
  title={Reinforcement learning for humanoid robotics},
  author={Peters, Jan and Vijayakumar, Sethu and Schaal, Stefan},
  booktitle={Proceedings of the third IEEE-RAS international conference on humanoid robots},
  pages={1--20},
  year={2003}
}

@article{silver2016mastering,
  title={Mastering the game of Go with deep neural networks and tree search},
  author={Silver, David and Huang, Aja and Maddison, Chris J and Guez, Arthur and Sifre, Laurent and Van Den Driessche, George and Schrittwieser, Julian and Antonoglou, Ioannis and Panneershelvam, Veda and Lanctot, Marc and others},
  journal={nature},
  volume={529},
  number={7587},
  pages={484--489},
  year={2016},
  publisher={Nature Publishing Group}
}

@article{silver2017mastering,
  title={Mastering the game of go without human knowledge},
  author={Silver, David and Schrittwieser, Julian and Simonyan, Karen and Antonoglou, Ioannis and Huang, Aja and Guez, Arthur and Hubert, Thomas and Baker, Lucas and Lai, Matthew and Bolton, Adrian and others},
  journal={nature},
  volume={550},
  number={7676},
  pages={354--359},
  year={2017},
  publisher={Nature Publishing Group}
}

@article{schrittwieser2020mastering,
  title={Mastering atari, go, chess and shogi by planning with a learned model},
  author={Schrittwieser, Julian and Antonoglou, Ioannis and Hubert, Thomas and Simonyan, Karen and Sifre, Laurent and Schmitt, Simon and Guez, Arthur and Lockhart, Edward and Hassabis, Demis and Graepel, Thore and others},
  journal={Nature},
  volume={588},
  number={7839},
  pages={604--609},
  year={2020},
  publisher={Nature Publishing Group}
}

@inproceedings{hessel2018rainbow,
  title={Rainbow: Combining improvements in deep reinforcement learning},
  author={Hessel, Matteo and Modayil, Joseph and Van Hasselt, Hado and Schaul, Tom and Ostrovski, Georg and Dabney, Will and Horgan, Dan and Piot, Bilal and Azar, Mohammad and Silver, David},
  booktitle={Proceedings of the AAAI conference on artificial intelligence},
  volume={32},
  number={1},
  year={2018}
}

@article{hwangbo2019learning,
  title={Learning agile and dynamic motor skills for legged robots},
  author={Hwangbo, Jemin and Lee, Joonho and Dosovitskiy, Alexey and Bellicoso, Dario and Tsounis, Vassilios and Koltun, Vladlen and Hutter, Marco},
  journal={Science Robotics},
  volume={4},
  number={26},
  pages={eaau5872},
  year={2019},
  publisher={American Association for the Advancement of Science}
}

@article{lee2020learning,
  title={Learning quadrupedal locomotion over challenging terrain},
  author={Lee, Joonho and Hwangbo, Jemin and Wellhausen, Lorenz and Koltun, Vladlen and Hutter, Marco},
  journal={Science robotics},
  volume={5},
  number={47},
  pages={eabc5986},
  year={2020},
  publisher={American Association for the Advancement of Science}
}

@article{miki2022learning,
  title={Learning robust perceptive locomotion for quadrupedal robots in the wild},
  author={Miki, Takahiro and Lee, Joonho and Hwangbo, Jemin and Wellhausen, Lorenz and Koltun, Vladlen and Hutter, Marco},
  journal={Science robotics},
  volume={7},
  number={62},
  pages={eabk2822},
  year={2022},
  publisher={American Association for the Advancement of Science}
}

@article{hussein2017imitation,
  title={Imitation learning: A survey of learning methods},
  author={Hussein, Ahmed and Gaber, Mohamed Medhat and Elyan, Eyad and Jayne, Chrisina},
  journal={ACM Computing Surveys (CSUR)},
  volume={50},
  number={2},
  pages={1--35},
  year={2017},
  publisher={ACM New York, NY, USA}
}

@article{ho2016generative,
  title={Generative adversarial imitation learning},
  author={Ho, Jonathan and Ermon, Stefano},
  journal={Advances in neural information processing systems},
  volume={29},
  year={2016}
}

@article{reuss2023goal,
  title={Goal-conditioned imitation learning using score-based diffusion policies},
  author={Reuss, Moritz and Li, Maximilian and Jia, Xiaogang and Lioutikov, Rudolf},
  journal={arXiv preprint arXiv:2304.02532},
  year={2023}
}

@article{zare2024survey,
  title={A survey of imitation learning: Algorithms, recent developments, and challenges},
  author={Zare, Maryam and Kebria, Parham M and Khosravi, Abbas and Nahavandi, Saeid},
  journal={IEEE Transactions on Cybernetics},
  year={2024},
  publisher={IEEE}
}

@article{williams2015model,
  title={Model predictive path integral control using covariance variable importance sampling},
  author={Williams, Grady and Aldrich, Andrew and Theodorou, Evangelos},
  journal={arXiv preprint arXiv:1509.01149},
  year={2015}
}

@article{zhuang2024reinformer,
  title={Reinformer: Max-return sequence modeling for offline rl},
  author={Zhuang, Zifeng and Peng, Dengyun and Zhang, Ziqi and Wang, Donglin and others},
  journal={arXiv preprint arXiv:2405.08740},
  year={2024}
}

@article{al2023locomujoco,
  title={LocoMuJoCo: A Comprehensive Imitation Learning Benchmark for Locomotion},
  author={Al-Hafez, Firas and Zhao, Guoping and Peters, Jan and Tateo, Davide},
  journal={arXiv preprint arXiv:2311.02496},
  year={2023}
}

@article{eysenbach2021maximum,
  title={Maximum entropy RL (provably) solves some robust RL problems},
  author={Eysenbach, Benjamin and Levine, Sergey},
  journal={arXiv preprint arXiv:2103.06257},
  year={2021}
}

@article{schulman2017proximal,
  title={Proximal policy optimization algorithms},
  author={Schulman, John and Wolski, Filip and Dhariwal, Prafulla and Radford, Alec and Klimov, Oleg},
  journal={arXiv preprint arXiv:1707.06347},
  year={2017}
}

@article{ha2018recurrent,
  title={Recurrent world models facilitate policy evolution},
  author={Ha, David and Schmidhuber, J{\"u}rgen},
  journal={Advances in neural information processing systems},
  volume={31},
  year={2018}
}

@article{hu2023imitation,
  title={Imitation Bootstrapped Reinforcement Learning},
  author={Hu, Hengyuan and Mirchandani, Suvir and Sadigh, Dorsa},
  journal={arXiv preprint arXiv:2311.02198},
  year={2023}
}


@article{hansen2022modem,
  title={Modem: Accelerating visual model-based reinforcement learning with demonstrations},
  author={Hansen, Nicklas and Lin, Yixin and Su, Hao and Wang, Xiaolong and Kumar, Vikash and Rajeswaran, Aravind},
  journal={arXiv preprint arXiv:2212.05698},
  year={2022}
}