@article{asai2023self,
  title={Self-rag: Learning to retrieve, generate, and critique through self-reflection},
  author={Asai, Akari and Wu, Zeqiu and Wang, Yizhong and Sil, Avirup and Hajishirzi, Hannaneh},
  journal={arXiv preprint arXiv:2310.11511},
  year={2023}
}

@inproceedings{askari2024improving,
  title={Improving Geo-Diversity of Generated Images with Contextualized Vendi Score Guidance},
  author={Askari Hemmat, Reyhane and Hall, Melissa and Sun, Alicia and Ross, Candace and Drozdzal, Michal and Romero-Soriano, Adriana},
  booktitle={European Conference on Computer Vision},
  pages={213--229},
  year={2024},
  organization={Springer}
}

@article{berns2023towards,
title={{Towards Mode Balancing of Generative Models via Diversity Weights}},
author={Berns, Sebastian and Colton, Simon and Guckelsberger, Christian},
note={arXiv:2304.11961 [cs.LG]},
journal={arXiv preprint},
year={2023}
}

@article{bhardwaj2025robust,
  title={A Robust Machine Learned Interatomic Potential for Nb: Collision Cascade Simulations with accurate Defect Configurations},
  author={Bhardwaj, Utkarsh and Mishra, Vinayak and Mondal, Suman and Warrier, Manoj},
  journal={arXiv preprint arXiv:2502.03126},
  year={2025}
}

@inproceedings{carbonell1998use,
  title={The use of MMR, diversity-based reranking for reordering documents and producing summaries},
  author={Carbonell, Jaime and Goldstein, Jade},
  booktitle={Proceedings of the 21st annual international ACM SIGIR conference on Research and development in information retrieval},
  pages={335--336},
  year={1998}
}

@article{friedman2023vendi,
title={{The Vendi Score: A Diversity Evaluation Metric for Machine Learning}},
author={Friedman, Dan and Dieng, Adji Bousso},
journal={Transactions on Machine Learning Research},
year={2023}
}

@inproceedings{guu2020retrieval,
  title={Retrieval augmented language model pre-training},
  author={Guu, Kelvin and Lee, Kenton and Tung, Zora and Pasupat, Panupong and Chang, Mingwei},
  booktitle={International conference on machine learning},
  pages={3929--3938},
  year={2020},
  organization={PMLR}
}

@article{jalali2024conditional,
  title={Conditional Vendi Score: An Information-Theoretic Approach to Diversity Evaluation of Prompt-based Generative Models},
  author={Jalali, Mohammad and Ospanov, Azim and Gohari, Amin and Farnia, Farzan},
  journal={arXiv preprint arXiv:2411.02817},
  year={2024}
}

@article{jeong2024adaptive,
  title={Adaptive-rag: Learning to adapt retrieval-augmented large language models through question complexity},
  author={Jeong, Soyeong and Baek, Jinheon and Cho, Sukmin and Hwang, Sung Ju and Park, Jong C},
  journal={arXiv preprint arXiv:2403.14403},
  year={2024}
}

@article{kannen2024beyond,
  title={Beyond aesthetics: Cultural competence in text-to-image models},
  author={Kannen, Nithish and Ahmad, Arif and Andreetto, Marco and Prabhakaran, Vinodkumar and Prabhu, Utsav and Dieng, Adji Bousso and Bhattacharyya, Pushpak and Dave, Shachi},
  journal={arXiv preprint arXiv:2407.06863},
  year={2024}
}

@article{khot2022decomposed,
  title={Decomposed prompting: A modular approach for solving complex tasks},
  author={Khot, Tushar and Trivedi, Harsh and Finlayson, Matthew and Fu, Yao and Richardson, Kyle and Clark, Peter and Sabharwal, Ashish},
  journal={arXiv preprint arXiv:2210.02406},
  year={2022}
}

@article{lewis2020retrieval,
  title={Retrieval-augmented generation for knowledge-intensive nlp tasks},
  author={Lewis, Patrick and Perez, Ethan and Piktus, Aleksandra and Petroni, Fabio and Karpukhin, Vladimir and Goyal, Naman and K{\"u}ttler, Heinrich and Lewis, Mike and Yih, Wen-tau and Rockt{\"a}schel, Tim and others},
  journal={Advances in Neural Information Processing Systems},
  volume={33},
  pages={9459--9474},
  year={2020}
}

@article{liu2024diversity,
  title={Diversity-driven, efficient exploration of a MOF design space to optimize MOF properties},
  author={Liu, Tsung-Wei and Nguyen, Quan and Dieng, Adji Bousso and G{\'o}mez-Gualdr{\'o}n, Diego A},
  journal={Chemical Science},
  volume={15},
  number={45},
  pages={18903--18919},
  year={2024},
  publisher={Royal Society of Chemistry}
}

@article{liu2024much,
  title={How much can rag help the reasoning of llm?},
  author={Liu, Jingyu and Lin, Jiaen and Liu, Yong},
  journal={arXiv preprint arXiv:2410.02338},
  year={2024}
}

@article{mousavi4924208vsi,
  title={Vsi: An Interpretable Bayesian Feature Ranking Method Based on Vendi Score},
  author={Mousavi, Mohsen and Khalili, Nasser},
  journal={Available at SSRN 4924208},
year={2025},
}

@inproceedings{nguyen2024quality,
title={{Quality-Weighted Vendi Scores And Their Application To Diverse Experimental Design}},
author={Nguyen, Quan and Dieng, Adji Bousso},
booktitle={International Conference on Machine Learning},
year={2024},
}

@article{pasarkar2023cousins,
  title={Cousins of the vendi score: A family of similarity-based diversity metrics for science and machine learning},
  author={Pasarkar, Amey P and Dieng, Adji Bousso},
  journal={arXiv preprint arXiv:2310.12952},
  year={2023}
}

@article{pasarkar2023vendi,
  title={Vendi sampling for molecular simulations: Diversity as a force for faster convergence and better exploration},
  author={Pasarkar, Amey P and Bencomo, Gianluca M and Olsson, Simon and Dieng, Adji Bousso},
  journal={The Journal of chemical physics},
  volume={159},
  number={14},
  year={2023},
  publisher={AIP Publishing}
}

@article{pasarkar2025vendiscope,
  title={The Vendiscope: An Algorithmic Microscope For Data Collections},
  author={Pasarkar, Amey P. and Dieng, Adji Bousso},
  journal={arXiv preprint arXiv:2502.04593},
  year={2025}
}

@article{petroni2019language,
  title={Language models as knowledge bases?},
  author={Petroni, Fabio and Rockt{\"a}schel, Tim and Lewis, Patrick and Bakhtin, Anton and Wu, Yuxiang and Miller, Alexander H and Riedel, Sebastian},
  journal={arXiv preprint arXiv:1909.01066},
  year={2019}
}

@article{radhakrishnan2023question,
  title={Question decomposition improves the faithfulness of model-generated reasoning},
  author={Radhakrishnan, Ansh and Nguyen, Karina and Chen, Anna and Chen, Carol and Denison, Carson and Hernandez, Danny and Durmus, Esin and Hubinger, Evan and Kernion, Jackson and Luko{\v{s}}i{\=u}t{\.e}, Kamil{\.e} and others},
  journal={arXiv preprint arXiv:2307.11768},
  year={2023}
}

@article{rezaei2025alpha,
  title={The $alpha$-Alternator: Dynamic Adaptation To Varying Noise Levels In Sequences Using The Vendi Score For Improved Robustness and Performance},
  author={Rezaei, Mohammad Reza and Dieng, Adji Bousso},
  journal={arXiv preprint arXiv:2502.04593},
  year={2025}
}

@article{shao2023enhancing,
  title={Enhancing retrieval-augmented large language models with iterative retrieval-generation synergy},
  author={Shao, Zhihong and Gong, Yeyun and Shen, Yelong and Huang, Minlie and Duan, Nan and Chen, Weizhu},
  journal={arXiv preprint arXiv:2305.15294},
  year={2023}
}

@article{shuster2021retrieval,
  title={Retrieval augmentation reduces hallucination in conversation},
  author={Shuster, Kurt and Poff, Spencer and Chen, Moya and Kiela, Douwe and Weston, Jason},
  journal={arXiv preprint arXiv:2104.07567},
  year={2021}
}

@inproceedings{slivkins2010learning,
  title={Learning optimally diverse rankings over large document collections},
  author={Slivkins, Aleksandrs and Radlinski, Filip and Gollapudi, Sreenivas},
  booktitle={Proc. of the 27th International Conference on Machine Learning (ICML 2010)},
  year={2010}
}

@article{sun2022recitation,
  title={Recitation-augmented language models},
  author={Sun, Zhiqing and Wang, Xuezhi and Tay, Yi and Yang, Yiming and Zhou, Denny},
  journal={arXiv preprint arXiv:2210.01296},
  year={2022}
}

@article{tang2024multihop,
      title={MultiHop-RAG: Benchmarking Retrieval-Augmented Generation for Multi-Hop Queries}, 
      author={Yixuan Tang and Yi Yang},
      journal={arXiv preprint arXiv:2401.15391},
      year={2024},
}

@article{trivedi2022interleaving,
  title={Interleaving retrieval with chain-of-thought reasoning for knowledge-intensive multi-step questions},
  author={Trivedi, Harsh and Balasubramanian, Niranjan and Khot, Tushar and Sabharwal, Ashish},
  journal={arXiv preprint arXiv:2212.10509},
  year={2022}
}

@article{wei2022chain,
  title={Chain-of-thought prompting elicits reasoning in large language models},
  author={Wei, Jason and Wang, Xuezhi and Schuurmans, Dale and Bosma, Maarten and Xia, Fei and Chi, Ed and Le, Quoc V and Zhou, Denny and others},
  journal={Advances in neural information processing systems},
  volume={35},
  pages={24824--24837},
  year={2022}
}

@article{yu2024auto,
  title={Auto-rag: Autonomous retrieval-augmented generation for large language models},
  author={Yu, Tian and Zhang, Shaolei and Feng, Yang},
  journal={arXiv preprint arXiv:2411.19443},
  year={2024}
}

@article{zhang2024accelerating,
  title={Accelerating retrieval-augmented language model serving with speculation},
  author={Zhang, Zhihao and Zhu, Alan and Yang, Lijie and Xu, Yihua and Li, Lanting and Phothilimthana, Phitchaya Mangpo and Jia, Zhihao},
  journal={arXiv preprint arXiv:2401.14021},
  year={2024}
}

