@inproceedings{bundlesdf,
  title={Bundlesdf: Neural 6-dof tracking and 3d reconstruction of unknown objects},
  author={Wen, Bowen and Tremblay, Jonathan and Blukis, Valts and Tyree, Stephen and M{\"u}ller, Thomas and Evans, Alex and Fox, Dieter and Kautz, Jan and Birchfield, Stan},
  booktitle={Proceedings of the IEEE/CVF Conference on Computer Vision and Pattern Recognition},
  pages={606--617},
  year={2023}
}

@inproceedings{colmap,
  title={Structure-from-motion revisited},
  author={Schonberger, Johannes L and Frahm, Jan-Michael},
  booktitle={Proceedings of the IEEE conference on computer vision and pattern recognition},
  pages={4104--4113},
  year={2016}
}

@inproceedings{fp,
  title={Foundationpose: Unified 6d pose estimation and tracking of novel objects},
  author={Wen, Bowen and Yang, Wei and Kautz, Jan and Birchfield, Stan},
  booktitle={Proceedings of the IEEE/CVF Conference on Computer Vision and Pattern Recognition},
  pages={17868--17879},
  year={2024}
}

@inproceedings{fs6d,
  title={Fs6d: Few-shot 6d pose estimation of novel objects},
  author={He, Yisheng and Wang, Yao and Fan, Haoqiang and Sun, Jian and Chen, Qifeng},
  booktitle={Proceedings of the IEEE/CVF Conference on Computer Vision and Pattern Recognition},
  pages={6814--6824},
  year={2022}
}

@inproceedings{gigapose,
  title={Gigapose: Fast and robust novel object pose estimation via one correspondence},
  author={Nguyen, Van Nguyen and Groueix, Thibault and Salzmann, Mathieu and Lepetit, Vincent},
  booktitle={Proceedings of the IEEE/CVF Conference on Computer Vision and Pattern Recognition},
  pages={9903--9913},
  year={2024}
}

@article{grounding,
  title={Grounding dino: Marrying dino with grounded pre-training for open-set object detection},
  author={Liu, Shilong and Zeng, Zhaoyang and Ren, Tianhe and Li, Feng and Zhang, Hao and Yang, Jie and Jiang, Qing and Li, Chunyuan and Yang, Jianwei and Su, Hang and others},
  journal={arXiv preprint arXiv:2303.05499},
  year={2023}
}

@article{instantmesh,
  title={Instantmesh: Efficient 3d mesh generation from a single image with sparse-view large reconstruction models},
  author={Xu, Jiale and Cheng, Weihao and Gao, Yiming and Wang, Xintao and Gao, Shenghua and Shan, Ying},
  journal={arXiv preprint arXiv:2404.07191},
  year={2024}
}

@article{lpr,
  title={L-PR: Exploiting LiDAR Fiducial Marker for Unordered Low Overlap Multiview Point Cloud Registration},
  author={Liu, Yibo and Shan, Jinjun and Haridevan, Amaldev and Zhang, Shuo},
  journal={arXiv preprint arXiv:2406.03298},
  year={2024}
}

@inproceedings{mvdeepsdf,
  title={MV-DeepSDF: Implicit Modeling with Multi-Sweep Point Clouds for 3D Vehicle Reconstruction in Autonomous Driving},
  author={Liu, Yibo and Zhu, Kelly and Wu, Guile and Ren, Yuan and Liu, Bingbing and Liu, Yang and Shan, Jinjun},
  booktitle={Proceedings of the IEEE/CVF International Conference on Computer Vision},
  pages={8306--8316},
  year={2023}
}

@inproceedings{obj,
  title={Objaverse: A universe of annotated 3d objects},
  author={Deitke, Matt and Schwenk, Dustin and Salvador, Jordi and Weihs, Luca and Michel, Oscar and VanderBilt, Eli and Schmidt, Ludwig and Ehsani, Kiana and Kembhavi, Aniruddha and Farhadi, Ali},
  booktitle={Proceedings of the IEEE/CVF Conference on Computer Vision and Pattern Recognition},
  pages={13142--13153},
  year={2023}
}

@inproceedings{onepose,
  title={Onepose: One-shot object pose estimation without cad models},
  author={Sun, Jiaming and Wang, Zihao and Zhang, Siyu and He, Xingyi and Zhao, Hongcheng and Zhang, Guofeng and Zhou, Xiaowei},
  booktitle={Proceedings of the IEEE/CVF Conference on Computer Vision and Pattern Recognition},
  pages={6825--6834},
  year={2022}
}

@article{onepose++,
  title={Onepose++: Keypoint-free one-shot object pose estimation without CAD models},
  author={He, Xingyi and Sun, Jiaming and Wang, Yuang and Huang, Di and Bao, Hujun and Zhou, Xiaowei},
  journal={Advances in Neural Information Processing Systems},
  volume={35},
  pages={35103--35115},
  year={2022}
}

@inproceedings{sam6d,
  title={Sam-6d: Segment anything model meets zero-shot 6d object pose estimation},
  author={Lin, Jiehong and Liu, Lihua and Lu, Dekun and Jia, Kui},
  booktitle={Proceedings of the IEEE/CVF Conference on Computer Vision and Pattern Recognition},
  pages={27906--27916},
  year={2024}
}

@article{unigaussian,
  title={UniGaussian: Driving Scene Reconstruction from Multiple Camera Models via Unified Gaussian Representations},
  author={Ren, Yuan and Wu, Guile and Li, Runhao and Yang, Zheyuan and Liu, Yibo and Chen, Xingxin and Cao, Tongtong and Liu, Bingbing},
  journal={arXiv preprint arXiv:2411.15355},
  year={2024}
}

@inproceedings{vqadiff,
  title={VQA-Diff: Exploiting VQA and Diffusion for Zero-Shot Image-to-3D Vehicle Asset Generation in Autonomous Driving},
  author={Liu, Yibo and Yang, Zheyuan and Wu, Guile and Ren, Yuan and Lin, Kejian and Liu, Bingbing and Liu, Yang and Shan, Jinjun},
  booktitle={European Conference on Computer Vision},
  year={2025},
  organization={Springer}
}

@inproceedings{wonder3d,
  title={Wonder3d: Single image to 3d using cross-domain diffusion},
  author={Long, Xiaoxiao and Guo, Yuan-Chen and Lin, Cheng and Liu, Yuan and Dou, Zhiyang and Liu, Lingjie and Ma, Yuexin and Zhang, Song-Hai and Habermann, Marc and Theobalt, Christian and others},
  booktitle={Proceedings of the IEEE/CVF Conference on Computer Vision and Pattern Recognition},
  pages={9970--9980},
  year={2024}
}

@inproceedings{xu2019mid,
  title={Mid-fusion: Octree-based object-level multi-instance dynamic slam},
  author={Xu, Binbin and Li, Wenbin and Tzoumanikas, Dimos and Bloesch, Michael and Davison, Andrew and Leutenegger, Stefan},
  booktitle={2019 International Conference on Robotics and Automation (ICRA)},
  pages={5231--5237},
  year={2019},
  organization={IEEE}
}

@inproceedings{xu2022learning,
  title={Learning to complete object shapes for object-level mapping in dynamic scenes},
  author={Xu, Binbin and Davison, Andrew J and Leutenegger, Stefan},
  booktitle={2022 IEEE/RSJ International Conference on Intelligent Robots and Systems (IROS)},
  year={2022},
}

@article{yanglearning,
  title={Learning Effective NeRFs and SDFs Representations with 3D Generative Adversarial Networks for 3D Object Generation: Technical Report for ICCV 2023 OmniObject3D Challenge},
  author={Yang, Zheyuan and Liu, Yibo and Wu, Guile and Cao, Tongtong and Ren, Yuan and Liu, Yang and Liu, Bingbing},
  journal={arXiv preprint arXiv:2309.16110},
  year={2023}
}

@article{zero123++,
  title={Zero123++: a single image to consistent multi-view diffusion base model},
  author={Shi, Ruoxi and Chen, Hansheng and Zhang, Zhuoyang and Liu, Minghua and Xu, Chao and Wei, Xinyue and Chen, Linghao and Zeng, Chong and Su, Hao},
  journal={arXiv preprint arXiv:2310.15110},
  year={2023}
}

@article{zero1236d,
  title={Zero123-6d: Zero-shot novel view synthesis for rgb category-level 6d pose estimation},
  author={Di Felice, Francesco and Remus, Alberto and Gasperini, Stefano and Busam, Benjamin and Ott, Lionel and Tombari, Federico and Siegwart, Roland and Avizzano, Carlo Alberto},
  journal={arXiv preprint arXiv:2403.14279},
  year={2024}
}

