@article{grounding,
  title={Grounding dino: Marrying dino with grounded pre-training for open-set object detection},
  author={Liu, Shilong and Zeng, Zhaoyang and Ren, Tianhe and Li, Feng and Zhang, Hao and Yang, Jie and Jiang, Qing and Li, Chunyuan and Yang, Jianwei and Su, Hang and others},
  journal={arXiv preprint arXiv:2303.05499},
  year={2023}
}
@inproceedings{wonder3d,
  title={Wonder3d: Single image to 3d using cross-domain diffusion},
  author={Long, Xiaoxiao and Guo, Yuan-Chen and Lin, Cheng and Liu, Yuan and Dou, Zhiyang and Liu, Lingjie and Ma, Yuexin and Zhang, Song-Hai and Habermann, Marc and Theobalt, Christian and others},
  booktitle={Proceedings of the IEEE/CVF Conference on Computer Vision and Pattern Recognition},
  pages={9970--9980},
  year={2024}
}

@misc{mast3r,
      title={Grounding Image Matching in 3D with MASt3R}, 
      author={Vincent Leroy and Yohann Cabon and Jerome Revaud},
      year={2024},
      eprint={2406.09756},
      archivePrefix={arXiv},
      primaryClass={cs.CV}
}

@inproceedings{newcombe2011kinectfusion,
  title={Kinectfusion: Real-time dense surface mapping and tracking},
  author={Newcombe, Richard A and Izadi, Shahram and Hilliges, Otmar and Molyneaux, David and Kim, David and Davison, Andrew J and Kohi, Pushmeet and Shotton, Jamie and Hodges, Steve and Fitzgibbon, Andrew},
  booktitle={2011 10th IEEE international symposium on mixed and augmented reality},
  year={2011},
}
@inproceedings{runz2018maskfusion,
  title={Maskfusion: Real-time recognition, tracking and reconstruction of multiple moving objects},
  author={Runz, Martin and Buffier, Maud and Agapito, Lourdes},
  booktitle={2018 IEEE International Symposium on Mixed and Augmented Reality (ISMAR)},
  pages={10--20},
  year={2018},
  organization={IEEE}
}
@misc{mindspore,
	title = {MindSpore},
  author= {Huawei},
	howpublished = {\url{https://www.mindspore.cn/}},
  year={2020}
}
@inproceedings{samp,
  title={SAMP: shape and motion priors for 4d vehicle reconstruction},
  author={Engelmann, Francis and St{\"u}ckler, J{\"o}rg and Leibe, Bastian},
  booktitle={Proc. of IEEE Winter Conference on Applications of Computer Vision},
  pages={400--408},
  year={2017},
  organization={IEEE}
}


@inproceedings{lm,
  title={Localization and mapping using instance-specific mesh models},
  author={Feng, Qiaojun and Meng, Yue and Shan, Mo and Atanasov, Nikolay},
  booktitle={Proc. of IEEE/RSJ International Conference on Intelligent Robots and Systems },
  pages={4985--4991},
  year={2019},
  organization={IEEE}
}
@article{online,
  title={Online adaptation for implicit object tracking and shape reconstruction in the wild},
  author={Ye, Jianglong and Chen, Yuntao and Wang, Naiyan and Wang, Xiaolong},
  journal={IEEE Robotics and Automation Letters},
  volume={7},
  number={4},
  pages={8909--8916},
  year={2022},
  publisher={IEEE}
}
@inproceedings{xu2019mid,
  title={Mid-fusion: Octree-based object-level multi-instance dynamic slam},
  author={Xu, Binbin and Li, Wenbin and Tzoumanikas, Dimos and Bloesch, Michael and Davison, Andrew and Leutenegger, Stefan},
  booktitle={2019 International Conference on Robotics and Automation (ICRA)},
  pages={5231--5237},
  year={2019},
  organization={IEEE}
}
@inproceedings{
liao2024toward,
title={Toward General Object-level Mapping from Sparse Views with 3D Diffusion Priors},
author={Ziwei Liao and Binbin Xu and Steven L. Waslander},
booktitle={8th Annual Conference on Robot Learning},
year={2024},
}
@inproceedings{pointnerf,
  title={Point-nerf: Point-based neural radiance fields},
  author={Xu, Qiangeng and Xu, Zexiang and Philip, Julien and Bi, Sai and Shu, Zhixin and Sunkavalli, Kalyan and Neumann, Ulrich},
  booktitle={Proc. of the IEEE/CVF Conference on Computer Vision and Pattern Recognition},
  pages={5438--5448},
  year={2022}
}
@inproceedings{gifs,
  title={GIFS: Neural implicit function for general shape representation},
  author={Ye, Jianglong and Chen, Yuntao and Wang, Naiyan and Wang, Xiaolong},
  booktitle={Proc. of the IEEE/CVF Conference on Computer Vision and Pattern Recognition},
  pages={12829--12839},
  year={2022}
}
@article{adapointr,
  title={AdaPoinTr: Diverse Point Cloud Completion with Adaptive Geometry-Aware Transformers},
  author={Yu, Xumin and Rao, Yongming and Wang, Ziyi and Lu, Jiwen and Zhou, Jie},
  journal={arXiv preprint arXiv:2301.04545},
  year={2023}
}
@article{pointr++,
  title={Multi-view partial (mvp) point cloud challenge 2021 on completion and registration: Methods and results},
  author={Pan, Liang and Wu, Tong and Cai, Zhongang and Liu, Ziwei and Yu, Xumin and Rao, Yongming and Lu, Jiwen and Zhou, Jie and Xu, Mingye and Luo, Xiaoyuan and others},
  journal={arXiv preprint arXiv:2112.12053},
  year={2021}
}
@inproceedings{consist,
  title={Consistent and specific multi-view subspace clustering},
  author={Luo, Shirui and Zhang, Changqing and Zhang, Wei and Cao, Xiaochun},
  booktitle={Proc. of the AAAI conference on artificial intelligence},
  volume={32},
  number={1},
  year={2018}
}
@inproceedings{depth2,
  author    = {Hongrui Cai and Wanquan Feng and Xuetao Feng and Yan Wang and Juyong Zhang},
  title     = {Neural Surface Reconstruction of Dynamic Scenes with Monocular RGB-D Camera},
  booktitle = {Proc. of Conference on Neural Information Processing Systems},
  year      = {2022}
}
@inproceedings{depth3,
  title={Sg-nn: Sparse generative neural networks for self-supervised scene completion of rgb-d scans},
  author={Dai, Angela and Diller, Christian and Nie{\ss}ner, Matthias},
  booktitle={Proceedings of the IEEE/CVF Conference on Computer Vision and Pattern Recognition},
  pages={849--858},
  year={2020}
}
@inproceedings{depth,
  title={Neural rgb-d surface reconstruction},
  author={Azinovi{\'c}, Dejan and Martin-Brualla, Ricardo and Goldman, Dan B and Nie{\ss}ner, Matthias and Thies, Justus},
  booktitle={Proc. of the IEEE/CVF Conference on Computer Vision and Pattern Recognition},
  pages={6290--6301},
  year={2022}
}
@inproceedings{trans,
  title={Multi-view 3d reconstruction with transformers},
  author={Wang, Dan and Cui, Xinrui and Chen, Xun and Zou, Zhengxia and Shi, Tianyang and Salcudean, Septimiu and Wang, Z Jane and Ward, Rabab},
  booktitle={Proc. of the IEEE/CVF International Conference on Computer Vision},
  pages={5722--5731},
  year={2021}
}
    @article{neat,
      title={NeAT: Learning Neural Implicit Surfaces with Arbitrary Topologies from Multi-view Images},
      author={Meng, Xiaoxu and Chen, Weikai and Yang, Bo},
      journal={Proc. of the IEEE/CVF Conference on Computer Vision and Pattern Recognition},
      month={June},
      year={2023}
    }
  
@article{semantic3d,
  title={Semantic3d. net: A new large-scale point cloud classification benchmark},
  author={Hackel, Timo and Savinov, Nikolay and Ladicky, Lubor and Wegner, Jan D and Schindler, Konrad and Pollefeys, Marc},
  journal={arXiv preprint arXiv:1704.03847},
  year={2017}
}
@inproceedings{scannet,
  title={Scannet: Richly-annotated 3d reconstructions of indoor scenes},
  author={Dai, Angela and Chang, Angel X and Savva, Manolis and Halber, Maciej and Funkhouser, Thomas and Nie{\ss}ner, Matthias},
  booktitle={Proc. of the IEEE conference on computer vision and pattern recognition},
  pages={5828--5839},
  year={2017}
}
@inproceedings{similar,
  title={Learning a structured latent space for unsupervised point cloud completion},
  author={Cai, Yingjie and Lin, Kwan-Yee and Zhang, Chao and Wang, Qiang and Wang, Xiaogang and Li, Hongsheng},
  booktitle={Proc. of the IEEE/CVF Conference on Computer Vision and Pattern Recognition},
  pages={5543--5553},
  year={2022}
}
@article{neus,
  title={Neus: Learning neural implicit surfaces by volume rendering for multi-view reconstruction},
  author={Wang, Peng and Liu, Lingjie and Liu, Yuan and Theobalt, Christian and Komura, Taku and Wang, Wenping},
  journal={arXiv preprint arXiv:2106.10689},
  year={2021}
}
@inproceedings{dvgo,
  title={Direct voxel grid optimization: Super-fast convergence for radiance fields reconstruction},
  author={Sun, Cheng and Sun, Min and Chen, Hwann-Tzong},
  booktitle={Proc. of the IEEE/CVF Conference on Computer Vision and Pattern Recognition},
  pages={5459--5469},
  year={2022}
}
@inproceedings{mesh5,
  title={Using locally corresponding cad models for dense 3d reconstructions from a single image},
  author={Kong, Chen and Lin, Chen-Hsuan and Lucey, Simon},
  booktitle={Proc. the IEEE conference on computer vision and pattern recognition},
  pages={4857--4865},
  year={2017}
}
@inproceedings{mesh4,
  title={A papier-m{\^a}ch{\'e} approach to learning 3d surface generation},
  author={Groueix, Thibault and Fisher, Matthew and Kim, Vladimir G and Russell, Bryan C and Aubry, Mathieu},
  booktitle={Proc. of the IEEE conference on computer vision and pattern recognition},
  pages={216--224},
  year={2018}
}
@inproceedings{mesh3,
  title={Pixel2mesh: Generating 3d mesh models from single rgb images},
  author={Wang, Nanyang and Zhang, Yinda and Li, Zhuwen and Fu, Yanwei and Liu, Wei and Jiang, Yu-Gang},
  booktitle={Proc. of the European conference on computer vision},
  pages={52--67},
  year={2018}
}
@incollection{scape,
  title={Scape: shape completion and animation of people},
  author={Anguelov, Dragomir and Srinivasan, Praveen and Koller, Daphne and Thrun, Sebastian and Rodgers, Jim and Davis, James},
  booktitle={ACM SIGGRAPH 2005 Papers},
  pages={408--416},
  year={2005}
}
@article{mesh1,
  title={Multi-chart generative surface modeling},
  author={Ben-Hamu, Heli and Maron, Haggai and Kezurer, Itay and Avineri, Gal and Lipman, Yaron},
  journal={ACM Transactions on Graphics},
  volume={37},
  number={6},
  pages={1--15},
  year={2018},
  publisher={ACM New York, NY, USA}
}
@inproceedings{mesh2,
  title={Feastnet: Feature-steered graph convolutions for 3d shape analysis},
  author={Verma, Nitika and Boyer, Edmond and Verbeek, Jakob},
  booktitle={Proc. of the IEEE conference on computer vision and pattern recognition},
  pages={2598--2606},
  year={2018}
}
@inproceedings{voxel1,
  title={Voxel-based network for shape completion by leveraging edge generation},
  author={Wang, Xiaogang and Ang, Marcelo H and Lee, Gim Hee},
  booktitle={Proc. of the IEEE/CVF international conference on computer vision},
  pages={13189--13198},
  year={2021}
}
@inproceedings{voxel2,
  title={Shape completion using 3d-encoder-predictor cnns and shape synthesis},
  author={Dai, Angela and Ruizhongtai Qi, Charles and Nie{\ss}ner, Matthias},
  booktitle={Proc. of the IEEE conference on computer vision and pattern recognition},
  pages={5868--5877},
  year={2017}
}
@inproceedings{3depn,
  title={Shape completion using 3d-encoder-predictor cnns and shape synthesis},
  author={Dai, Angela and Ruizhongtai Qi, Charles and Nie{\ss}ner, Matthias},
  booktitle={Proc. of the IEEE conference on computer vision and pattern recognition},
  pages={5868--5877},
  year={2017}
}
@inproceedings{grnet,
  title={Grnet: Gridding residual network for dense point cloud completion},
  author={Xie, Haozhe and Yao, Hongxun and Zhou, Shangchen and Mao, Jiageng and Zhang, Shengping and Sun, Wenxiu},
  booktitle={Proc. of the European conference on computer vision},
  pages={365--381},
  year={2020},
  organization={Springer}
}
@inproceedings{pointr,
  title={Pointr: Diverse point cloud completion with geometry-aware transformers},
  author={Yu, Xumin and Rao, Yongming and Wang, Ziyi and Liu, Zuyan and Lu, Jiwen and Zhou, Jie},
  booktitle={Proc. of the IEEE/CVF international conference on computer vision},
  pages={12498--12507},
  year={2021}
}
@inproceedings{cd,
  title={A point set generation network for 3d object reconstruction from a single image},
  author={Fan, Haoqiang and Su, Hao and Guibas, Leonidas J},
  booktitle={Proc. of the IEEE conference on computer vision and pattern recognition},
  pages={605--613},
  year={2017}
}

@inproceedings{pcgen,
  title={PCGen: Point Cloud Generator for LiDAR Simulation},
  author={Li, Chenqi and Ren, Yuan and Liu, Bingbing},
  booktitle={Proc. of International Conference on Robotics and Automation},
  year={2023}
}

@article{marching,
  title={Marching cubes: A high resolution 3D surface construction algorithm},
  author={Lorensen, William E and Cline, Harvey E},
  journal={ACM siggraph computer graphics},
  volume={21},
  number={4},
  pages={163--169},
  year={1987},
  publisher={ACM New York, NY, USA}
}
@article{comple,
  title={CPM-Nets: Cross partial multi-view networks},
  author={Zhang, Changqing and Han, Zongbo and Fu, Huazhu and Zhou, Joey Tianyi and Hu, Qinghua and others},
  journal={Advances in Neural Information Processing Systems},
  volume={32},
  year={2019}
}
@inproceedings{multi,
  title={Multi-view consistency as supervisory signal for learning shape and pose prediction},
  author={Tulsiani, Shubham and Efros, Alexei A and Malik, Jitendra},
  booktitle={Proc. of the IEEE conference on computer vision and pattern recognition},
  pages={2897--2905},
  year={2018}
}
@INPROCEEDINGS{nicp,
  author={Serafin, Jacopo and Grisetti, Giorgio},
  booktitle={Proc. of IEEE/RSJ International Conference on Intelligent Robots and Systems}, 
  title={NICP: Dense normal based point cloud registration}, 
  year={2015},
  volume={},
  number={},
  pages={742-749},
  doi={10.1109/IROS.2015.7353455}}
@inproceedings{deepls,
  title={Deep local shapes: Learning local sdf priors for detailed 3d reconstruction},
  author={Chabra, Rohan and Lenssen, Jan E and Ilg, Eddy and Schmidt, Tanner and Straub, Julian and Lovegrove, Steven and Newcombe, Richard},
  booktitle={Proc. of European Conference on Computer Vision},
  pages={608--625},
  year={2020},
  organization={Springer}
}
@INPROCEEDINGS{pcn,
  author={Yuan, Wentao and Khot, Tejas and Held, David and Mertz, Christoph and Hebert, Martial},
  booktitle={Proc. of International Conference on 3D Vision}, 
  title={PCN: Point Completion Network}, 
  year={2018},
  volume={},
  number={},
  pages={728-737},
  doi={10.1109/3DV.2018.00088}}

@inproceedings{render4,
  title={Render4Completion: Synthesizing multi-view depth maps for 3D shape completion},
  author={Hu, Tao and Han, Zhizhong and Shrivastava, Abhinav and Zwicker, Matthias},
  booktitle={Proc. of the IEEE/CVF International Conference on Computer Vision Workshops},
  pages={0--0},
  year={2019}
}
@inproceedings{tsdf,
  title={Kinectfusion: Real-time dense surface mapping and tracking},
  author={Newcombe, Richard A and Izadi, Shahram and Hilliges, Otmar and Molyneaux, David and Kim, David and Davison, Andrew J and Kohi, Pushmeet and Shotton, Jamie and Hodges, Steve and Fitzgibbon, Andrew},
  booktitle={Proc. IEEE international symposium on mixed and augmented reality},
  pages={127--136},
  year={2011},
  organization={Ieee}
}
@inproceedings{licp,
  title={Method for registration of 3-D shapes},
  author={Besl, Paul J and McKay, Neil D},
  booktitle={Sensor fusion IV: control paradigms and data structures},
  volume={1611},
  pages={586--606},
  year={1992},
  organization={Spie}
}
@inproceedings{gicp,
  title={Fast point feature histograms (FPFH) for 3D registration},
  author={Rusu, Radu Bogdan and Blodow, Nico and Beetz, Michael},
  booktitle={Proc. of IEEE international conference on robotics and automation},
  pages={3212--3217},
  year={2009},
  organization={IEEE}
}

@inproceedings{adam,
  title={Adam: A Method for Stochastic Optimization},
  author={Kingma, Diederik P and Ba, Jimmy},
  booktitle={Proc. of the International Conference on Learning Representations  (Poster)},
  year={2015}
}
@inproceedings{pcl2pcl,
  title={Multimodal shape completion via conditional generative adversarial networks},
  author={Wu, Rundi and Chen, Xuelin and Zhuang, Yixin and Chen, Baoquan},
  booktitle={European Conference on Computer Vision},
  pages={281--296},
  year={2020},
  organization={Springer}
}
@article{rrelu,
  title={Empirical evaluation of rectified activations in convolutional network},
  author={Xu, Bing and Wang, Naiyan and Chen, Tianqi and Li, Mu},
  journal={arXiv preprint arXiv:1505.00853},
  year={2015}
}
@inproceedings{pointnet,
  title={Pointnet: Deep learning on point sets for 3d classification and segmentation},
  author={Qi, Charles R and Su, Hao and Mo, Kaichun and Guibas, Leonidas J},
  booktitle={Proc. of the IEEE conference on computer vision and pattern recognition},
  pages={652--660},
  year={2017}
}
@article{shapenet,
  title={Shapenet: An information-rich 3d model repository},
  author={Chang, Angel X and Funkhouser, Thomas and Guibas, Leonidas and Hanrahan, Pat and Huang, Qixing and Li, Zimo and Savarese, Silvio and Savva, Manolis and Song, Shuran and Su, Hao and others},
  journal={arXiv preprint arXiv:1512.03012},
  year={2015}
}
@article{pointnet2,
  title={Pointnet++: Deep hierarchical feature learning on point sets in a metric space},
  author={Qi, Charles Ruizhongtai and Yi, Li and Su, Hao and Guibas, Leonidas J},
  journal={Advances in neural information processing systems},
  volume={30},
  year={2017}
}

@article{kitti,
  title={Vision meets robotics: The kitti dataset},
  author={Geiger, Andreas and Lenz, Philip and Stiller, Christoph and Urtasun, Raquel},
  journal={The International Journal of Robotics Research},
  volume={32},
  number={11},
  pages={1231--1237},
  year={2013},
  publisher={Sage Publications Sage UK: London, England}
}
@inproceedings{waymo,
  title={Scalability in perception for autonomous driving: Waymo open dataset},
  author={Sun, Pei and Kretzschmar, Henrik and Dotiwalla, Xerxes and Chouard, Aurelien and Patnaik, Vijaysai and Tsui, Paul and Guo, James and Zhou, Yin and Chai, Yuning and Caine, Benjamin and others},
  booktitle={Proc. of the IEEE/CVF conference on computer vision and pattern recognition},
  pages={2446--2454},
  year={2020}
}
@inproceedings{mending,
  title={Mending Neural Implicit Modeling for 3D Vehicle Reconstruction in the Wild},
  author={Duggal, Shivam and Wang, Zihao and Ma, Wei-Chiu and Manivasagam, Sivabalan and Liang, Justin and Wang, Shenlong and Urtasun, Raquel},
  booktitle={Proc. of IEEE/CVF Winter Conference on Applications of Computer Vision},
  pages={1900--1909},
  year={2022}
}
@inproceedings{csdf,
  title={Curriculum deepsdf},
  author={Duan, Yueqi and Zhu, Haidong and Wang, He and Yi, Li and Nevatia, Ram and Guibas, Leonidas J},
  booktitle={Proc. of European Conference on Computer Vision},
  pages={51--67},
  year={2020},
  organization={Springer}
}

@inproceedings{deepsdf,
  title={Deepsdf: Learning continuous signed distance functions for shape representation},
  author={Park, Jeong Joon and Florence, Peter and Straub, Julian and Newcombe, Richard and Lovegrove, Steven},
  booktitle={Proc. of the IEEE/CVF conference on computer vision and pattern recognition},
  pages={165--174},
  year={2019}
}

@inproceedings{weakly,
  title={Weakly-supervised 3d shape completion in the wild},
  author={Gu, Jiayuan and Ma, Wei-Chiu and Manivasagam, Sivabalan and Zeng, Wenyuan and Wang, Zihao and Xiong, Yuwen and Su, Hao and Urtasun, Raquel},
  booktitle={Proc. of European Conference on Computer Vision},
  pages={283--299},
  year={2020},
  organization={Springer}
}

@inproceedings{occ,
    title = {Occupancy Networks: Learning 3D Reconstruction in Function Space},
    author = {Mescheder, Lars and Oechsle, Michael and Niemeyer, Michael and Nowozin, Sebastian and Geiger, Andreas},
    booktitle = {Proc. of IEEE Conf. on Computer Vision and Pattern Recognition},
    year = {2019}
}

@article{nerf,
  title={Nerf: Representing scenes as neural radiance fields for view synthesis},
  author={Mildenhall, Ben and Srinivasan, Pratul P and Tancik, Matthew and Barron, Jonathan T and Ramamoorthi, Ravi and Ng, Ren},
  journal={Communications of the ACM},
  volume={65},
  number={1},
  pages={99--106},
  year={2021},
  publisher={ACM New York, NY, USA}
}

@article{nsvf,
  title={Neural Sparse Voxel Fields},
  author={Liu, Lingjie and Gu, Jiatao and Lin, Kyaw Zaw and Chua, Tat-Seng and Theobalt, Christian},
  journal={NeurIPS},
  year={2020}
}
@article{navi,
  title={Find what you want: learning demand-conditioned object attribute space for demand-driven navigation},
  author={Wang, Hongcheng and Chen, Andy Guan Hong and Li, Xiaoqi and Wu, Mingdong and Dong, Hao},
  journal={Advances in Neural Information Processing Systems},
  volume={36},
  year={2024}
}

@inproceedings{avoid,
  title={Avoid Everything: Model-Free Collision Avoidance with Expert-Guided Fine-Tuning},
  author={Fishman, Adam and Walsman, Aaron and Bhardwaj, Mohak and Yuan, Wentao and Sundaralingam, Balakumar and Boots, Byron and Fox, Dieter},
  booktitle={8th Annual Conference on Robot Learning},
  year={2024}
}

@inproceedings{grasp,
  title={Generalizing 6-DoF Grasp Detection via Domain Prior Knowledge},
  author={Ma, Haoxiang and Shi, Modi and Gao, Boyang and Huang, Di},
  booktitle={Proceedings of the IEEE/CVF Conference on Computer Vision and Pattern Recognition},
  pages={18102--18111},
  year={2024}
}
@inproceedings{fp,
  title={Foundationpose: Unified 6d pose estimation and tracking of novel objects},
  author={Wen, Bowen and Yang, Wei and Kautz, Jan and Birchfield, Stan},
  booktitle={Proceedings of the IEEE/CVF Conference on Computer Vision and Pattern Recognition},
  pages={17868--17879},
  year={2024}
}

@inproceedings{bundlesdf,
  title={Bundlesdf: Neural 6-dof tracking and 3d reconstruction of unknown objects},
  author={Wen, Bowen and Tremblay, Jonathan and Blukis, Valts and Tyree, Stephen and M{\"u}ller, Thomas and Evans, Alex and Fox, Dieter and Kautz, Jan and Birchfield, Stan},
  booktitle={Proceedings of the IEEE/CVF Conference on Computer Vision and Pattern Recognition},
  pages={606--617},
  year={2023}
}

@inproceedings{gigapose,
  title={Gigapose: Fast and robust novel object pose estimation via one correspondence},
  author={Nguyen, Van Nguyen and Groueix, Thibault and Salzmann, Mathieu and Lepetit, Vincent},
  booktitle={Proceedings of the IEEE/CVF Conference on Computer Vision and Pattern Recognition},
  pages={9903--9913},
  year={2024}
}

@inproceedings{sam6d,
  title={Sam-6d: Segment anything model meets zero-shot 6d object pose estimation},
  author={Lin, Jiehong and Liu, Lihua and Lu, Dekun and Jia, Kui},
  booktitle={Proceedings of the IEEE/CVF Conference on Computer Vision and Pattern Recognition},
  pages={27906--27916},
  year={2024}
}
@inproceedings{runz2020frodo,
  title={Frodo: From detections to 3d objects},
  author={Runz, Martin and Li, Kejie and Tang, Meng and Ma, Lingni and Kong, Chen and Schmidt, Tanner and Reid, Ian and Agapito, Lourdes and Straub, Julian and Lovegrove, Steven and others},
  booktitle={Proceedings of the IEEE/CVF Conference on Computer Vision and Pattern Recognition},
  pages={14720--14729},
  year={2020}
}

@inproceedings{wang2021dsp,
  title={DSP-SLAM: Object oriented SLAM with deep shape priors},
  author={Wang, Jingwen and R{\"u}nz, Martin and Agapito, Lourdes},
  booktitle={2021 International Conference on 3D Vision (3DV)},
  pages={1362--1371},
  year={2021},
  organization={IEEE}
}

@article{liao2024uncertainty,
  title={Uncertainty-aware 3D Object-Level Mapping with Deep Shape Priors},
  author={Liao, Ziwei and Yang, Jun and Qian, Jingxing and Schoellig, Angela P and Waslander, Steven L},
  journal={2024 IEEE International Conference on Robotics and Automation (ICRA)	},
  year={2024}
}
@inproceedings{xu2022learning,
  title={Learning to complete object shapes for object-level mapping in dynamic scenes},
  author={Xu, Binbin and Davison, Andrew J and Leutenegger, Stefan},
  booktitle={2022 IEEE/RSJ International Conference on Intelligent Robots and Systems (IROS)},
  year={2022},
}
@inproceedings{papatheodorou2023finding,
  title={Finding Things in the Unknown: Semantic Object-Centric Exploration with an MAV},
  author={Papatheodorou, Sotiris and Funk, Nils and Tzoumanikas, Dimos and Choi, Christopher and Xu, Binbin and Leutenegger, Stefan},
  booktitle={2023 IEEE International Conference on Robotics and Automation (ICRA)},
  year={2023},
}
@article{jun2023shap,
  title={Shap-e: Generating conditional 3d implicit functions},
  author={Jun, Heewoo and Nichol, Alex},
  journal={arXiv preprint arXiv:2305.02463},
  year={2023}
}
@article{zero12345,
  title={One-2-3-45: Any single image to 3d mesh in 45 seconds without per-shape optimization},
  author={Liu, Minghua and Xu, Chao and Jin, Haian and Chen, Linghao and Varma T, Mukund and Xu, Zexiang and Su, Hao},
  journal={Advances in Neural Information Processing Systems},
  volume={36},
  year={2024}
}

@inproceedings{zero123,
  title={Zero-1-to-3: Zero-shot one image to 3d object},
  author={Liu, Ruoshi and Wu, Rundi and Van Hoorick, Basile and Tokmakov, Pavel and Zakharov, Sergey and Vondrick, Carl},
  booktitle={Proceedings of the IEEE/CVF international conference on computer vision},
  pages={9298--9309},
  year={2023}
}

@article{instantmesh,
  title={Instantmesh: Efficient 3d mesh generation from a single image with sparse-view large reconstruction models},
  author={Xu, Jiale and Cheng, Weihao and Gao, Yiming and Wang, Xintao and Gao, Shenghua and Shan, Ying},
  journal={arXiv preprint arXiv:2404.07191},
  year={2024}
}

@article{zero123++,
  title={Zero123++: a single image to consistent multi-view diffusion base model},
  author={Shi, Ruoxi and Chen, Hansheng and Zhang, Zhuoyang and Liu, Minghua and Xu, Chao and Wei, Xinyue and Chen, Linghao and Zeng, Chong and Su, Hao},
  journal={arXiv preprint arXiv:2310.15110},
  year={2023}
}

@inproceedings{obj,
  title={Objaverse: A universe of annotated 3d objects},
  author={Deitke, Matt and Schwenk, Dustin and Salvador, Jordi and Weihs, Luca and Michel, Oscar and VanderBilt, Eli and Schmidt, Ludwig and Ehsani, Kiana and Kembhavi, Aniruddha and Farhadi, Ali},
  booktitle={Proceedings of the IEEE/CVF Conference on Computer Vision and Pattern Recognition},
  pages={13142--13153},
  year={2023}
}

@inproceedings{stable,
  title={High-resolution image synthesis with latent diffusion models},
  author={Rombach, Robin and Blattmann, Andreas and Lorenz, Dominik and Esser, Patrick and Ommer, Bj{\"o}rn},
  booktitle={Proceedings of the IEEE/CVF conference on computer vision and pattern recognition},
  pages={10684--10695},
  year={2022}
}

@inproceedings{make,
  title={Make-it-3d: High-fidelity 3d creation from a single image with diffusion prior},
  author={Tang, Junshu and Wang, Tengfei and Zhang, Bo and Zhang, Ting and Yi, Ran and Ma, Lizhuang and Chen, Dong},
  booktitle={Proceedings of the IEEE/CVF international conference on computer vision},
  pages={22819--22829},
  year={2023}
}

@article{dreamfusion,
  title={Dreamfusion: Text-to-3d using 2d diffusion},
  author={Poole, Ben and Jain, Ajay and Barron, Jonathan T and Mildenhall, Ben},
  journal={arXiv preprint arXiv:2209.14988},
  year={2022}
}

@article{dg,
  title={Dreamgaussian: Generative gaussian splatting for efficient 3d content creation},
  author={Tang, Jiaxiang and Ren, Jiawei and Zhou, Hang and Liu, Ziwei and Zeng, Gang},
  journal={arXiv preprint arXiv:2309.16653},
  year={2023}
}

@inproceedings{vqadiff,
  title={VQA-Diff: Exploiting VQA and Diffusion for Zero-Shot Image-to-3D Vehicle Asset Generation in Autonomous Driving},
  author={Liu, Yibo and Yang, Zheyuan and Wu, Guile and Ren, Yuan and Lin, Kejian and Liu, Bingbing and Liu, Yang and Shan, Jinjun},
  booktitle={European Conference on Computer Vision},
  year={2025},
  organization={Springer}
}

@inproceedings{cas,
  title={Cascade-zero123: One image to highly consistent 3d with self-prompted nearby views},
  author={Chen, Yabo and Fang, Jiemin and Huang, Yuyang and Yi, Taoran and Zhang, Xiaopeng and Xie, Lingxi and Wang, Xinggang and Dai, Wenrui and Xiong, Hongkai and Tian, Qi},
  booktitle={European Conference on Computer Vision},
  year={2025},
  organization={Springer}
}

@inproceedings{poisson,
  title={Poisson surface reconstruction},
  author={Kazhdan, Michael and Bolitho, Matthew and Hoppe, Hugues},
  booktitle={Proceedings of the fourth Eurographics symposium on Geometry processing},
  volume={7},
  number={4},
  year={2006}
}

@inproceedings{ycb,
  title={The ycb object and model set: Towards common benchmarks for manipulation research},
  author={Calli, Berk and Singh, Arjun and Walsman, Aaron and Srinivasa, Siddhartha and Abbeel, Pieter and Dollar, Aaron M},
  booktitle={2015 international conference on advanced robotics (ICAR)},
  pages={510--517},
  year={2015},
  organization={IEEE}
}

@misc{blender,
  author       = {Blender Foundation},
  title        = {Blender},
  howpublished = {\url{https://www.blender.org}},
  note         = {Version 3.5},
  year         = {2024},
  url          = {https://www.blender.org}
}

@article{ycbv,
  title={Posecnn: A convolutional neural network for 6d object pose estimation in cluttered scenes},
  author={Xiang, Yu and Schmidt, Tanner and Narayanan, Venkatraman and Fox, Dieter},
  journal={arXiv preprint arXiv:1711.00199},
  year={2017}
}

@inproceedings{hope,
  author={Tyree, Stephen and Tremblay, Jonathan and To, Thang and Cheng, Jia and Mosier, Terry and Smith, Jeffrey and Birchfield, Stan},
  title={6-DoF Pose Estimation of Household Objects for Robotic Manipulation: An Accessible Dataset and Benchmark},
  booktitle={International Conference on Intelligent Robots and Systems (IROS)},
  year={2022}
}

@article{onepose++,
  title={Onepose++: Keypoint-free one-shot object pose estimation without CAD models},
  author={He, Xingyi and Sun, Jiaming and Wang, Yuang and Huang, Di and Bao, Hujun and Zhou, Xiaowei},
  journal={Advances in Neural Information Processing Systems},
  volume={35},
  pages={35103--35115},
  year={2022}
}

@inproceedings{fs6d,
  title={Fs6d: Few-shot 6d pose estimation of novel objects},
  author={He, Yisheng and Wang, Yao and Fan, Haoqiang and Sun, Jian and Chen, Qifeng},
  booktitle={Proceedings of the IEEE/CVF Conference on Computer Vision and Pattern Recognition},
  pages={6814--6824},
  year={2022}
}

@inproceedings{latentfusion,
  title={Latentfusion: End-to-end differentiable reconstruction and rendering for unseen object pose estimation},
  author={Park, Keunhong and Mousavian, Arsalan and Xiang, Yu and Fox, Dieter},
  booktitle={Proceedings of the IEEE/CVF conference on computer vision and pattern recognition},
  pages={10710--10719},
  year={2020}
}

@inproceedings{onepose,
  title={Onepose: One-shot object pose estimation without cad models},
  author={Sun, Jiaming and Wang, Zihao and Zhang, Siyu and He, Xingyi and Zhao, Hongcheng and Zhang, Guofeng and Zhou, Xiaowei},
  booktitle={Proceedings of the IEEE/CVF Conference on Computer Vision and Pattern Recognition},
  pages={6825--6834},
  year={2022}
}

@article{droid,
  title={Droid-slam: Deep visual slam for monocular, stereo, and rgb-d cameras},
  author={Teed, Zachary and Deng, Jia},
  journal={Advances in neural information processing systems},
  volume={34},
  pages={16558--16569},
  year={2021}
}
@inproceedings{bundletrack,
  title={Bundletrack: 6d pose tracking for novel objects without instance or category-level 3d models},
  author={Wen, Bowen and Bekris, Kostas},
  booktitle={2021 IEEE/RSJ International Conference on Intelligent Robots and Systems (IROS)},
  pages={8067--8074},
  year={2021},
  organization={IEEE}
}

@inproceedings{sam,
  title={Segment anything},
  author={Kirillov, Alexander and Mintun, Eric and Ravi, Nikhila and Mao, Hanzi and Rolland, Chloe and Gustafson, Laura and Xiao, Tete and Whitehead, Spencer and Berg, Alexander C and Lo, Wan-Yen and others},
  booktitle={Proceedings of the IEEE/CVF International Conference on Computer Vision},
  pages={4015--4026},
  year={2023}
}

@inproceedings{one2345++,
  title={One-2-3-45++: Fast single image to 3d objects with consistent multi-view generation and 3d diffusion},
  author={Liu, Minghua and Shi, Ruoxi and Chen, Linghao and Zhang, Zhuoyang and Xu, Chao and Wei, Xinyue and Chen, Hansheng and Zeng, Chong and Gu, Jiayuan and Su, Hao},
  booktitle={Proceedings of the IEEE/CVF Conference on Computer Vision and Pattern Recognition},
  pages={10072--10083},
  year={2024}
}

@inproceedings{mvdream,
  title={MVDream: Multi-view Diffusion for 3D Generation},
  author={Shi, Yichun and Wang, Peng and Ye, Jianglong and Mai, Long and Li, Kejie and Yang, Xiao},
  booktitle={The Twelfth International Conference on Learning Representations},
year = {2024}
}

@inproceedings{syncdreamer,
  title={SyncDreamer: Generating Multiview-consistent Images from a Single-view Image},
  author={Liu, Yuan and Lin, Cheng and Zeng, Zijiao and Long, Xiaoxiao and Liu, Lingjie and Komura, Taku and Wang, Wenping},
  booktitle={The Twelfth International Conference on Learning Representations},
year= {2024}
}

@inproceedings{3daware,
  title={3d-aware image generation using 2d diffusion models},
  author={Xiang, Jianfeng and Yang, Jiaolong and Huang, Binbin and Tong, Xin},
  booktitle={Proceedings of the IEEE/CVF International Conference on Computer Vision},
  pages={2383--2393},
  year={2023}
}

@article{text2nerf,
  title={Text2nerf: Text-driven 3d scene generation with neural radiance fields},
  author={Zhang, Jingbo and Li, Xiaoyu and Wan, Ziyu and Wang, Can and Liao, Jing},
  journal={IEEE Transactions on Visualization and Computer Graphics},
  year={2024},
  publisher={IEEE}
}

@article{3dgs,
  title={3D Gaussian Splatting for Real-Time Radiance Field Rendering.},
  author={Kerbl, Bernhard and Kopanas, Georgios and Leimk{\"u}hler, Thomas and Drettakis, George},
  journal={ACM Trans. Graph.},
  volume={42},
  number={4},
  pages={139--1},
  year={2023}
}
@inproceedings{ffb6d,
  title={Ffb6d: A full flow bidirectional fusion network for 6d pose estimation},
  author={He, Yisheng and Huang, Haibin and Fan, Haoqiang and Chen, Qifeng and Sun, Jian},
  booktitle={Proceedings of the IEEE/CVF conference on computer vision and pattern recognition},
  pages={3003--3013},
  year={2021}
}

@inproceedings{lmo,
  title={Learning 6d object pose estimation using 3d object coordinates},
  author={Brachmann, Eric and Krull, Alexander and Michel, Frank and Gumhold, Stefan and Shotton, Jamie and Rother, Carsten},
  booktitle={Computer Vision--ECCV 2014: 13th European Conference, Zurich, Switzerland, September 6-12, 2014, Proceedings, Part II 13},
  pages={536--551},
  year={2014},
  organization={Springer}
}
@inproceedings{blip2,
      title={{BLIP-2:} Bootstrapping Language-Image Pre-training with Frozen Image Encoders and Large Language Models}, 
      author={Junnan Li and Dongxu Li and Silvio Savarese and Steven Hoi},
      year={2023},
      booktitle={ICML},
}
@inproceedings{dust3r,
  title={Dust3r: Geometric 3d vision made easy},
  author={Wang, Shuzhe and Leroy, Vincent and Cabon, Yohann and Chidlovskii, Boris and Revaud, Jerome},
  booktitle={Proceedings of the IEEE/CVF Conference on Computer Vision and Pattern Recognition},
  pages={20697--20709},
  year={2024}
}

@article{zero1236d,
  title={Zero123-6d: Zero-shot novel view synthesis for rgb category-level 6d pose estimation},
  author={Di Felice, Francesco and Remus, Alberto and Gasperini, Stefano and Busam, Benjamin and Ott, Lionel and Tombari, Federico and Siegwart, Roland and Avizzano, Carlo Alberto},
  journal={arXiv preprint arXiv:2403.14279},
  year={2024}
}

@inproceedings{colmap,
  title={Structure-from-motion revisited},
  author={Schonberger, Johannes L and Frahm, Jan-Michael},
  booktitle={Proceedings of the IEEE conference on computer vision and pattern recognition},
  pages={4104--4113},
  year={2016}
}
@inproceedings{mvdeepsdf,
  title={MV-DeepSDF: Implicit Modeling with Multi-Sweep Point Clouds for 3D Vehicle Reconstruction in Autonomous Driving},
  author={Liu, Yibo and Zhu, Kelly and Wu, Guile and Ren, Yuan and Liu, Bingbing and Liu, Yang and Shan, Jinjun},
  booktitle={Proceedings of the IEEE/CVF International Conference on Computer Vision},
  pages={8306--8316},
  year={2023}
}
@article{yanglearning,
  title={Learning Effective NeRFs and SDFs Representations with 3D Generative Adversarial Networks for 3D Object Generation: Technical Report for ICCV 2023 OmniObject3D Challenge},
  author={Yang, Zheyuan and Liu, Yibo and Wu, Guile and Cao, Tongtong and Ren, Yuan and Liu, Yang and Liu, Bingbing},
  journal={arXiv preprint arXiv:2309.16110},
  year={2023}
}

@article{lpr,
  title={L-PR: Exploiting LiDAR Fiducial Marker for Unordered Low Overlap Multiview Point Cloud Registration},
  author={Liu, Yibo and Shan, Jinjun and Haridevan, Amaldev and Zhang, Shuo},
  journal={arXiv preprint arXiv:2406.03298},
  year={2024}
}

@article{obb,
  title={Improvements to Thin-Sheet 3D LiDAR Fiducial Tag Localization},
  author={Liu, Yibo and Shan, Jinjun and Schofield, Hunter},
  journal={IEEE Access},
  year={2024},
  publisher={IEEE}
}

@inProceedings{ap3,
  title={Flexible Layouts for Fiducial Tags}, 
  author={Krogius, Maximilian and Haggenmiller, Acshi and Olson, Edwin},
  booktitle={Proc. IEEE/RSJ International Conference on Intelligent Robots and Systems}, 
  pages={1898-1903},
  year={2019},
  doi={10.1109/IROS40897.2019.8967787}}

@article{intensity,
  title={Intensity image-based LiDAR fiducial marker system},
  author={Liu, Yibo and Schofield, Hunter and Shan, Jinjun},
  journal={IEEE Robotics and Automation Letters},
  volume={7},
  number={3},
  pages={6542--6549},
  year={2022},
  publisher={IEEE}
}

@article{shuo1,
  title={Variational Bayesian estimator for mobile robot localization with unknown noise covariance},
  author={Zhang, Shuo and Shan, Jinjun and Liu, Yibo},
  journal={IEEE/ASME Transactions on Mechatronics},
  volume={27},
  number={4},
  pages={2185--2193},
  year={2022},
  publisher={IEEE}
}
@inproceedings{ghost,
  title={Application of Ghost-DeblurGAN to fiducial marker detection},
  author={Liu, Yibo and Haridevan, Amaldev and Schofield, Hunter and Shan, Jinjun},
  booktitle={2022 IEEE/RSJ International Conference on Intelligent Robots and Systems (IROS)},
  pages={6827--6832},
  year={2022},
  organization={IEEE}
}

@inproceedings{navigation,
  title={Navigation of a self-driving vehicle using one fiducial marker},
  author={Liu, Yibo and Schofield, Hunter and Shan, Jinjun},
  booktitle={2021 IEEE International Conference on Multisensor Fusion and Integration for Intelligent Systems (MFI)},
  pages={1--6},
  year={2021},
  organization={IEEE}
}

@inproceedings{liao,
  title={Autonomous Vision-Based UAV Landing with Collision Avoidance Using Deep Learning},
  author={Liao, Tianpei and Haridevan, Amal and Liu, Yibo and Shan, Jinjun},
  booktitle={Science and Information Conference},
  pages={79--87},
  year={2022},
  organization={Springer}
}

@article{unigaussian,
  title={UniGaussian: Driving Scene Reconstruction from Multiple Camera Models via Unified Gaussian Representations},
  author={Ren, Yuan and Wu, Guile and Li, Runhao and Yang, Zheyuan and Liu, Yibo and Chen, Xingxin and Cao, Tongtong and Liu, Bingbing},
  journal={arXiv preprint arXiv:2411.15355},
  year={2024}
}

@ARTICLE{shuo2,
  author={Zhang, Shuo and Shan, Jinjun and Liu, Yibo},
  journal={IEEE Transactions on Automation Science and Engineering}, 
  title={Approximate Inference Particle Filtering for Mobile Robot SLAM}, 
  year={2024},
  volume={},
  number={},
  pages={1-12},
  keywords={Mobile robots;Robots;Simultaneous localization and mapping;Filtering;Robot kinematics;Particle measurements;Atmospheric measurements;Time measurement;Particle filters;Accuracy;Mobile robot;landmark;SLAM;particle filtering;approximate inference},
  doi={10.1109/TASE.2024.3475735}}

@ARTICLE{shuo3,
  author={Zhang, Shuo and Shan, Jinjun and Liu, Yibo},
  journal={IEEE Control Systems Letters}, 
  title={Particle Filtering on Lie Group for Mobile Robot Localization With Range-Bearing Measurements}, 
  year={2023},
  volume={7},
  number={},
  pages={3753-3758},
  keywords={Robots;Location awareness;Perturbation methods;Mobile robots;Particle measurements;Atmospheric measurements;Time measurement;Lie group;localization;particle filter;range-bearing measurement},
  doi={10.1109/LCSYS.2023.3340419}}