@misc{asuncion2007uci,
  title={UCI machine learning repository},
  author={Asuncion, Arthur and Newman, David and others},
  year={2007},
  publisher={Irvine, CA, USA}
}

@article{chapelle2000vicinal,
  title={Vicinal risk minimization},
  author={Chapelle, Olivier and Weston, Jason and Bottou, L{\'e}on and Vapnik, Vladimir},
  journal={Advances in neural information processing systems},
  volume={13},
  year={2000}
}

@article{fisher1922mathematical,
  title={On the mathematical foundations of theoretical statistics},
  author={Fisher, Ronald A},
  journal={Philosophical transactions of the Royal Society of London. Series A, containing papers of a mathematical or physical character},
  volume={222},
  number={594-604},
  pages={309--368},
  year={1922},
  publisher={The Royal Society London}
}

@article{ilharco2022editing,
  title={Editing models with task arithmetic},
  author={Ilharco, Gabriel and Ribeiro, Marco Tulio and Wortsman, Mitchell and Gururangan, Suchin and Schmidt, Ludwig and Hajishirzi, Hannaneh and Farhadi, Ali},
  journal={arXiv preprint arXiv:2212.04089},
  year={2022}
}

@article{jin2022dataless,
  title={Dataless knowledge fusion by merging weights of language models},
  author={Jin, Xisen and Ren, Xiang and Preotiuc-Pietro, Daniel and Cheng, Pengxiang},
  journal={arXiv preprint arXiv:2212.09849},
  year={2022}
}

@article{krizhevsky2009learning,
  title={Learning multiple layers of features from tiny images},
  author={Krizhevsky, Alex and Hinton, Geoffrey and others},
  year={2009},
  publisher={Toronto, ON, Canada}
}

@article{lecun1998gradient,
  title={Gradient-based learning applied to document recognition},
  author={LeCun, Yann and Bottou, L{\'e}on and Bengio, Yoshua and Haffner, Patrick},
  journal={Proceedings of the IEEE},
  volume={86},
  number={11},
  pages={2278--2324},
  year={1998},
  publisher={Ieee}
}

@inproceedings{lin2024mitigating,
  title={Mitigating the alignment tax of rlhf},
  author={Lin, Yong and Lin, Hangyu and Xiong, Wei and Diao, Shizhe and Liu, Jianmeng and Zhang, Jipeng and Pan, Rui and Wang, Haoxiang and Hu, Wenbin and Zhang, Hanning and others},
  booktitle={Proceedings of the 2024 Conference on Empirical Methods in Natural Language Processing},
  pages={580--606},
  year={2024}
}

@article{matena2022merging,
  title={Merging models with fisher-weighted averaging},
  author={Matena, Michael S and Raffel, Colin A},
  journal={Advances in Neural Information Processing Systems},
  volume={35},
  pages={17703--17716},
  year={2022}
}

@article{ouyang2022training,
  title={Training language models to follow instructions with human feedback},
  author={Ouyang, Long and Wu, Jeffrey and Jiang, Xu and Almeida, Diogo and Wainwright, Carroll and Mishkin, Pamela and Zhang, Chong and Agarwal, Sandhini and Slama, Katarina and Ray, Alex and others},
  journal={Advances in neural information processing systems},
  volume={35},
  pages={27730--27744},
  year={2022}
}

@article{russakovsky2015imagenet,
  title={Imagenet large scale visual recognition challenge},
  author={Russakovsky, Olga and Deng, Jia and Su, Hao and Krause, Jonathan and Satheesh, Sanjeev and Ma, Sean and Huang, Zhiheng and Karpathy, Andrej and Khosla, Aditya and Bernstein, Michael and others},
  journal={International journal of computer vision},
  volume={115},
  pages={211--252},
  year={2015},
  publisher={Springer}
}

@incollection{simard2002transformation,
  title={Transformation invariance in pattern recognitionâ€”tangent distance and tangent propagation},
  author={Simard, Patrice Y and LeCun, Yann A and Denker, John S and Victorri, Bernard},
  booktitle={Neural networks: tricks of the trade},
  pages={239--274},
  year={2002},
  publisher={Springer}
}

@article{simonyan2014very,
  title={Very deep convolutional networks for large-scale image recognition},
  author={Simonyan, Karen},
  journal={arXiv preprint arXiv:1409.1556},
  year={2014}
}

@article{warden2017launching,
  title={Launching the speech commands dataset},
  author={Warden, Pete},
  journal={Google Research Blog},
  year={2017}
}

@inproceedings{wortsman2022model,
  title={Model soups: averaging weights of multiple fine-tuned models improves accuracy without increasing inference time},
  author={Wortsman, Mitchell and Ilharco, Gabriel and Gadre, Samir Ya and Roelofs, Rebecca and Gontijo-Lopes, Raphael and Morcos, Ari S and Namkoong, Hongseok and Farhadi, Ali and Carmon, Yair and Kornblith, Simon and others},
  booktitle={International conference on machine learning},
  pages={23965--23998},
  year={2022},
  organization={PMLR}
}

@article{yadav2023resolving,
  title={Resolving interference when merging models},
  author={Yadav, Prateek and Tam, Derek and Choshen, Leshem and Raffel, Colin and Bansal, Mohit},
  journal={arXiv preprint arXiv:2306.01708},
  volume={1},
  year={2023}
}

@inproceedings{yu2024language,
  title={Language models are super mario: Absorbing abilities from homologous models as a free lunch},
  author={Yu, Le and Yu, Bowen and Yu, Haiyang and Huang, Fei and Li, Yongbin},
  booktitle={Forty-first International Conference on Machine Learning},
  year={2024}
}

@article{zhang2017mixup,
  title={mixup: Beyond empirical risk minimization},
  author={Zhang, Hongyi},
  journal={arXiv preprint arXiv:1710.09412},
  year={2017}
}

@inproceedings{zhong2020random,
  title={Random erasing data augmentation},
  author={Zhong, Zhun and Zheng, Liang and Kang, Guoliang and Li, Shaozi and Yang, Yi},
  booktitle={Proceedings of the AAAI conference on artificial intelligence},
  volume={34},
  number={07},
  pages={13001--13008},
  year={2020}
}

