@article{bai2018empirical,
  author = "S. Bai and J. Z. Kolter and V. Koltun",
  title = "An empirical evaluation of generic convolutional and recurrent networks for sequence modeling",
  journal = "arXiv preprint arXiv:1803.01271",
  year = "2018"
}

@book{box2015time,
  author = {Box, George E. P. and Jenkins, Gwilym M. and Reinsel, Gregory C. and Ljung, Greta M.},
  title = {Time Series Analysis: Forecasting and Control},
  edition = {5th},
  publisher = {Wiley},
  year = {2015},
  isbn = {978-1-118-67502-1}
}

@article{li2020hybrid,
  author = {Li, Gang and Li, Jiaxuan and Sun, Xiaoyang and Wu, Dengsheng},
  title = {A Hybrid ARIMA-LSTM Model for Stock Price Prediction},
  journal = {Mathematical Problems in Engineering},
  volume = {2020},
  pages = {1--12},
  year = {2020},
  doi = {10.1155/2020/678 Crawl683}
}

@article{malhotra2015long,
  author = "P. Malhotra and L. Vig and G. Shroff and P. Agarwal",
  title = "Long short term memory networks for anomaly detection in time series",
  journal = "ESANN",
  year = "2015"
}

@book{stamatis2003failure,
  author = {Stamatis, D. H.},
  title = {Failure Mode and Effect Analysis: FMEA from Theory to Execution},
  edition = {2nd},
  publisher = {ASQ Quality Press},
  year = {2003},
  isbn = {978-0-87389-598-9}
}

