

@article{malhotra2015long,
  author = "P. Malhotra and L. Vig and G. Shroff and P. Agarwal",
  title = "Long short term memory networks for anomaly detection in time series",
  journal = "ESANN",
  year = "2015"
}

@article{bai2018empirical,
  author = "S. Bai and J. Z. Kolter and V. Koltun",
  title = "An empirical evaluation of generic convolutional and recurrent networks for sequence modeling",
  journal = "arXiv preprint arXiv:1803.01271",
  year = "2018"
}


###############################################################################################################################################################################
@article{hyndman2002,
  author = {Hyndman, Rob J. and Koehler, Anne B. and Snyder, Ralph D. and Grose, Simone},
  title = {A State Space Framework for Automatic Forecasting Using Exponential Smoothing Methods},
  journal = {International Journal of Forecasting},
  volume = {18},
  number = {3},
  pages = {439--454},
  year = {2002},
  doi = {10.1016/S0169-2070(01)00110-8}
}

@article{taylor2003,
  author = {Taylor, James W.},
  title = {Exponential Smoothing with a Damped Multiplicative Trend},
  journal = {International Journal of Forecasting},
  volume = {19},
  number = {4},
  pages = {715--725},
  year = {2003},
  doi = {10.1016/S0169-2070(03)00003-7}
}

@article{zhang2017,
  author = {Zhang, Guoqiang and Hu, Michael Y. and Patuwo, B. Eddy and Indro, Daniel C.},
  title = {Artificial Neural Networks in Supply Chain Management: A Review},
  journal = {Computers \& Industrial Engineering},
  volume = {113},
  pages = {431--444},
  year = {2017},
  doi = {10.1016/j.cie.2017.09.028}
}

@article{billah2006,
  author = {Billah, Baki and King, Maxwell L. and Snyder, Ralph D. and Koehler, Anne B.},
  title = {Exponential Smoothing Model Selection for Forecasting},
  journal = {International Journal of Forecasting},
  volume = {22},
  number = {2},
  pages = {239--247},
  year = {2006},
  doi = {10.1016/j.ijforecast.2005.08.002}
}
@book{box2015time,
  author = {Box, George E. P. and Jenkins, Gwilym M. and Reinsel, Gregory C. and Ljung, Greta M.},
  title = {Time Series Analysis: Forecasting and Control},
  edition = {5th},
  publisher = {Wiley},
  year = {2015},
  isbn = {978-1-118-67502-1}
}

@article{li2020hybrid,
  author = {Li, Gang and Li, Jiaxuan and Sun, Xiaoyang and Wu, Dengsheng},
  title = {A Hybrid ARIMA-LSTM Model for Stock Price Prediction},
  journal = {Mathematical Problems in Engineering},
  volume = {2020},
  pages = {1--12},
  year = {2020},
  doi = {10.1155/2020/678 Crawl683}
}

@book{stamatis2003failure,
  author = {Stamatis, D. H.},
  title = {Failure Mode and Effect Analysis: FMEA from Theory to Execution},
  edition = {2nd},
  publisher = {ASQ Quality Press},
  year = {2003},
  isbn = {978-0-87389-598-9}
}