@inbook{CAMS23,
  author = {ECMWF},
  title = {IFS Documentation CY48R1 - Part VIII: Atmospheric Composition},
  year = {2023},
  journal = {IFS Documentation CY48R1},
  number = {8},
  month = {06/2023},
  publisher = {ECMWF},
  doi = {10.21957/749dc09059},
}

@article{CabelloTorres2022,
  title = {Statistical modeling approach for PM10 prediction before and during confinement by COVID-19 in South Lima,  Perú},
  volume = {12},
  ISSN = {2045-2322},
  url = {http://dx.doi.org/10.1038/s41598-022-20904-2},
  DOI = {10.1038/s41598-022-20904-2},
  number = {1},
  journal = {Scientific Reports},
  publisher = {Springer Science and Business Media LLC},
  author = {Cabello-Torres,  Rita Jaqueline and Estela,  Manuel Angel Ponce and Sánchez-Ccoyllo,  Odón and Romero-Cabello,  Edison Alessandro and Ávila,  Fausto Fernando García and Castañeda-Olivera,  Carlos Alberto and Valdiviezo-Gonzales,  Lorgio and Eulogio,  Carlos Enrique Quispe and De La Cruz,  Alex Rubén Huamán and López-Gonzales,  Javier Linkolk},
  year = {2022},
  month = oct 
}

@ARTICLE{Masood2023-mc,
  title    = "Improving {PM2.5} prediction in New Delhi using a hybrid extreme
              learning machine coupled with snake optimization algorithm",
  author   = "Masood, Adil and Hameed, Mohammed Majeed and Srivastava, Aman and
              Pham, Quoc Bao and Ahmad, Kafeel and Razali, Siti Fatin Mohd and
              Baowidan, Souad Ahmad",
  journal  = "Sci. Rep.",
  volume   =  13,
  number   =  1,
  pages    = "21057",
  month    =  nov,
  year     =  2023,
  language = "en"
}

@ARTICLE{Sarafian2023-mx,
  title     = "Deep multi-task learning for early warnings of dust events
               implemented for the Middle East",
  author    = "Sarafian, Ron and Nissenbaum, Dori and Raveh-Rubin, Shira and
               Agrawal, Vikhyat and Rudich, Yinon",
  journal   = "Npj Clim. Atmos. Sci.",
  publisher = "Springer Science and Business Media LLC",
  volume    =  6,
  number    =  1,
  month     =  mar,
  year      =  2023,
  copyright = "https://creativecommons.org/licenses/by/4.0",
  language  = "en"
}

@article{bodnar2024aurora,
  title={Aurora: A foundation model of the atmosphere},
  author={Bodnar, Cristian and Bruinsma, Wessel P and Lucic, Ana and Stanley, Megan and Brandstetter, Johannes and Garvan, Patrick and Riechert, Maik and Weyn, Jonathan and Dong, Haiyu and Vaughan, Anna and others},
  journal={arXiv preprint arXiv:2405.13063},
  year={2024}
}

@article{cai2023forecasting,
  title={Forecasting hourly PM2. 5 concentrations based on decomposition-ensemble-reconstruction framework incorporating deep learning algorithms},
  author={Cai, Peilei and Zhang, Chengyuan and Chai, Jian},
  journal={Data Science and Management},
  volume={6},
  number={1},
  pages={46--54},
  year={2023},
  publisher={Elsevier}
}

@misc{dosovitskiy2021imageworth16x16words,
      title={An Image is Worth 16x16 Words: Transformers for Image Recognition at Scale}, 
      author={Alexey Dosovitskiy and Lucas Beyer and Alexander Kolesnikov and Dirk Weissenborn and Xiaohua Zhai and Thomas Unterthiner and Mostafa Dehghani and Matthias Minderer and Georg Heigold and Sylvain Gelly and Jakob Uszkoreit and Neil Houlsby},
      year={2021},
      eprint={2010.11929},
      archivePrefix={arXiv},
      primaryClass={cs.CV},
      url={https://arxiv.org/abs/2010.11929}, 
}

@article{hao2020spatiotemporal,
  title={Spatiotemporal patterns of PM2. 5 elemental composition over China and associated health risks},
  author={Hao, Yufang and Luo, Bin and Simayi, Maimaiti and Zhang, Wei and Jiang, Yan and He, Jiming and Xie, Shaodong},
  journal={Environmental Pollution},
  volume={265},
  pages={114910},
  year={2020},
  publisher={Elsevier}
}

@misc{li2019air,
  title={Air pollution: a global problem needs local fixes},
  author={Li, Xiangdong and Jin, Ling and Kan, Haidong},
  year={2019},
  publisher={Nature Publishing Group}
}

@inproceedings{munir2024efficient,
  title={Efficient Localized Adaptation of Neural Weather Forecasting: A Case Study in the MENA Region},
  author={Munir, Muhammad Akhtar and Shahbaz, Fahad and Khan, Salman},
  booktitle={NeurIPS 2024 Workshop on Tackling Climate Change with Machine Learning},
  url={https://www.climatechange.ai/papers/neurips2024/42},
  year={2024}
}

@misc{nguyen2023climaxfoundationmodelweather,
      title={ClimaX: A foundation model for weather and climate}, 
      author={Tung Nguyen and Johannes Brandstetter and Ashish Kapoor and Jayesh K. Gupta and Aditya Grover},
      year={2023},
      eprint={2301.10343},
      archivePrefix={arXiv},
      primaryClass={cs.LG},
      url={https://arxiv.org/abs/2301.10343}, 
}

@article{ojha2020widespread,
  title={On the widespread enhancement in fine particulate matter across the Indo-Gangetic Plain towards winter},
  author={Ojha, Narendra and Sharma, Amit and Kumar, Manish and Girach, Imran and Ansari, Tabish U and Sharma, Som K and Singh, Narendra and Pozzer, Andrea and Gunthe, Sachin S},
  journal={Scientific reports},
  volume={10},
  number={1},
  pages={5862},
  year={2020},
  publisher={Nature Publishing Group UK London}
}

@article{yu2022deep,
  title={Deep ensemble machine learning framework for the estimation of PM 2.5 concentrations},
  author={Yu, Wenhua and Li, Shanshan and Ye, Tingting and Xu, Rongbin and Song, Jiangning and Guo, Yuming},
  journal={Environmental health perspectives},
  volume={130},
  number={3},
  pages={037004},
  year={2022}
}

@article{zhang2012source,
  title={Source apportionment of PM2. 5 nitrate and sulfate in China using a source-oriented chemical transport model},
  author={Zhang, Hongliang and Li, Jingyi and Ying, Qi and Yu, Jian Zhen and Wu, Dui and Cheng, Yuan and He, Kebin and Jiang, Jingkun},
  journal={Atmospheric environment},
  volume={62},
  pages={228--242},
  year={2012},
  publisher={Elsevier}
}

