@article{brockman2016openai,
  title={OpenAI Gym},
  author={Brockman, G},
  journal={arXiv preprint arXiv:1606.01540},
  year={2016}
}

@article{deng2024mind2web,
  title={Mind2web: Towards a generalist agent for the web},
  author={Deng, Xiang and Gu, Yu and Zheng, Boyuan and Chen, Shijie and Stevens, Sam and Wang, Boshi and Sun, Huan and Su, Yu},
  journal={Advances in Neural Information Processing Systems},
  volume={36},
  year={2024}
}

@article{gong2023mindagent,
  title={Mindagent: Emergent gaming interaction},
  author={Gong, Ran and Huang, Qiuyuan and Ma, Xiaojian and Vo, Hoi and Durante, Zane and Noda, Yusuke and Zheng, Zilong and Zhu, Song-Chun and Terzopoulos, Demetri and Fei-Fei, Li and others},
  journal={arXiv preprint arXiv:2309.09971},
  year={2023}
}

@article{he2024webvoyager,
  title={WebVoyager: Building an End-to-End Web Agent with Large Multimodal Models},
  author={He, Hongliang and Yao, Wenlin and Ma, Kaixin and Yu, Wenhao and Dai, Yong and Zhang, Hongming and Lan, Zhenzhong and Yu, Dong},
  journal={arXiv preprint arXiv:2401.13919},
  year={2024}
}

@article{jimenez2023swe,
  title={Swe-bench: Can language models resolve real-world github issues?},
  author={Jimenez, Carlos E and Yang, John and Wettig, Alexander and Yao, Shunyu and Pei, Kexin and Press, Ofir and Narasimhan, Karthik},
  journal={arXiv preprint arXiv:2310.06770},
  year={2023}
}

@article{jin2024learning,
  title={Learning to Discuss Strategically: A Case Study on One Night Ultimate Werewolf},
  author={Jin, Xuanfa and Wang, Ziyan and Du, Yali and Fang, Meng and Zhang, Haifeng and Wang, Jun},
  journal={arXiv preprint arXiv:2405.19946},
  year={2024}
}

@article{kiela2021dynabench,
  title={Dynabench: Rethinking benchmarking in NLP},
  author={Kiela, Douwe and Bartolo, Max and Nie, Yixin and Kaushik, Divyansh and Geiger, Atticus and Wu, Zhengxuan and Vidgen, Bertie and Prasad, Grusha and Singh, Amanpreet and Ringshia, Pratik and others},
  journal={arXiv preprint arXiv:2104.14337},
  year={2021}
}

@article{liu2018reinforcement,
  title={Reinforcement learning on web interfaces using workflow-guided exploration},
  author={Liu, Evan Zheran and Guu, Kelvin and Pasupat, Panupong and Shi, Tianlin and Liang, Percy},
  journal={arXiv preprint arXiv:1802.08802},
  year={2018}
}

@article{liu2023agentbench,
  title={Agentbench: Evaluating llms as agents},
  author={Liu, Xiao and Yu, Hao and Zhang, Hanchen and Xu, Yifan and Lei, Xuanyu and Lai, Hanyu and Gu, Yu and Ding, Hangliang and Men, Kaiwen and Yang, Kejuan and others},
  journal={arXiv preprint arXiv:2308.03688},
  year={2023}
}

@article{piatti2024cooperate,
  title={Cooperate or Collapse: Emergence of Sustainability Behaviors in a Society of LLM Agents},
  author={Piatti, Giorgio and Jin, Zhijing and Kleiman-Weiner, Max and Sch{\"o}lkopf, Bernhard and Sachan, Mrinmaya and Mihalcea, Rada},
  journal={arXiv preprint arXiv:2404.16698},
  year={2024}
}

@article{qin2024sysbench,
  title={SysBench: Can Large Language Models Follow System Messages?},
  author={Qin, Yanzhao and Zhang, Tao and Shen, Yanjun and Luo, Wenjing and Sun, Haoze and Zhang, Yan and Qiao, Yujing and Chen, Weipeng and Zhou, Zenan and Zhang, Wentao and others},
  journal={arXiv preprint arXiv:2408.10943},
  year={2024}
}

@inproceedings{shi2017world,
  title={World of bits: An open-domain platform for web-based agents},
  author={Shi, Tianlin and Karpathy, Andrej and Fan, Linxi and Hernandez, Jonathan and Liang, Percy},
  booktitle={International Conference on Machine Learning},
  pages={3135--3144},
  year={2017},
  organization={PMLR}
}

@article{wu2024enhance,
  title={Enhance reasoning for large language models in the game werewolf},
  author={Wu, Shuang and Zhu, Liwen and Yang, Tao and Xu, Shiwei and Fu, Qiang and Wei, Yang and Fu, Haobo},
  journal={arXiv preprint arXiv:2402.02330},
  year={2024}
}

@article{yao2022webshop,
  title={Webshop: Towards scalable real-world web interaction with grounded language agents},
  author={Yao, Shunyu and Chen, Howard and Yang, John and Narasimhan, Karthik},
  journal={Advances in Neural Information Processing Systems},
  volume={35},
  pages={20744--20757},
  year={2022}
}

@article{zhou2023webarena,
  title={Webarena: A realistic web environment for building autonomous agents},
  author={Zhou, Shuyan and Xu, Frank F and Zhu, Hao and Zhou, Xuhui and Lo, Robert and Sridhar, Abishek and Cheng, Xianyi and Ou, Tianyue and Bisk, Yonatan and Fried, Daniel and others},
  journal={arXiv preprint arXiv:2307.13854},
  year={2023}
}

