@article{brockman2016openai,
  title={OpenAI Gym},
  author={Brockman, G},
  journal={arXiv preprint arXiv:1606.01540},
  year={2016}
}

@inproceedings{shi2017world,
  title={World of bits: An open-domain platform for web-based agents},
  author={Shi, Tianlin and Karpathy, Andrej and Fan, Linxi and Hernandez, Jonathan and Liang, Percy},
  booktitle={International Conference on Machine Learning},
  pages={3135--3144},
  year={2017},
  organization={PMLR}
}

@article{liu2018reinforcement,
  title={Reinforcement learning on web interfaces using workflow-guided exploration},
  author={Liu, Evan Zheran and Guu, Kelvin and Pasupat, Panupong and Shi, Tianlin and Liang, Percy},
  journal={arXiv preprint arXiv:1802.08802},
  year={2018}
}

@article{deng2024mind2web,
  title={Mind2web: Towards a generalist agent for the web},
  author={Deng, Xiang and Gu, Yu and Zheng, Boyuan and Chen, Shijie and Stevens, Sam and Wang, Boshi and Sun, Huan and Su, Yu},
  journal={Advances in Neural Information Processing Systems},
  volume={36},
  year={2024}
}

@article{yao2022webshop,
  title={Webshop: Towards scalable real-world web interaction with grounded language agents},
  author={Yao, Shunyu and Chen, Howard and Yang, John and Narasimhan, Karthik},
  journal={Advances in Neural Information Processing Systems},
  volume={35},
  pages={20744--20757},
  year={2022}
}

@article{zhou2023webarena,
  title={Webarena: A realistic web environment for building autonomous agents},
  author={Zhou, Shuyan and Xu, Frank F and Zhu, Hao and Zhou, Xuhui and Lo, Robert and Sridhar, Abishek and Cheng, Xianyi and Ou, Tianyue and Bisk, Yonatan and Fried, Daniel and others},
  journal={arXiv preprint arXiv:2307.13854},
  year={2023}
}

@article{liu2023agentbench,
  title={Agentbench: Evaluating llms as agents},
  author={Liu, Xiao and Yu, Hao and Zhang, Hanchen and Xu, Yifan and Lei, Xuanyu and Lai, Hanyu and Gu, Yu and Ding, Hangliang and Men, Kaiwen and Yang, Kejuan and others},
  journal={arXiv preprint arXiv:2308.03688},
  year={2023}
}

@article{kiela2021dynabench,
  title={Dynabench: Rethinking benchmarking in NLP},
  author={Kiela, Douwe and Bartolo, Max and Nie, Yixin and Kaushik, Divyansh and Geiger, Atticus and Wu, Zhengxuan and Vidgen, Bertie and Prasad, Grusha and Singh, Amanpreet and Ringshia, Pratik and others},
  journal={arXiv preprint arXiv:2104.14337},
  year={2021}
}

@article{wang2024officebench,
  title={Officebench: Benchmarking language agents across multiple applications for office automation},
  author={Wang, Zilong and Cui, Yuedong and Zhong, Li and Zhang, Zimin and Yin, Da and Lin, Bill Yuchen and Shang, Jingbo},
  journal={arXiv preprint arXiv:2407.19056},
  year={2024}
}

@article{qin2024sysbench,
  title={SysBench: Can Large Language Models Follow System Messages?},
  author={Qin, Yanzhao and Zhang, Tao and Shen, Yanjun and Luo, Wenjing and Sun, Haoze and Zhang, Yan and Qiao, Yujing and Chen, Weipeng and Zhou, Zenan and Zhang, Wentao and others},
  journal={arXiv preprint arXiv:2408.10943},
  year={2024}
}

@article{jimenez2023swe,
  title={Swe-bench: Can language models resolve real-world github issues?},
  author={Jimenez, Carlos E and Yang, John and Wettig, Alexander and Yao, Shunyu and Pei, Kexin and Press, Ofir and Narasimhan, Karthik},
  journal={arXiv preprint arXiv:2310.06770},
  year={2023}
}

@article{gong2023mindagent,
  title={Mindagent: Emergent gaming interaction},
  author={Gong, Ran and Huang, Qiuyuan and Ma, Xiaojian and Vo, Hoi and Durante, Zane and Noda, Yusuke and Zheng, Zilong and Zhu, Song-Chun and Terzopoulos, Demetri and Fei-Fei, Li and others},
  journal={arXiv preprint arXiv:2309.09971},
  year={2023}
}

@article{piatti2024cooperate,
  title={Cooperate or Collapse: Emergence of Sustainability Behaviors in a Society of LLM Agents},
  author={Piatti, Giorgio and Jin, Zhijing and Kleiman-Weiner, Max and Sch{\"o}lkopf, Bernhard and Sachan, Mrinmaya and Mihalcea, Rada},
  journal={arXiv preprint arXiv:2404.16698},
  year={2024}
}

@article{jin2024learning,
  title={Learning to Discuss Strategically: A Case Study on One Night Ultimate Werewolf},
  author={Jin, Xuanfa and Wang, Ziyan and Du, Yali and Fang, Meng and Zhang, Haifeng and Wang, Jun},
  journal={arXiv preprint arXiv:2405.19946},
  year={2024}
}

@article{wu2024enhance,
  title={Enhance reasoning for large language models in the game werewolf},
  author={Wu, Shuang and Zhu, Liwen and Yang, Tao and Xu, Shiwei and Fu, Qiang and Wei, Yang and Fu, Haobo},
  journal={arXiv preprint arXiv:2402.02330},
  year={2024}
}

@article{he2024webvoyager,
  title={WebVoyager: Building an End-to-End Web Agent with Large Multimodal Models},
  author={He, Hongliang and Yao, Wenlin and Ma, Kaixin and Yu, Wenhao and Dai, Yong and Zhang, Hongming and Lan, Zhenzhong and Yu, Dong},
  journal={arXiv preprint arXiv:2401.13919},
  year={2024}
}

@misc{openai2023gpt4,
      title={GPT-4 Technical Report}, 
      author={OpenAI},
      year={2023},
      eprint={2303.08774},
      archivePrefix={arXiv},
      primaryClass={cs.CL}
}

@misc{geminiteam2023gemini,
      title={Gemini: A Family of Highly Capable Multimodal Models}, 
      author={Google DeepMind Gemini-Team},
      year={2023},
      eprint={2312.11805},
      archivePrefix={arXiv},
      primaryClass={cs.CL}
}

@misc{anthropic2023claude,
      title={Model Card and Evaluations for Claude Models}, 
      author={Anthropic},
      year={2023},
      url={https://www-files.anthropic.com/production/images/Model-Card-Claude-2.pdf}
}

@article{bai2023qwen,
  title={Qwen-vl: A frontier large vision-language model with versatile abilities},
  author={Bai, Jinze and Bai, Shuai and Yang, Shusheng and Wang, Shijie and Tan, Sinan and Wang, Peng and Lin, Junyang and Zhou, Chang and Zhou, Jingren},
  journal={arXiv preprint arXiv:2308.12966},
  year={2023}
}

@misc{UK_AI_Safety_Institute_Inspect_AI_Framework_2024,
  author = {AI Safety Institute, UK},
  title = {Inspect {AI:} {Framework} for {Large} {Language} {Model}
    {Evaluations}},
  date = {2024-05},
  url = {https://github.com/UKGovernmentBEIS/inspect_ai},
  langid = {en}
}

@misc{playwright,
  author = {Playwright-Team},
  title = {{Playwright}},
  date = {2024-05},
  url = {https://playwright.dev/},
  langid = {en}
}

@article{yao2022react,
  title={React: Synergizing reasoning and acting in language models},
  author={Yao, Shunyu and Zhao, Jeffrey and Yu, Dian and Du, Nan and Shafran, Izhak and Narasimhan, Karthik and Cao, Yuan},
  journal={arXiv preprint arXiv:2210.03629},
  year={2022}
}

@article{sutton2018reinforcement,
  title={Reinforcement learning: An introduction},
  author={Sutton, Richard S},
  journal={A Bradford Book},
  year={2018}
}

@article{chollet2024arc,
  title={Arc prize 2024: Technical report},
  author={Chollet, Francois and Knoop, Mike and Kamradt, Gregory and Landers, Bryan},
  journal={arXiv preprint arXiv:2412.04604},
  year={2024}
}

@article{yang2023set,
  title={Set-of-mark prompting unleashes extraordinary visual grounding in gpt-4v},
  author={Yang, Jianwei and Zhang, Hao and Li, Feng and Zou, Xueyan and Li, Chunyuan and Gao, Jianfeng},
  journal={arXiv preprint arXiv:2310.11441},
  year={2023}
}

@article{gur2023real,
  title={A real-world webagent with planning, long context understanding, and program synthesis},
  author={Gur, Izzeddin and Furuta, Hiroki and Huang, Austin and Safdari, Mustafa and Matsuo, Yutaka and Eck, Douglas and Faust, Aleksandra},
  journal={arXiv preprint arXiv:2307.12856},
  year={2023}
}

@article{ma2023laser,
  title={Laser: Llm agent with state-space exploration for web navigation},
  author={Ma, Kaixin and Zhang, Hongming and Wang, Hongwei and Pan, Xiaoman and Yu, Dong},
  journal={arXiv preprint arXiv:2309.08172},
  year={2023}
}

@article{zheng2024gpt,
  title={Gpt-4v (ision) is a generalist web agent, if grounded},
  author={Zheng, Boyuan and Gou, Boyu and Kil, Jihyung and Sun, Huan and Su, Yu},
  journal={arXiv preprint arXiv:2401.01614},
  year={2024}
}

@article{putta2024agent,
  title={Agent q: Advanced reasoning and learning for autonomous ai agents},
  author={Putta, Pranav and Mills, Edmund and Garg, Naman and Motwani, Sumeet and Finn, Chelsea and Garg, Divyansh and Rafailov, Rafael},
  journal={arXiv preprint arXiv:2408.07199},
  year={2024}
}