@TechReport{Ac89,
  author = {D.~H. Ackley},
  title = {A connectionist machine for genetic hillclimbing},
  institution = {Carnegie Mellon Univ.},
  year = {1989},
  type = {Technical Report},
  number = {CS-89-107},
}
@PhdThesis{De75,
  author = {K.~A. De Jong},
  title = {Analysis of the behavior of a class of genetic adaptive systems},
  school = {University of Michigan, Ann Arbor, MI},
  year = {1975},
  type = {PhD Thesis},
}
@Book{Go89,
  author = {D.~E. Goldberg},
  title = {Genetic algorithms in search},
  publisher = {Addison-Wesley, Reading, MA},
  year = {1989},
}
@Article{JoArMc89,
  author = {D.~S. Johnson and C.~R. Aragon and L.~A. McGeoch and C. Schevon},
  title = {Optimization by simulated annealing: An experimental evaluation; part I, graph partitioning},
  journal = {Operations Research},
  year = {1989},
  volume = {37},
  number = {6},
  pages = {865--92},
  month = {Nov--Dec},
}
@Article{JoArMc91,
  author = {D.~S. Johnson and C.~R. Aragon and L.~A. McGeoch and C. Schevon},
  title = {Optimization by simulated annealing: An experimental evaluation; part II, graph coloring and number partitioning},
  journal = {Operations Research},
  year = {1991},
  volume = {39},
  number = {3},
  pages = {378--406},
  month = {Jun},
}
@Article{KeLi70,
  author = {B.~W. Kernighan and S. Lin},
  title = {An efficient heuristic procedure for partitioning graphs},
  journal = {Bell System Technical J.},
  year = {1970},
  volume = {49},
  number = {2},
  pages = {291--307},
  month = {Feb},
}
@Article{LiKe73,
  author = {S.Lin and B.~W. Kernighan},
  title = {An efficient heuristic algorithm  for the traveling-salesman problem},
  journal = {Operations Research},
  year = {1973},
  volume = {21},
  number = {2},
  pages = {498--516},
  month = {Mar--Apr},
}
@TechReport{ScGr92,
  author = {N.~N. Schraudolph and J.~J. Grefenstette},
  title = {A user’s guide to {GAucsd} 1.4},
  institution = {Univ. of California, San Diego},
  year = {1992},
  type = {Technical Report},
  number = {CS92-249},
}
@InProceedings{ScCaEs89,
  author = {J.~D. Schaffer and R.~A. Caruana and L.~J. Eshelman and R. Das},
  title = {A study of control parameters affecting online performance of genetic algorithms for function optimization},
  booktitle = {Proc. of the Int. Conf. on Genetic Algorithms},
  year = {1989},
  pages = {51--60},
  month = {Jun},
}
@Article{Sk90,
  author = {J. Skorin-Kapov},
  title = {Tabu search applied to the quadratic assignment problem},
  journal = {INFORMS J. on Computing},
  year = {1990},
  volume = {2},
  number = {1},
  pages = {33--45},
  month = {Feb},
}
@Misc{Wi20,
  author = {Wikipedia},
  title = {Metaheuristic},
  howpublished = {\url{https://en.wikipedia.org/wiki/Metaheuristic}},
  note = {Accessed on 2025-01-30.}
}
@InCollection{SoSeGl18,
  author = {K. S\"orensen and M. Sevaux and F. Glover},
  title = {A history of metaheuristics},
  booktitle = {Handbook of Heuristics},
  publisher = {Springer, Cham},
  year = {2018},
  editor = {R. Martí, P.~M. Pardalos, M.~G.~C. Resende},
  pages = {791--808},
  edition = {1},
  month = {Jan},
  note = {Also available at \url{https://arxiv.org/abs/1704.00853}}
}
@Article{DaAy97,
  author = {A. Dasdan and C. Aykanat},
  title = {Two novel circuit partitioning algorithms using relaxed locking},
  journal = {IEEE Trans. on CAD of Integrated Circuits and Systems},
  year = {1997},
  volume = {16},
  number = {2},
  pages = {169--178},
}
@TechReport{DaOf93a,
  author = {A. Dasdan and K. Oflazer},
  title = {Genetic synthesis of unsupervised learning algorithms},
  institution = {Bilkent Univ.},
  year = {1993},
  type = {Technical Report},
  number = {BU-CEIS-9305},
}
@InProceedings{DaOf93b,
  author = {A. Dasdan and K. Oflazer},
  title = {Genetic synthesis of unsupervised learning algorithms},
  booktitle = {Proc. of the Turkish Conf. on Artificial Intelligence and Neural Networks},
  year = {1993},
  pages = {213--20},
  month = {Jun},
}

@Misc{Da18a,
  author = {A. Dasdan},
  title = {Graph partitioning algorithms},
  howpublished = {\url{https://github.com/alidasdan/graph-partitioning-algorithms}},
  note = {Accessed on 2025-01-30.}
}
@Misc{Da18b,
  author = {A. Dasdan},
  title = {Hypergraph partitioning algorithms},
  howpublished = {\url{https://github.com/alidasdan/hypergraph-partitioning-algorithms}},
  note = {Accessed on 2025-01-30.}
}
@Book{MaPaRe18,
  editor = {R. Marti and P. Panos and M.~G.~C. Resende},
  title = {Handbook of heuristics},
  publisher = {Springer, Cham},
  year = {2018},
}
@InProceedings{Gr03,
  author = {W.~A. Greene},
  title = {A Kernighan-Lin local improvement heuristic that solves some hard problems in genetic algorithms},
  booktitle = {Genetic and Evolutionary Computation Conference},
  year = {2003},
  pages = {1582--3},
  month = {Jun},
}
@Article{MeFr02,
  author = {P. Merz and B. Freisleben},
  title = {Greedy and local search heuristics for unconstrained binary quadratic programming},
  journal = {J. of Heuristics},
  year = {2002},
  volume = {8},
  pages = {197--213},
}
@InProceedings{KaSaNa07,
  author = {K. Katayama and M. Sadamatsu and H. Narihisa},
  title = {Iterated k-opt local search for the maximum clique problem},
  booktitle = {Proc. of the European Conf. on Evolutionary Computation in Combinatorial Optimization},
  year = {2007},
  pages = {84--95},
}
@Article{AhErOr02,
  author = {R.~K. Ahuja and O. Ergun and J.~B. Orlin and A.~P. Punnen},
  title = {A survey of very large-scale neighborhood search techniques},
  journal = {Discrete Applied Mathematics},
  year = {2002},
  volume = {123},
  number = {1--3},
  pages = {75--102},
  month = {Nov},
}
@Article{JoPaYa88,
  author = {D.~S. Johnson and C.~H. Papadimitriou and M. Yannakakis},
  title = {How easy is local search?},
  journal = {J. of Computer and System Sciences},
  year = {1988},
  volume = {37},
  number = {1},
  pages = {79--100},
  month = {Aug},
}
@InProceedings{PaScYa90,
  author = {C.~H. Papadimitriou and A.~A. Schaffer and M. Yannakakis},
  title = {On the complexity of local search},
  booktitle = {Proc. 22nd Annual ACM Symp. Theory of Computing},
  year = {1990},
  pages = {438--45},
  month = {Apr},
}
@Article{ThPs93,
  author = {P.~M. Thompson and H.~N. Psaraftis},
  title = {Cyclic transfer algorithms for multivehicle routing and scheduling problems},
  journal = {Operations Research},
  year = {1993},
  volume = {41},
  number = {5},
  pages = {935--46},
  month = {Sep--Oct},
}
@TechReport{ThOr89,
  author = {P.~M. Thompson and J.~B. Orlin},
  title = {The theory of cyclic transfers},
  institution = {MIT},
  year = {1989},
  type = {Working Paper},
  number = {OR-200-89},
  month = {Aug},
}
@InProceedings{Fr79,
  author = {A.~J. Friedman},
  title = {A general method for locally optimal search},
  booktitle = {Proc. of the Int. Conf. on APL},
  year = {1979},
  pages = {274--7},
  month = {May},
}
@TechReport{VaLeSc90,
  author = {L.~J.~J. van der Bruggen and J.~K. Lenstra and P.~C. Schuur},
  title = {A variable depth approach for the single-vehicle pickup and delivery problem with time windows},
  institution = {Eindhoven Univ. of Tech.},
  year = {1990},
  type = {COSOR Memorandum},
  number = {90-48},
  month = {Dec},
}
@Article{VaLeSc93,
  author = {L.~J.~J. van der Bruggen and J.~K. Lenstra and P.~C. ,Schuur},
  title = {A variable depth approach for the single-vehicle pickup and delivery problem with time windows},
  journal = {Transportation Science},
  year = {1993},
  volume = {27},
  number = {3},
  pages = {298--311},
  month = {Aug},
}
@Article{GoGo12,
  author = {E.~F.~G. Goldbarg and M.~C. Goldbarg},
  title = {An experimental study of variable depth search algorithms for the quadratic assignment problem},
  journal = {Pesquisa Operacional},
  year = {2012},
  volume = {32},
  number = {31},
  pages = {165--95},
  month = {Apr},
}
@InCollection{PiRo10,
  author = {D. Pisinger and S. Røpke},
  title = {Large neighborhood search},
  booktitle = {Handbook of Metaheuristics},
  publisher = {Springer},
  year = {2010},
  editor = {M. Gendreau},
  pages = {399--420},
  edition = {2},
}
@InCollection{LoMaSt02,
  author = {D. Pisinger and S. Røpke},
  title = {Large neighborhood search},
  booktitle = {Handbook on Metaheuristics},
  publisher = {Kluwer},
  year = {2002},
  editor = {F. Glover and G. Kochenberger},
  pages = {321--53},
  edition = {},
  note = {Also available at \url{https://arxiv.org/abs/math/0102188}},
}
@PhdThesis{Ve96,
  author = {M.~G.~A. Verhoeven},
  title = {Parallel local search},
  school = {Eindhoven Univ. of Tech.},
  year = {1996},
  type = {PhD Thesis},
  month = {Jan},
}
@Misc{Pa09,
  author = {G. Paul},
  title = {A Variable depth sequential search heuristic for the quadratic assignment problem},
  howpublished = {Arxiv at \url{https://arxiv.org/abs/0912.5473}},
  month = {Dec},
  year = {2009},
}
@Misc{LoMaSt01,
  author = {H.~R. Lourenco and O.~C. Martin and T. Stutzle},
  title = {Iterated local search},
  howpublished = {Arxiv at \url{https://arxiv.org/abs/math/0102188}},
  month = {Feb},
  year = {2001},
}
@TechReport{BuCuQu07,
  author = {E.~K. Burke and T. Curtois and R. Qu and G.~V. Berghe},
  title = {A time pre-defined variable depth search for nurse rostering},
  institution = {Univ. of Nottingham},
  year = {2007},
  type = {Technical Report},
  number = {NOTTCS-TR-2007-6},
  month = {},
}
@Article{Gl96,
  author = {F. Glover},
  title = {Ejection chains, reference structures and alternating path methods for traveling salesman problems},
  journal = {Discrete Applied Mathematics},
  year = {1996},
  volume = {65},
  number = {},
  pages = {223--53},
  month = {Apr},
}

%% EOF


