%A 
@article{arceo2014race,
  title={Race and marriage in the labor market: A discrimination correspondence study in a developing country},
  author={Arceo-Gomez, Eva O and Campos-Vazquez, Raymundo M},
  journal={American Economic Review},
  year={2014},
}

%B
@inproceedings{drushchak-romanyshyn-2024-introducing,
    title = "Introducing the {Djinni} Recruitment Dataset: A Corpus of Anonymized {CV}s and Job Postings",
    author = "Drushchak, Nazarii  and
      Romanyshyn, Mariana",
    editor = "Romanyshyn, Mariana  and
      Romanyshyn, Nataliia  and
      Hlybovets, Andrii  and
      Ignatenko, Oleksii",
    booktitle = "Proceedings of the Third Ukrainian Natural Language Processing Workshop (UNLP) @ LREC-COLING 2024",
    year = "2024",
}

@misc{google-ux,
  author = {{Google}},
  title = {Staff UX Designer @ Google},
  url = {https://www.google.com/about/careers/applications/jobs/results/129448852775150278-staff-ux-designer},
  year = {n.d.},
  note = {Accessed: 2024-10-09}
}
@misc{doordash-product-manager,
  author = {{DoorDash Inc.}},
  title = {Project Manager (Multiple Levels)},
  url = {https://careersatdoordash.com/jobs/product-manager-multiple-levels/5523275/},
  year = {n.d.},
  note = {Accessed: 2024-10-09}
}

@article{bertrand2004emily,
  title={Are {Emily} and {Greg} more employable than {Lakisha} and {Jamal}? A field experiment on labor market discrimination},
  author={Bertrand, Marianne and Mullainathan, Sendhil},
  journal={American economic review},
  year={2004},
  publisher={American Economic Association}
}

@inproceedings{Braverman2020,
  author       = {Mark Braverman and
                  Sumegha Garg},
  title        = {The Role of Randomness and Noise in Strategic Classification},
  booktitle    = {1st Symposium on Foundations of Responsible Computing, {FORC} 2020},
  year         = {2020},
}
@inproceedings{
shao2023strategic,
title={Strategic Classification under Unknown Personalized Manipulation},
author={Han Shao and Avrim Blum and Omar Montasser},
booktitle={Thirty-seventh Conference on Neural Information Processing Systems},
year={2023},
url={https://openreview.net/forum?id=6cJKcIxPck}
}

@inproceedings{
cohen2024bayesian,
title={Bayesian Strategic Classification},
author={Lee Cohen and Saeed Sharifi -Malvajerdi and Kevin Stangl and Ali Vakilian and Juba Ziani},
booktitle={The Thirty-eighth Annual Conference on Neural Information Processing Systems},
year={2024},
url={https://openreview.net/forum?id=SadbRPoG2k}
}

@inproceedings{Hu19,
author = {Hu, Lily and Immorlica, Nicole and Vaughan, Jennifer Wortman},
title = {The Disparate Effects of Strategic Manipulation},
year = {2019},
series = {FAT* '19}
}

@article{Atwood24,
  publtype={informal},
  author={James Atwood and Preethi Lahoti and Ananth Balashankar and Flavien Prost and Ahmad Beirami},
  title={Inducing Group Fairness in LLM-Based Decisions},
  year={2024},
  journal={CoRR},
}


@article{Banach1922,
author = {Banach, Stefan},
journal = {Fundamenta Mathematicae},
title = {Sur les opérations dans les ensembles abstraits et leur application aux équations intégrales},
year = {1922},
}
@inproceedings{GhalmeNETR21,
  author       = {Ganesh Ghalme and
                  Vineet Nair and
                  Itay Eilat and
                  Inbal Talgam{-}Cohen and
                  Nir Rosenfeld},
  title        = {Strategic Classification in the Dark},
  booktitle    = {Proceedings of the 38th International Conference on Machine Learning,
                  {ICML}},
  year         = {2021},
}
%C
@inproceedings{carlini2022quantifying,
  author       = {Nicholas Carlini and
                  Daphne Ippolito and
                  Matthew Jagielski and
                  Katherine Lee and
                  Florian Tram{\`{e}}r and
                  Chiyuan Zhang},
  title        = {Quantifying Memorization Across Neural Language Models},
  booktitle    = {The Eleventh International Conference on Learning Representations,
                  {ICLR}},

  year         = {2023},
}

@inproceedings{Keswani23,
author = {Keswani, Vijay and Celis, L. Elisa},
title = {Addressing Strategic Manipulation Disparities in Fair Classification},
year = {2023},
series = {EAAMO }
}

@misc{Canva_2025,
  title = {Designing Your Dream Job: Canva Study Reveals AI and Visuals Are Transforming the Job Hunt},
  author = {{Business Wire}},
  year = {2025},
  month = {January},
  url = {https://www.businesswire.com/news/home/20250115656500/en/Designing-Your-Dream-Job-Canva-Study-Reveals-AI-and-Visuals-Are-Transforming-the-Job-Hunt},
}

@misc{jobscan2025,
  title = {2024 Applicant Tracking System (ATS) Usage Report: Key Shifts and Strategies for Job Seekers},
  author = {Purcell, Kelsey},
  year = {2024},
  month = {November},
  url = {https://www.jobscan.co/blog/fortune-500-use-applicant-tracking-systems/},
}

@misc{DemandSage_2025,
  title = {ChatGPT Statistics and Facts (2025): Insights into ChatGPT Usage, Trends, and Growth},
  author = {{DemandSage}},
  year = {2025},
  month = {January},
  url = {https://www.demandsage.com/chatgpt-statistics/#:~:text=How%20Many%20Users%20of%20ChatGPT,January%202023%20to%20December%202024},
  note = {Accessed: 2025-01-28}
}

@online{zhu2024ranked,
    author = {Zhu, Kayla},
    title = {Ranked: The Most Popular Generative {AI} Tools in 2024},
    year = {2024},
    month = {10},
    day = {11},
    url = {https://www.visualcapitalist.com/ranked-the-most-popular-generative-ai-tools-in-2024/},
    publisher = {Visual Capitalist},
    urldate = {2025-01-30}
}

@inproceedings{Blum22,
author = {Blum, Avrim and Stangl, Kevin and Vakilian, Ali},
title = {Multi Stage Screening: Enforcing Fairness and Maximizing Efficiency in a Pre-Existing Pipeline},
year = {2022},
publisher = {Association for Computing Machinery},
booktitle = {Proceedings of the 2022 ACM Conference on Fairness, Accountability, and Transparency},
series = {FAccT '22}
}


@article{chen2020strategic,
  title={Strategic recourse in linear classification},
  author={Chen, Yatong and Wang, Jialu and Liu, Yang},
  journal={arXiv preprint arXiv:2011.00355},
  volume={236},
  year={2020}
}

@inproceedings{AhmadiBBN22,
  author       = {Saba Ahmadi and
                  Hedyeh Beyhaghi and
                  Avrim Blum and
                  Keziah Naggita},
  editor       = {L. Elisa Celis},
  title        = {On Classification of Strategic Agents Who Can Both Game and Improve},
  booktitle    = {3rd Symposium on Foundations of Responsible Computing, {FORC} 2022,
                  June 6-8, 2022, Cambridge, MA, {USA}},
  year         = {2022},
}

@mics{Stahl_2022,
title={5 resume hacks to pass ats, 2022},
url={https://www.forbes.com/sites/ashleystahl/
2022/12/12/5-resume-hacks-to-pass-ats}
}
@InProceedings{cohen_et_al:LIPIcs.FORC.2020.1,
  author =	{Cohen, Lee and Lipton, Zachary C. and Mansour, Yishay},
  title =	{Efficient Candidate Screening Under Multiple Tests and Implications for Fairness},
  booktitle =	{1st Symposium on Foundations of Responsible Computing (FORC 2020)},
  pages =	{1:1--1:20},
  series =	{Leibniz International Proceedings in Informatics (LIPIcs)},
  ISBN =	{978-3-95977-142-9},
  ISSN =	{1868-8969},
  year =	{2020},
  volume =	{156},
  editor =	{Roth, Aaron},
  publisher =	{Schloss Dagstuhl -- Leibniz-Zentrum f{\"u}r Informatik},
  address =	{Dagstuhl, Germany},
  URL =		{https://drops.dagstuhl.de/entities/document/10.4230/LIPIcs.FORC.2020.1},
  URN =		{urn:nbn:de:0030-drops-120179},
  doi =		{10.4230/LIPIcs.FORC.2020.1},
  annote =	{Keywords: algorithmic fairness, random walk, inference}
}
@misc{Chamorro_2024, 
title={An In-Class {AI} Exercise to Help Your Students Get Hired}, 
url={https://hbsp.harvard.edu/inspiring-minds/an-in-class-ai-exercise-to-help-your-
     students-get-hired},
journal={Harvard Business Publishing Education}, 
author={Tomas Chamorro-Premuzic}, 
year={2024}, 
month={Apr}}

@article{hardt2016equality,
  title={Equality of opportunity in supervised learning},
  author={Hardt, Moritz and Price, Eric and Srebro, Nati},
  journal={Advances in neural information processing systems},
  volume={29},
  year={2016}
}

@article{diana2024minimax,
  title={Minimax Group Fairness in Strategic Classification},
  author={Diana, Emily and Sharifi-Malvajerdi, Saeed and Vakilian, Ali},
  journal={arXiv preprint arXiv:2410.02513},
  year={2024}
}
@inproceedings{hu2018short,
  title={A short-term intervention for long-term fairness in the labor market},
  author={Hu, Lily and Chen, Yiling},
  booktitle={Proceedings of the 2018 World Wide Web Conference},
  pages={1389--1398},
  year={2018}
}
@misc{cityofny,
  author={{City of New York}},
  title={Local Law 144},
  year={2021},
  note={\newline\url{https://www.nyc.gov/site/dca/about/automated-employment-decision-tools.page}},
}

@inproceedings{Cohen2023,
  author       = {Lee Cohen and
                  Saeed Sharifi{-}Malvajerdi and
                  Kevin Stangl and
                  Ali Vakilian and
                  Juba Ziani},
  title        = {Sequential Strategic Screening},
  booktitle    = {International Conference on Machine Learning, {ICML}},
  year         = {2023},
}
%D 
@misc{amazon_ai_bias,
  author = {Dastin, Jeffrey},
  title = {Insight - {Amazon} scraps secret {AI} recruiting tool that showed bias against women},
  year = {2018},
  url = {https://www.reuters.com/article/world/insight-amazon-scraps-secret-ai-recruiting-tool-that-showed-bias-against-women-idUSKCN1MK0AG/},
  note = {Accessed on September 25, 2024}
}

https://www.forbes.com/sites/ashleystahl/2022/12/12/5-resume-hacks-to-pass-ats/
%H 

@inproceedings{Hardt2015,
  author       = {Moritz Hardt and
                  Nimrod Megiddo and
                  Christos H. Papadimitriou and
                  Mary Wootters},
  title        = {Strategic Classification},
  booktitle    = {Proceedings of the 2016 {ACM} Conference on Innovations in Theoretical
                  Computer Science (ITCS)},
  year         = {2016}
}

@article{hunkenschroer2022ethics,
  title={Ethics of {AI}-enabled recruiting and selection: A review and research agenda},
  author={Hunkenschroer, Anna Lena and Luetge, Christoph},
  journal={Journal of Business Ethics},
  volume={178},
  year={2022},
  publisher={Springer}
}
@inproceedings{Hu2019, series={FAT* ’19},
   title={The Disparate Effects of Strategic Manipulation},
   booktitle={Proceedings of the Conference on Fairness, Accountability, and Transparency},
   author={Hu, Lily and Immorlica, Nicole and Vaughan, Jennifer Wortman},
   year={2019}, collection={FAT* ’19} }

@article{huang2023survey,
  title={A survey on hallucination in large language models: Principles, taxonomy, challenges, and open questions},
  author={Huang, Lei and Yu, Weijiang and Ma, Weitao and Zhong, Weihong and Feng, Zhangyin and Wang, Haotian and Chen, Qianglong and Peng, Weihua and Feng, Xiaocheng and Qin, Bing and others},
  journal={arXiv preprint arXiv:2311.05232},
  year={2023}
}

%K 
@article{kline2022systemic,
  title={Systemic discrimination among large {US} employers},
  author={Kline, Patrick and Rose, Evan K and Walters, Christopher R},
  journal={The Quarterly Journal of Economics},
  year={2022},
  publisher={Oxford University Press}
}
@article{kleinberg2020classifiers,
  title={How do classifiers induce agents to invest effort strategically?},
  author={Kleinberg, Jon and Raghavan, Manish},
  journal={ACM Transactions on Economics and Computation (TEAC)},
  year={2020},
}
%L 
@inproceedings{levanon2021strategic,
  title={Strategic classification made practical},
  author={Levanon, Sagi and Rosenfeld, Nir},
  booktitle={International Conference on Machine Learning},
  pages={6243--6253},
  year={2021},
  organization={PMLR}
}

@article{levhari1975efficiency,
    author = {Levhari, David and Paroush, Jacob and Peleg, Bezalel},
    title = "Efficiency Analysis for Multivariate Distributions",
    journal = {The Review of Economic Studies},
    year = {1975},
}

@article{lin2021engineering,
  title={Engineering equity: How {AI} can help reduce the harm of implicit bias},
  author={Lin, Ying-Tung and Hung, Tzu-Wei and Huang, Linus Ta-Lun},
  journal={Philosophy \& Technology},
  year={2021},
  publisher={Springer}
}

@article{Lytton.2024,
 author  = {Lytton, Charlotte},
 date    = {2024-02-16},
 title   = {{AI} hiring tools may be filtering out the best job applicants},
 journal = {BBC},
 url     = {https://www.bbc.com/worklife/article/20240214-ai-recruiting-hiring-software-bias-discrimination},
 urldate = {2024-09-21}, 
year = {2024}
}
%m
@inproceedings{milli2019social,
  title={The social cost of strategic classification},
  author={Milli, Smitha and Miller, John and Dragan, Anca D and Hardt, Moritz},
  booktitle={Proceedings of the Conference on Fairness, Accountability, and Transparency},
  pages={230--239},
  year={2019}
}

%P
@article{panickssery2024llm,
  title={{LLM} evaluators recognize and favor their own generations},
  author={Panickssery, Arjun and Bowman, Samuel R and Feng, Shi},
  journal={arXiv preprint arXiv:2404.13076},
  year={2024}
}
%R

@inproceedings{raghavan2020mitigating,
  title={Mitigating bias in algorithmic hiring: Evaluating claims and practices},
  author={Raghavan, Manish and Barocas, Solon and Kleinberg, Jon and Levy, Karen},
  booktitle={Proceedings of the 2020 conference on fairness, accountability, and transparency},
  pages={469--481},
  year={2020}
}
% S
@misc{ats_hack,
  author = {Stahl, Ashley},
  title = {5 Resume Hacks To Pass {ATS}},
  year = {2022},
  url = {https://www.forbes.com/sites/ashleystahl/2022/12/12/5-resume-hacks-to-pass-ats/},
  note = {Accessed on September 25, 2024}
}



% V 
@inproceedings{van2020hiring,
  title={Hiring algorithms: An ethnography of fairness in practice},
  author={van den Broek, Elmira and Sergeeva, Anastasia and Huysman, Marleen},
  booktitle={40th international conference on information systems, ICIS 2019},
  year={2020},
  organization={Association for Information Systems}
}
@misc{Verma_Renjarla_2024, 
title={Can {ChatGPT} write a college admission essay? {We} tested it - {Washington Post}}, 
url={https://www.washingtonpost.com/technology/interactive/2024/chatgpt-college-essay-ai-harvard-admission/}, 
journal={Washington Post}, 
author={Verma, Pranshu and Renjarla, Rekha}, 
year={2024}, 
month={Jan}} 