@inproceedings{Braverman2020,
  author       = {Mark Braverman and
                  Sumegha Garg},
  title        = {The Role of Randomness and Noise in Strategic Classification},
  booktitle    = {1st Symposium on Foundations of Responsible Computing, {FORC} 2020},
  year         = {2020},
}

@misc{Chamorro_2024, 
title={An In-Class {AI} Exercise to Help Your Students Get Hired}, 
url={https://hbsp.harvard.edu/inspiring-minds/an-in-class-ai-exercise-to-help-your-
     students-get-hired},
journal={Harvard Business Publishing Education}, 
author={Tomas Chamorro-Premuzic}, 
year={2024}, 
month={Apr}}

@inproceedings{Hardt2015,
  author       = {Moritz Hardt and
                  Nimrod Megiddo and
                  Christos H. Papadimitriou and
                  Mary Wootters},
  title        = {Strategic Classification},
  booktitle    = {Proceedings of the 2016 {ACM} Conference on Innovations in Theoretical
                  Computer Science (ITCS)},
  year         = {2016}
}

@inproceedings{Hu2019, series={FAT* ’19},
   title={The Disparate Effects of Strategic Manipulation},
   booktitle={Proceedings of the Conference on Fairness, Accountability, and Transparency},
   author={Hu, Lily and Immorlica, Nicole and Vaughan, Jennifer Wortman},
   year={2019}, collection={FAT* ’19} }

@misc{Verma_Renjarla_2024, 
title={Can {ChatGPT} write a college admission essay? {We} tested it - {Washington Post}}, 
url={https://www.washingtonpost.com/technology/interactive/2024/chatgpt-college-essay-ai-harvard-admission/}, 
journal={Washington Post}, 
author={Verma, Pranshu and Renjarla, Rekha}, 
year={2024}, 
month={Jan}}

@article{bertrand2004emily,
  title={Are {Emily} and {Greg} more employable than {Lakisha} and {Jamal}? A field experiment on labor market discrimination},
  author={Bertrand, Marianne and Mullainathan, Sendhil},
  journal={American economic review},
  year={2004},
  publisher={American Economic Association}
}

@inproceedings{carlini2022quantifying,
  author       = {Nicholas Carlini and
                  Daphne Ippolito and
                  Matthew Jagielski and
                  Katherine Lee and
                  Florian Tram{\`{e}}r and
                  Chiyuan Zhang},
  title        = {Quantifying Memorization Across Neural Language Models},
  booktitle    = {The Eleventh International Conference on Learning Representations,
                  {ICLR}},

  year         = {2023},
}

@article{chen2020strategic,
  title={Strategic recourse in linear classification},
  author={Chen, Yatong and Wang, Jialu and Liu, Yang},
  journal={arXiv preprint arXiv:2011.00355},
  volume={236},
  year={2020}
}

@article{huang2023survey,
  title={A survey on hallucination in large language models: Principles, taxonomy, challenges, and open questions},
  author={Huang, Lei and Yu, Weijiang and Ma, Weitao and Zhong, Weihong and Feng, Zhangyin and Wang, Haotian and Chen, Qianglong and Peng, Weihua and Feng, Xiaocheng and Qin, Bing and others},
  journal={arXiv preprint arXiv:2311.05232},
  year={2023}
}

@article{hunkenschroer2022ethics,
  title={Ethics of {AI}-enabled recruiting and selection: A review and research agenda},
  author={Hunkenschroer, Anna Lena and Luetge, Christoph},
  journal={Journal of Business Ethics},
  volume={178},
  year={2022},
  publisher={Springer}
}

@article{kline2022systemic,
  title={Systemic discrimination among large {US} employers},
  author={Kline, Patrick and Rose, Evan K and Walters, Christopher R},
  journal={The Quarterly Journal of Economics},
  year={2022},
  publisher={Oxford University Press}
}

@article{lin2021engineering,
  title={Engineering equity: How {AI} can help reduce the harm of implicit bias},
  author={Lin, Ying-Tung and Hung, Tzu-Wei and Huang, Linus Ta-Lun},
  journal={Philosophy \& Technology},
  year={2021},
  publisher={Springer}
}

@inproceedings{milli2019social,
  title={The social cost of strategic classification},
  author={Milli, Smitha and Miller, John and Dragan, Anca D and Hardt, Moritz},
  booktitle={Proceedings of the Conference on Fairness, Accountability, and Transparency},
  pages={230--239},
  year={2019}
}

@inproceedings{raghavan2020mitigating,
  title={Mitigating bias in algorithmic hiring: Evaluating claims and practices},
  author={Raghavan, Manish and Barocas, Solon and Kleinberg, Jon and Levy, Karen},
  booktitle={Proceedings of the 2020 conference on fairness, accountability, and transparency},
  pages={469--481},
  year={2020}
}

