@inproceedings{bromley1994signature,
    title={Signature Verification Using a Siamese Time Delay Neural Network},
    author={Bromley, Jane and Guyon, Isabelle and LeCun, Yann and S{"a}ckinger, Eduard and Shah, Roopak},
    booktitle={Advances in Neural Information Processing Systems},
    pages={737--744},
    year={1994}
}

@article{broomhead1988radial,
      title={Radial basis functions, multi-variable functional interpolation and adaptive networks},
      author={Broomhead, David S and Lowe, David},
      journal={Royal Signals and Radar Establishment Malvern (United Kingdom)},
      year={1988}
}

@inproceedings{chen2020simple,
  title={A simple framework for contrastive learning of visual representations},
  author={Chen, Ting and Kornblith, Simon and Norouzi, Mohammad and Hinton, Geoffrey},
  booktitle={International conference on machine learning},
  pages={1597--1607},
  year={2020},
  organization={PMLR}
}

@article{erhan2009visualizing,
      title={Visualizing higher-layer features of a deep network},
      author={Erhan, Dumitru and Bengio, Yoshua and Courville, Aaron and Vincent, Pascal},
      journal={University of Montreal},
      volume={1341},
      number={3},
      pages={1},
      year={2009} 
}

@inproceedings{hadsell2006dimensionality,
  title={Dimensionality reduction by learning an invariant mapping},
  author={Hadsell, Raia and Chopra, Sumit and LeCun, Yann},
  booktitle={2006 IEEE Computer Society Conference on Computer Vision and Pattern Recognition (CVPR'06)},
  volume={2},
  pages={1521--1528},
  year={2006},
  organization={IEEE}
}

@inproceedings{he2020momentum,
  title={Momentum contrast for unsupervised visual representation learning},
  author={He, Kaiming and Fan, Haoqi and Wu, Yuxin and Xie, Saining and Girshick, Ross},
  booktitle={Proceedings of the IEEE/CVF Conference on Computer Vision and Pattern Recognition},
  pages={9729--9738},
  year={2020}
}

@incollection{kohonen1995learning,
  title={Learning vector quantization},
  author={Kohonen, Teuvo},
  booktitle={The Handbook of Brain Theory and Neural Networks},
  editor={Arbib, Michael A},
  pages={537--540},
  publisher={MIT Press},
  address={Cambridge, MA},
  year={1995}
}

@article{lipton2018mythos,
      title={The mythos of model interpretability},
      author={Lipton, Zachary C},
      journal={Queue},
      volume={16},
      number={3},
      pages={31--57},
      year={2018},
      publisher={ACM New York, NY, USA}
}

@article{mahalanobis1936generalized,
    title={On the Generalized Distance in Statistics},
    author={Mahalanobis, Prasanta Chandra},
    journal={Proceedings of the National Institute of Sciences of India},
    volume={2},
    number={1},
    pages={49--55},
    year={1936}
}

@article{montavon2018methods,
    title={Methods for Interpreting and Understanding Deep Neural Networks},
    author={Montavon, Gr{\'e}goire and Samek, Wojciech and M{\"u}ller, Klaus-Robert},
    journal={Digital Signal Processing},
    volume={73},
    pages={1--15},
    year={2018}
}

@article{olah2017feature,
      title={Feature visualization},
      author={Olah, Chris and Mordvintsev, Alexander and Schubert, Ludwig},
      journal={Distill},
      volume={2},
      number={11},
      pages={e7},
      year={2017},
      publisher={Distill Publishing Inc.}
}

@article{oursland2024interpreting,
    title={Interpreting Neural Networks through Mahalanobis Distance},
    author={Oursland, Alan},
    journal={arXiv preprint arXiv:2410.19352},
    year={2024}
}

@article{oursland2024neural,
    title={Neural Networks Use Distance Metrics},
    author={Oursland, Alan},
    journal={arXiv preprint arXiv:2411.17932},
    year={2024}
}

@inproceedings{park1991universal,
  title={Universal approximation using radial-basis-function networks},
  author={Park, Jooyoung and Sandberg, Irwin W},
  booktitle={Proceedings of the International Conference on Neural Networks},
  pages={246--257},
  year={1991},
  publisher={MIT Press}
}

