@techreport{anthony2003boolean,
  title     = {Boolean Functions and Artificial Neural Networks},
  author    = {Anthony, Martin},
  institution = {Centre for Discrete and Applicable Mathematics, London School of Economics},
  year      = {2003},
  number    = {LSE-CDAM-2003-01},
  month     = {January},
  note      = {A version to appear in \textit{Boolean Functions: Volume II}, edited by Yves Crama and Peter Hammer},
  url       = {http://www.maths.lse.ac.uk/cdam/}
}

@article{bengio2013representation,
  title={Representation learning: A review and new perspectives},
  author={Bengio, Yoshua and Courville, Aaron and Vincent, Pascal},
  journal={IEEE transactions on pattern analysis and machine intelligence},
  volume={35},
  number={8},
  pages={1798--1828},
  year={2013},
  publisher={IEEE}
}

@inproceedings{bishop1995neural,
  title={Neural networks for pattern recognition},
  author={Bishop, Christopher M},
  booktitle={Neural Networks for Pattern Recognition},
  year={1995},
  publisher={Oxford University Press}
}

@inproceedings{bottou2010large,
  title={Large-scale machine learning with stochastic gradient descent},
  author={Bottou, L{\'e}on},
  booktitle={Proceedings of COMPSTAT'2010},
  pages={177--186},
  year={2010},
  organization={Springer}
}

% https://papers.neurips.cc/paper_files/paper/1993/file/288cc0ff022877bd3df94bc9360b9c5d-Paper.pdf
@inproceedings{bromley1994signature,
    title={Signature Verification Using a Siamese Time Delay Neural Network},
    author={Bromley, Jane and Guyon, Isabelle and LeCun, Yann and S{"a}ckinger, Eduard and Shah, Roopak},
    booktitle={Advances in Neural Information Processing Systems},
    pages={737--744},
    year={1994}
}

% https://sci2s.ugr.es/keel/pdf/algorithm/articulo/1988-Broomhead-CS.pdf
@article{broomhead1988radial,
      title={Radial basis functions, multi-variable functional interpolation and adaptive networks},
      author={Broomhead, David S and Lowe, David},
      journal={Royal Signals and Radar Establishment Malvern (United Kingdom)},
      year={1988}
}

@article{cogswell2016decorrelating,
  title={Reducing overfitting in deep networks by decorrelating representations},
  author={Cogswell, Michael and Ahmed, Faruk and Girshick, Ross B. and Zitnick, Larry and Batra, Dhruv},
  journal={arXiv preprint arXiv:1511.06068},
  year={2016}
}

@inproceedings{chen2020simple,
  title={A simple framework for contrastive learning of visual representations},
  author={Chen, Ting and Kornblith, Simon and Norouzi, Mohammad and Hinton, Geoffrey},
  booktitle={International conference on machine learning},
  pages={1597--1607},
  year={2020},
  organization={PMLR}
}

@inproceedings{chopra2005learning,
  title={Learning a similarity metric discriminatively, with application to face verification},
  author={Chopra, Sumit and Hadsell, Raia and LeCun, Yann},
  booktitle={2005 IEEE Computer Society Conference on Computer Vision and Pattern Recognition (CVPR'05)},
  volume={1},
  pages={539--546},
  year={2005},
  organization={IEEE}
}

@article{deng2012mnist,
  title={The mnist database of handwritten digit images for machine learning research [best of the web]},
  author={Deng, Li},
  journal={IEEE Signal Processing Magazine},
  volume={29},
  number={6},
  pages={141--142},
  year={2012},
  publisher={IEEE}
}

@article{donoho2000high,
  title={High-dimensional data analysis: The curses and blessings of dimensionality},
  author={Donoho, David L},
  journal={AMS math challenges lecture},
  volume={1},
  number={2000},
  pages={32},
  year={2000}
}

@inproceedings{dubois2020exploring,
  title={Exploring Euclidean and non-Euclidean spaces for representations of hierarchical data},
  author={Dubois, Yann and Le, Thanh-Dat and Nguyen, Vincent and Do, Minh-Ngoc},
  booktitle={Joint European Conference on Machine Learning and Knowledge Discovery in Databases},
  pages={3--19},
  year={2020},
  organization={Springer}
}

@book{duda2006pattern,
  title={Pattern classification},
  author={Duda, Richard O and Hart, Peter E and Stork, David G},
  year={2006},
  publisher={John Wiley \& Sons}
}

% https://www.researchgate.net/publication/265022827_Visualizing_Higher-Layer_Features_of_a_Deep_Network
@article{erhan2009visualizing,
      title={Visualizing higher-layer features of a deep network},
      author={Erhan, Dumitru and Bengio, Yoshua and Courville, Aaron and Vincent, Pascal},
      journal={University of Montreal},
      volume={1341},
      number={3},
      pages={1},
      year={2009} 
}

@article{frankle2018the,
  title={The lottery ticket hypothesis: Finding sparse, trainable neural networks},
  author={Frankle, Jonathan and Carbin, Michael},
  journal={arXiv preprint arXiv:1803.03635},
  year={2018}
}

@article{fukunaga2013introduction,
  title={Introduction to statistical pattern recognition},
  author={Fukunaga, Keinosuke},
  year={2013},
  publisher={Elsevier}
}

@book{geron2019hands,
  title={Hands-on machine learning with Scikit-Learn, Keras, and TensorFlow: Concepts, tools, and techniques to build intelligent systems},
  author={G{\'e}ron, Aur{\'e}lien},
  year={2019},
  publisher={O'Reilly Media}
}

% https://proceedings.mlr.press/v15/glorot11a/glorot11a.pdf
@inproceedings{glorot2011deep,
    title={Deep Sparse Rectifier Neural Networks},
    author={Glorot, Xavier and Bordes, Antoine and Bengio, Yoshua},
    booktitle={Proceedings of the Fourteenth International Conference on Artificial Intelligence and Statistics},
    pages={315--323},
    year={2011}
}

@inproceedings{goodfellow2015qualitatively,
  title={Qualitatively characterizing neural network optimization problems},
  author={Goodfellow, Ian J and Vinyals, Oriol and Saxe, Andrew M},
  booktitle={International Conference on Learning Representations (ICLR)},
  year={2015}
}

% https://www.deeplearningbook.org/
@book{goodfellow2016deep,
  title={Deep Learning},
  author={Goodfellow, Ian and Bengio, Yoshua and Courville, Aaron},
  year={2016},
  publisher={MIT Press}
}

@inproceedings{hadsell2006dimensionality,
  title={Dimensionality reduction by learning an invariant mapping},
  author={Hadsell, Raia and Chopra, Sumit and LeCun, Yann},
  booktitle={2006 IEEE Computer Society Conference on Computer Vision and Pattern Recognition (CVPR'06)},
  volume={2},
  pages={1521--1528},
  year={2006},
  organization={IEEE}
}

@article{han2015learning,
  title={Learning both weights and connections for efficient neural network},
  author={Han, Song and Pool, Jeff and Tran, John and Dally, William},
  journal={Advances in neural information processing systems},
  volume={28},
  year={2015}
}

@book{hastie2009elements,
  title={The elements of statistical learning: data mining, inference, and prediction},
  author={Hastie, Trevor and Tibshirani, Robert and Friedman, Jerome},
  year={2009},
  publisher={Springer Science \& Business Media}
}

@article{haykin2004comprehensive,
  title={A comprehensive foundation},
  author={Haykin, Simon},
  journal={Neural Networks},
  volume={2},
  number={4},
  pages={1999},
  year={2004}
}

@inproceedings{he2020momentum,
  title={Momentum contrast for unsupervised visual representation learning},
  author={He, Kaiming and Fan, Haoqi and Wu, Yuxin and Xie, Saining and Girshick, Ross},
  booktitle={Proceedings of the IEEE/CVF Conference on Computer Vision and Pattern Recognition},
  pages={9729--9738},
  year={2020}
}

# https://arxiv.org/abs/1502.01852
@inproceedings{he2015delving,
  title={Delving deep into rectifiers: Surpassing human-level performance on ImageNet classification},
  author={He, Kaiming and Zhang, Xiangyu and Ren, Shaoqing and Sun, Jian},
  booktitle={Proceedings of the IEEE International Conference on Computer Vision (ICCV)},
  pages={1026--1034},
  year={2015}
}

@article{jacot2018neural,
  title={Neural tangent kernel: Convergence and generalization in neural networks},
  author={Jacot, Arthur and Gabriel, Franck and Hongler, Cl{\'e}ment},
  journal={Advances in neural information processing systems},
  volume={31},
  year={2018}
}

% https://sci2s.ugr.es/keel/pdf/algorithm/articulo/1990-Kohonen-PIEEE.pdf
@article{kohonen1990learning,
  title={The self-organizing map},
  author={Kohonen, Teuvo},
  journal={Proceedings of the IEEE},
  volume={78},
  number={9},
  pages={1464--1480},
  year={1990},
  publisher={IEEE}
}

# https://mitpress.mit.edu/9780262511025/the-handbook-of-brain-theory-and-neural-networks/
@incollection{kohonen1995learning,
  title={Learning vector quantization},
  author={Kohonen, Teuvo},
  booktitle={The Handbook of Brain Theory and Neural Networks},
  editor={Arbib, Michael A},
  pages={537--540},
  publisher={MIT Press},
  address={Cambridge, MA},
  year={1995}
}

@article{lecun1990handwritten,
  title={Handwritten digit recognition with a back-propagation network},
  author={LeCun, Yann and Boser, Bernhard E and Denker, John S and Henderson, Donnie and Howard, Richard E and Hubbard, Wayne and Jackel, Lawrence D},
  booktitle={Advances in neural information processing systems},
  pages={396--404},
  year={1990}
}

% https://www.researchgate.net/publication/2985446_Gradient-Based_Learning_Applied_to_Document_Recognition
@article{lecun1998gradient,
      title={Gradient-based learning applied to document recognition},
      author={LeCun, Yann and Bottou, L{\'e}on and Bengio, Yoshua and Haffner, Patrick},
      journal={Proceedings of the IEEE},
      volume={86},
      number={11},
      pages={2278--2324},
      year={1998},
      publisher={IEEE} 
}

@article{lecun2015deep,
  title={Deep learning},
  author={LeCun, Yann and Bengio, Yoshua and Hinton, Geoffrey},
  journal={nature},
  volume={521},
  number={7553},
  pages={436--444},
  year={2015},
  publisher={Nature Publishing Group}
}

@article{lee2019wide,
  title={Wide neural networks of any depth evolve as linear models under gradient descent},
  author={Lee, Jaehoon and Xiao, Lechao and Schoenholz, Samuel and Bahri, Yasaman and Novak, Roman and Sohl-Dickstein, Jascha and Pennington, Jeffrey},
  journal={Advances in neural information processing systems},
  volume={32},
  year={2019}
}

@inproceedings{li2018visualizing,
  title={Visualizing the loss landscape of neural nets},
  author={Li, Hao and Xu, Zheng and Taylor, Gavin and Studer, Christoph and Goldstein, Tom},
  booktitle={Advances in neural information processing systems},
  volume={31},
  year={2018}
}

% https://arxiv.org/abs/1606.03490
@article{lipton2018mythos,
      title={The mythos of model interpretability},
      author={Lipton, Zachary C},
      journal={Queue},
      volume={16},
      number={3},
      pages={31--57},
      year={2018},
      publisher={ACM New York, NY, USA}
}


%%%%%%%%%%%%%%%%%%%%%%%%%%%%%%%%%%%%%%%%%%%%%%%%%%%%%%%%%%%%%%%%%%%%%%%%%%%%%%%%%%%%%%%%%%%%%%%%%%%%%%%%%%%%%%%%%%%%%%%%

@inproceedings{maaten2009learning,
  title={Learning a perceptually relevant metric for image patches using a metric learning approach},
  author={Maaten, Laurens van der and Freifeld, Odelia and Hertz, Tali},
  booktitle={2009 IEEE 12th International Conference on Computer Vision},
  pages={1896--1903},
  year={2009},
  organization={IEEE}
}

% http://bayes.acs.unt.edu:8083/BayesContent/class/Jon/MiscDocs/1936_Mahalanobis.pdf
@article{mahalanobis1936generalized,
    title={On the Generalized Distance in Statistics},
    author={Mahalanobis, Prasanta Chandra},
    journal={Proceedings of the National Institute of Sciences of India},
    volume={2},
    number={1},
    pages={49--55},
    year={1936}
}

% https://link.springer.com/article/10.1007/BF02478259
@article{mcculloch1943logical,
      title={A logical calculus of the ideas immanent in nervous activity},
      author={McCulloch, Warren S and Pitts, Walter},
      journal={The bulletin of mathematical biophysics},
      volume={5},
      number={4},
      pages={115--133},
      year={1943},
      publisher={Springer}
}

@article{mclachlan2019mahalanobis,
  title={The Mahalanobis distance and its applications in discriminant analysis},
  author={McLachlan, Geoffrey J},
  journal={Wiley Interdisciplinary Reviews: Computational Statistics},
  volume={11},
  number={2},
  pages={e1452},
  year={2019},
  publisher={Wiley Online Library}
}

% https://arxiv.org/abs/1908.08681
@article{misra2019mish,
  title={Mish: A Self Regularized Non-Monotonic Neural Activation Function},
  author={Misra, Diganta},
  journal={arXiv preprint arXiv:1908.08681},
  year={2019}
}

% https://arxiv.org/abs/1706.07979
@article{montavon2018methods,
    title={Methods for Interpreting and Understanding Deep Neural Networks},
    author={Montavon, Gr{\'e}goire and Samek, Wojciech and M{\"u}ller, Klaus-Robert},
    journal={Digital Signal Processing},
    volume={73},
    pages={1--15},
    year={2018}
}

@article{montufar2014number,
  title={On the number of linear regions of deep neural networks},
  author={Montufar, Guido F and Pascanu, Razvan and Cho, Kyunghyun and Bengio, Yoshua},
  journal={Advances in neural information processing systems},
  volume={27},
  year={2014}
}

@article{moody1989fast,
  title={Fast learning in networks of locally-tuned processing units},
  author={Moody, John and Darken, Christian J},
  journal={Neural Computation},
  volume={1},
  number={2},
  pages={281--294},
  year={1989},
  publisher={MIT Press}
}

@book{murphy2012machine,
  title={Machine learning: a probabilistic perspective},
  author={Murphy, Kevin P},
  year={2012},
  publisher={MIT press}
}

% https://www.cs.toronto.edu/~fritz/absps/reluICML.pdf
@inproceedings{nair2010relu,
    title={Rectified Linear Units Improve Restricted Boltzmann Machines},
    author={Nair, Vinod and Hinton, Geoffrey E.},
    booktitle={Proceedings of the 27th International Conference on Machine Learning (ICML)},
    pages={807--814},
    year={2010}
}

% https://research.google/pubs/feature-visualization/
@article{olah2017feature,
      title={Feature visualization},
      author={Olah, Chris and Mordvintsev, Alexander and Schubert, Ludwig},
      journal={Distill},
      volume={2},
      number={11},
      pages={e7},
      year={2017},
      publisher={Distill Publishing Inc.}
}

% https://arxiv.org/abs/2410.19352
@article{oursland2024interpreting,
    title={Interpreting Neural Networks through Mahalanobis Distance},
    author={Oursland, Alan},
    journal={arXiv preprint arXiv:2410.19352},
    year={2024}
}

% https://arxiv.org/abs/2411.17932
@article{oursland2024neural,
    title={Neural Networks Use Distance Metrics},
    author={Oursland, Alan},
    journal={arXiv preprint arXiv:2411.17932},
    year={2024}
}

@inproceedings{park1991universal,
  title={Universal approximation using radial-basis-function networks},
  author={Park, Jooyoung and Sandberg, Irwin W},
  booktitle={Proceedings of the International Conference on Neural Networks},
  pages={246--257},
  year={1991},
  publisher={MIT Press}
}

@article{perez2017effectiveness,
  title={The Effectiveness of Data Augmentation in Image Classification using Deep Learning},
  author={Perez, Luis and Wang, Jason},
  journal={arXiv preprint arXiv:1712.04621},
  year={2017}
}

@article{poggio1990networks,
  title={Networks for approximation and learning},
  author={Poggio, Tomaso and Girosi, Federico},
  journal={Proceedings of the IEEE},
  volume={78},
  number={9},
  pages={1481--1497},
  year={1990},
  publisher={IEEE}
}

@article{post1921introduction,
  title={Introduction to a General Theory of Elementary Propositions},
  author={Post, Emil L},
  journal={American Journal of Mathematics},
  volume={43},
  number={3},
  pages={163--185},
  year={1921},
  publisher={JSTOR}
}

@article{raghu2017svcca,
  title={SVCCA: Singular vector canonical correlation analysis for deep learning dynamics and interpretability},
  author={Raghu, Maithra and Gilmer, Justin and Yosinski, Jason and Sohl-Dickstein, Jascha},
  booktitle={Advances in Neural Information Processing Systems},
  volume={30},
  year={2017}
}

% https://arxiv.org/abs/1710.05941
@inproceedings{ramachandran2017searching,
  title={Searching for Activation Functions},
  author={Ramachandran, Prajit and Zoph, Barret and Le, Quoc V.},
  booktitle={International Conference on Learning Representations},
  year={2018},
  url={https://openreview.net/forum?id=Hk4_qw5K-},
  note={arXiv preprint arXiv:1710.05941}
}

@inproceedings{ribeiro2016should,
  title={" Why should i trust you?" Explaining the predictions of any classifier},
  author={Ribeiro, Marco Tulio and Singh, Sameer and Guestrin, Carlos},
  booktitle={Proceedings of the 22nd ACM SIGKDD international conference on Knowledge discovery and data mining},
  pages={1135--1144},
  year={2016}
}

% https://www.scirp.org/reference/referencespapers?referenceid=547226
@article{rosenblatt1958perceptron,
      title={The perceptron: a probabilistic model for information storage and organization in the brain},
      author={Rosenblatt, Frank},
      journal={Psychological review},
      volume={65},
      number={6},
      pages={386},
      year={1958},
      publisher={American Psychological Association} 
}

@article{roweis2000nonlinear,
  title={Nonlinear dimensionality reduction by locally linear embedding},
  author={Roweis, Sam T and Saul, Lawrence K},
  journal={Science},
  volume={290},
  number={5500},
  pages={2323--2326},
  year={2000},
  publisher={American Association for the Advancement of Science}
}

% https://arxiv.org/abs/1708.08296
@book{samek2019explainable,
    title={Explainable AI: Interpreting, Explaining and Visualizing Deep Learning},
    author={Samek, Wojciech and Montavon, Gr{\'e}goire and Vedaldi, Andrea and Hansen, Lars Kai and M{\"u}ller, Klaus-Robert},
    publisher={Springer},
    year={2019}
}

@inproceedings{selvaraju2017grad,
  title={Grad-cam: Visual explanations from deep networks via gradient-based localization},
  author={Selvaraju, Ramprasaath R and Cogswell, Michael and Das, Abhishek and Vedantam, Ramakrishna and Parikh, Devi and Batra, Dhruv},
  booktitle={Proceedings of the IEEE international conference on computer vision},
  pages={618--626},
  year={2017}
}

# https://papers.nips.cc/paper_files/paper/2017/hash/cb8da6767461f2812ae4290eac7cbc42-Abstract.html
@inproceedings{snell2017prototypical,
  title={Prototypical networks for few-shot learning},
  author={Snell, Jake and Swersky, Kevin and Zemel, Richard},
  booktitle={Advances in neural information processing systems},
  volume={30},
  year={2017}
}

% https://arxiv.org/abs/1312.6199
@inproceedings{szegedy2013intriguing,
    title={Intriguing Properties of Neural Networks},
    author={Szegedy, Christian and Zaremba, Wojciech and Sutskever, Ilya and Bruna, Joan and Erhan, Dumitru and Goodfellow, Ian and Fergus, Rob},
    booktitle={arXiv preprint arXiv:1312.6199},
    year={2013}
}

@inproceedings{van2008visualizing,
  title={Visualizing data using t-SNE},
  author={Van der Maaten, Laurens and Hinton, Geoffrey},
  booktitle={Journal of machine learning research},
  volume={9},
  number={Nov},
  pages={2579--2605},
  year={2008}
}

@article{weinberger2009distance,
  title={Distance metric learning for large margin nearest neighbor classification},
  author={Weinberger, Kilian Q and Saul, Lawrence K},
  journal={Journal of machine learning research},
  volume={10},
  number={Feb},
  pages={207--244},
  year={2009}
}

@article{wilcoxon1992individual,
  title={Individual comparisons by ranking methods},
  author={Wilcoxon, Frank},
  journal={Biometrics bulletin},
  volume={1},
  number={6},
  pages={80--83},
  year={1945},
  publisher={JSTOR}
}

@inproceedings{xing2002distance,
  author    = {Eric P. Xing and Andrew Y. Ng and Michael I. Jordan and Stuart J. Russell},
  title     = {Distance metric learning, with application to clustering with side-information},
  booktitle = {Advances in Neural Information Processing Systems (NeurIPS)},
  year      = {2002},
  pages     = {505--512}
}

@inproceedings{zeiler2014visualizing,
  title={Visualizing and understanding convolutional networks},
  author={Zeiler, Matthew D and Fergus, Rob},
  booktitle={European conference on computer vision},
  pages={818--833},
  year={2014},
  organization={Springer}
}

@inproceedings{zhang2019all,
  title={Why ReLU networks yield high-confidence predictions far away from the training data and how to mitigate the problem},
  author={Zhang, Matthias Hein and Andriushchenko, Maksym and Hein, Matthias},
  booktitle={Proceedings of the IEEE/CVF Conference on Computer Vision and Pattern Recognition},
  pages={41--50},
  year={2019}
}

