@InProceedings{10.1007/978-3-030-36683-4_65,
author="Rakhimberdina, Zarina
and Murata, Tsuyoshi",
editor="Cherifi, Hocine
and Gaito, Sabrina
and Mendes, Jos{\'e} Fernendo
and Moro, Esteban
and Rocha, Luis Mateus",
title="Linear Graph Convolutional Model for Diagnosing Brain Disorders",
booktitle="Complex Networks and Their Applications VIII",
year="2020",
publisher="Springer International Publishing",
address="Cham",
pages="815--826"
}

@article{10.1371/journal.pcbi.1006633,
    doi = {10.1371/journal.pcbi.1006633},
    author = {Shen, Guohua AND Horikawa, Tomoyasu AND Majima, Kei AND Kamitani, Yukiyasu},
    journal = {PLOS Computational Biology},
    publisher = {Public Library of Science},
    title = {Deep image reconstruction from human brain activity},
    year = {2019},
    month = {01},
    volume = {15},
    url = {https://doi.org/10.1371/journal.pcbi.1006633},
    pages = {1-23}
}

@article{DL2015,
  Title={Deep learning (article)},
  Author={LeCun, Yann and Bengio, Yoshua and Hinton, Geoffrey},
  Journal={Nature},
  Year={2015},
  Volume={521},
  Number={7553},
  Pages={436--444}
}

@ARTICLE{LESH2013590,
  Title = {Proactive and reactive cognitive control and dorsolateral prefrontal cortex dysfunction in first episode schizophrenia},
  Journal = {NeuroImage: Clinical},
  Volume = {2},
  Pages = {590 - 599},
  Year = {2013},
  Issn = {2213-1582},
  Author = {Tyler A. Lesh and Andrew J. Westphal and Tara A. Niendam and Jong H. Yoon and Michael J. Minzenberg and J. Daniel Ragland and Marjorie Solomon and Cameron S. Carter},
}

@article{LITJENS201760,
  Title={A survey on deep learning in medical image analysis},
  Author={Geert Litjens and Thijs Kooi and Babak Ehteshami Bejnordi and Arnaud Arindra Adiyoso Setio and Francesco Ciompi and Mohsen Ghafoorian and Jeroen A.W.M. {van der Laak} and Bram {van Ginneken} and Clara I. Sánchez},
  Journal={Medical Image Analysis},
  Year={2017},
  Volume={42},
  Pages={60-88},
  Keywords={Deep learning, Convolutional neural networks, Medical imaging, Survey}
}

@article{Parisot2018DiseasePU,
  title={Disease prediction using graph convolutional networks: Application to Autism Spectrum Disorder and Alzheimer's disease},
  author={Sarah Parisot and Sofia Ira Ktena and Enzo Ferrante and M. J. Lee and Ricardo Guerrero and Ben Glocker and Daniel Rueckert},
  journal={Medical Image Analysis},
  year={2018},
  volume={48},
  pages={117–130}
}

@article{WEN2020101694,
  Title={Convolutional neural networks for classification of Alzheimer's disease: Overview and reproducible evaluation (article)},
  Author={Junhao Wen and Elina Thibeau-Sutre and Mauricio Diaz-Melo and Jorge Samper-González and Alexandre Routier and Simona Bottani and Didier Dormont and Stanley Durrleman and Ninon Burgos and Olivier Colliot},
  Journal={Medical Image Analysis},
  Year={2020},
  Volume={63},
  Pages={101694},
  Keywords={Convolutional neural network Reproducibility, Alzheimer's disease classification Magnetic resonance imaging}
}

@inproceedings{bai2017unsupervised,
  title={Unsupervised network discovery for brain imaging data},
  author={Bai, Zilong and Walker, Peter and Tschiffely, Anna and Wang, Fei and Davidson, Ian},
  booktitle={Proceedings of the 23rd ACM SIGKDD International Conference on Knowledge Discovery and Data Mining},
  pages={55--64},
  year={2017}
}

@article{carbonneau2018multiple,
  title={Multiple instance learning: A survey of problem characteristics and applications},
  author={Carbonneau, Marc-Andr{\'e} and Cheplygina, Veronika and Granger, Eric and Gagnon, Ghyslain},
  journal={Pattern Recognition},
  volume={77},
  pages={329--353},
  year={2018},
  publisher={Elsevier}
}

@inproceedings{cen2019representation,
  title={Representation learning for attributed multiplex heterogeneous network},
  author={Cen, Yukuo and Zou, Xu and Zhang, Jianwei and Yang, Hongxia and Zhou, Jingren and Tang, Jie},
  booktitle={Proceedings of the 25th ACM SIGKDD International Conference on Knowledge Discovery \& Data Mining},
  pages={1358--1368},
  year={2019}
}

@article{doi:10.1176/appi.ajp.2019.18101126,
author = {Smucny, Jason and Lesh, Tyler A. and Carter, Cameron S.},
title = {Baseline Frontoparietal Task-Related BOLD Activity as a Predictor of Improvement in Clinical Symptoms at 1-Year Follow-Up in Recent-Onset Psychosis},
journal = {American Journal of Psychiatry},
volume = {176},
number = {10},
pages = {839-845},
year = {2019}
}

@article{https://doi.org/10.1002/hbm.25286,
author = {Smucny, Jason and Davidson, Ian and Carter, Cameron S.},
title = {Comparing machine and deep learning-based algorithms for prediction of clinical improvement in psychosis with functional magnetic resonance imaging},
journal = {Human Brain Mapping},
year = {2020},
volume = {42},
number = {4},
pages = {1197-1205},
keywords = {cognitive control, frontoparietal, neuroimaging, prognosis, schizophrenia}
}

@article{jack2008alzheimer,
  title={The Alzheimer's disease neuroimaging initiative (ADNI): MRI methods},
  author={Jack Jr, Clifford R and Bernstein, Matt A and Fox, Nick C and Thompson, Paul and Alexander, Gene and Harvey, Danielle and Borowski, Bret and Britson, Paula J and L. Whitwell, Jennifer and Ward, Chadwick and others},
  journal={Journal of Magnetic Resonance Imaging: An Official Journal of the International Society for Magnetic Resonance in Medicine},
  volume={27},
  number={4},
  pages={685--691},
  year={2008},
  publisher={Wiley Online Library}
}

 %{AMS}

@article{li2017multi,
  title={Multi-view multi-instance learning based on joint sparse representation and multi-view dictionary learning},
  author={Li, Bing and Yuan, Chunfeng and Xiong, Weihua and Hu, Weiming and Peng, Houwen and Ding, Xinmiao and Maybank, Steve},
  journal={IEEE transactions on pattern analysis and machine intelligence},
  volume={39},
  number={12},
  pages={2554--2560},
  year={2017},
  publisher={IEEE}
}

@article{logotjetis-fMRI, 
  Title={What we can do and what we cannot do with fMRI (article)},
  Author={Logothetis, Nikos K. },
  Journal={Nature},
  Year={2008},
  Volume={453},
  Number={7197},
  Pages={869--878},
}

@inproceedings{nguyen2014labeling,
  title={Labeling complicated objects: Multi-view multi-instance multi-label learning},
  author={Nguyen, Cam-Tu and Wang, Xiaoliang and Liu, Jing and Zhou, Zhi-Hua},
  booktitle={Twenty-Eighth AAAI Conference on Artificial Intelligence},
  year={2014}
}

@Article{pmid29622496,
   Author="Zeng, L. L.  and Wang, H.  and Hu, P.  and Yang, B.  and Pu, W.  and Shen, H.  and Chen, X.  and Liu, Z.  and Yin, H.  and Tan, Q.  and Wang, K.  and Hu, D. ",
   Title="{{M}ulti-{S}ite {D}iagnostic {C}lassification of {S}chizophrenia {U}sing {D}iscriminant {D}eep {L}earning with {F}unctional {C}onnectivity {M}{R}{I}}",
   Journal="EBioMedicine",
   Year="2018",
   Volume="30",
   Pages="74--85",
   Month="Apr"
}

@misc{rieck2020uncovering,
      title={Uncovering the Topology of Time-Varying fMRI Data using Cubical Persistence}, 
      author={Bastian Rieck and Tristan Yates and Christian Bock and Karsten Borgwardt and Guy Wolf and Nicholas Turk-Browne and Smita Krishnaswamy},
      year={2020},
      eprint={2006.07882},
      archivePrefix={arXiv},
      primaryClass={q-bio.NC}
}

@misc{sarraf2016classification,
      title={Classification of Alzheimer's Disease using fMRI Data and Deep Learning Convolutional Neural Networks}, 
      author={Saman Sarraf and Ghassem Tofighi},
      year={2016},
      eprint={1603.08631},
      archivePrefix={arXiv},
      primaryClass={cs.CV}
}

@article{smucny2021comparing,
  title={Comparing machine and deep learning-based algorithms for prediction of clinical improvement in psychosis with functional magnetic resonance imaging},
  author={Smucny, Jason and Davidson, Ian and Carter, Cameron S},
  journal={Human brain mapping},
  volume={42},
  number={4},
  pages={1197--1205},
  year={2021},
  publisher={Wiley Online Library}
}

@article{wang2020differentiating,
  title={Differentiating isoform functions with collaborative matrix factorization},
  author={Wang, Keyao and Wang, Jun and Domeniconi, Carlotta and Zhang, Xiangliang and Yu, Guoxian},
  journal={Bioinformatics},
  volume={36},
  number={6},
  pages={1864--1871},
  year={2020},
  publisher={Oxford University Press}
}

@inproceedings{xing2019multi,
  title={Multi-view multi-instance multi-label learning based on collaborative matrix factorization},
  author={Xing, Yuying and Yu, Guoxian and Domeniconi, Carlotta and Wang, Jun and Zhang, Zili and Guo, Maozu},
  booktitle={Proceedings of the AAAI Conference on Artificial Intelligence},
  volume={33},
  number={01},
  pages={5508--5515},
  year={2019}
}

@article{yan2021deep,
  title={Deep multi-view learning methods: A review},
  author={Yan, Xiaoqiang and Hu, Shizhe and Mao, Yiqiao and Ye, Yangdong and Yu, Hui},
  journal={Neurocomputing},
  volume={448},
  pages={106--129},
  year={2021},
  publisher={Elsevier}
}

@inproceedings{yang2021deep,
  title={Deep Multi-type Objects Muli-view Multi-instance Multi-label Learning},
  author={Yang, Yuanlin and Yu, Guoxian and Domeniconi, Carlotta and Zhang, Xiangliang},
  booktitle={Proceedings of the 2021 SIAM International Conference on Data Mining (SDM)},
  pages={486--494},
  year={2021},
  organization={SIAM}
}

@article{yoon2012automated,
  title={Automated classification of fMRI during cognitive control identifies more severely disorganized subjects with schizophrenia},
  author={Yoon, Jong H and Nguyen, Danh V and McVay, Lindsey M and Deramo, Paul and Minzenberg, Michael J and Ragland, J Daniel and Niendham, Tara and Solomon, Marjorie and Carter, Cameron S},
  journal={Schizophrenia research},
  volume={135},
  number={1-3},
  pages={28--33},
  year={2012},
  publisher={Elsevier}
}

@article{yuan2018multi,
  title={A multi-view deep learning framework for EEG seizure detection},
  author={Yuan, Ye and Xun, Guangxu and Jia, Kebin and Zhang, Aidong},
  journal={IEEE journal of biomedical and health informatics},
  volume={23},
  number={1},
  pages={83--94},
  year={2018},
  publisher={IEEE}
}

