
% Journals

% First the Full Name is given, then the abbreviation used in the AMS Math
% Reviews, with an indication if it could not be found there.
% Note the 2nd overwrites the 1st, so swap them if you want the full name.

@article{Parisot2018DiseasePU,
  title={Disease prediction using graph convolutional networks: Application to Autism Spectrum Disorder and Alzheimer's disease},
  author={Sarah Parisot and Sofia Ira Ktena and Enzo Ferrante and M. J. Lee and Ricardo Guerrero and Ben Glocker and Daniel Rueckert},
  journal={Medical Image Analysis},
  year={2018},
  volume={48},
  pages={117–130}
}

@InProceedings{10.1007/978-3-030-36683-4_65,
author="Rakhimberdina, Zarina
and Murata, Tsuyoshi",
editor="Cherifi, Hocine
and Gaito, Sabrina
and Mendes, Jos{\'e} Fernendo
and Moro, Esteban
and Rocha, Luis Mateus",
title="Linear Graph Convolutional Model for Diagnosing Brain Disorders",
booktitle="Complex Networks and Their Applications VIII",
year="2020",
publisher="Springer International Publishing",
address="Cham",
pages="815--826"
}

@article{wang2014constrained,
  title={On constrained spectral clustering and its applications},
  author={Wang, Xiang and Qian, Buyue and Davidson, Ian},
  journal={Data Mining and Knowledge Discovery},
  volume={28},
  pages={1--30},
  year={2014},
  publisher={Springer}
}

@article{jack2008alzheimer,
  title={The Alzheimer's disease neuroimaging initiative (ADNI): MRI methods},
  author={Jack Jr, Clifford R and Bernstein, Matt A and Fox, Nick C and Thompson, Paul and Alexander, Gene and Harvey, Danielle and Borowski, Bret and Britson, Paula J and L. Whitwell, Jennifer and Ward, Chadwick and others},
  journal={Journal of Magnetic Resonance Imaging: An Official Journal of the International Society for Magnetic Resonance in Medicine},
  volume={27},
  number={4},
  pages={685--691},
  year={2008},
  publisher={Wiley Online Library}
}

 %{AMS}
 @String{AMSTrans = "American Mathematical Society Translations" }
 @String{AMSTrans = "Amer. Math. Soc. Transl." }
 @String{BullAMS = "Bulletin of the American Mathematical Society" }
 @String{BullAMS = "Bull. Amer. Math. Soc." }
 @String{ProcAMS = "Proceedings of the American Mathematical Society" }
 @String{ProcAMS = "Proc. Amer. Math. Soc." }
 @String{TransAMS = "Transactions of the American Mathematical Society" }
 @String{TransAMS = "Trans. Amer. Math. Soc." }

 %ACM
 @String{CACM = "Communications of the {ACM}" }
 @String{CACM = "Commun. {ACM}" }
 @String{CompServ = "Comput. Surveys" }
 @String{JACM = "J. ACM" }
 @String{ACMMathSoft = "{ACM} Transactions on Mathematical Software" }
 @String{ACMMathSoft = "{ACM} Trans. Math. Software" }
 @String{SIGNUM = "{ACM} {SIGNUM} Newsletter" }
 @String{SIGNUM = "{ACM} {SIGNUM} Newslett." }

 @String{AmerSocio = "American Journal of Sociology" }
 @String{AmerStatAssoc = "Journal of the American Statistical Association" }
 @String{AmerStatAssoc = "J. Amer. Statist. Assoc." }
 @String{ApplMathComp = "Applied Mathematics and Computation" }
 @String{ApplMathComp = "Appl. Math. Comput." }
 @String{AmerMathMonthly = "American Mathematical Monthly" }
 @String{AmerMathMonthly = "Amer. Math. Monthly" }
 @String{BIT = "{BIT}" }
 @String{BritStatPsych = "British Journal of Mathematical and Statistical
          Psychology" }
 @String{BritStatPsych = "Brit. J. Math. Statist. Psych." }
 @String{CanMathBull = "Canadian Mathematical Bulletin" }
 @String{CanMathBull = "Canad. Math. Bull." }
 @String{CompApplMath = "Journal of Computational and Applied Mathematics" }
 @String{CompApplMath = "J. Comput. Appl. Math." }
 @String{CompPhys = "Journal of Computational Physics" }
 @String{CompPhys = "J. Comput. Phys." }
 @String{CompStruct = "Computers and Structures" }
 @String{CompStruct = "Comput. \& Structures" }
 @String{CompJour = "The Computer Journal" }
 @String{CompJour = "Comput. J." }
 @String{CompSysSci = "Journal of Computer and System Sciences" }
 @String{CompSysSci = "J. Comput. System Sci." }
 @String{Computing = "Computing" }
 @String{ContempMath = "Contemporary Mathematics" }
 @String{ContempMath = "Contemp. Math." }
 @String{Crelle = "Crelle's Journal" }
 @String{GiornaleMath = "Giornale di Mathematiche" }
 @String{GiornaleMath = "Giorn. Mat." } % didn't find in AMS MR., ibid.

 %IEEE
 @String{Computer = "{IEEE} Computer" }
 @String{IEEETransComp = "{IEEE} Transactions on Computers" }
 @String{IEEETransComp = "{IEEE} Trans. Comput." }
 @String{IEEETransAC = "{IEEE} Transactions on Automatic Control" }
 @String{IEEETransAC = "{IEEE} Trans. Automat. Control" }
 @String{IEEESpec = "{IEEE} Spectrum" } % didn't find in AMS MR
 @String{ProcIEEE = "Proceedings of the {IEEE}" }
 @String{ProcIEEE = "Proc. {IEEE}" } % didn't find in AMS MR
 @String{IEEETransAeroElec = "{IEEE} Transactions on Aerospace and Electronic
     Systems" }
 @String{IEEETransAeroElec = "{IEEE} Trans. Aerospace Electron. Systems" }

 @String{IMANumerAna = "{IMA} Journal of Numerical Analysis" }
 @String{IMANumerAna = "{IMA} J. Numer. Anal." }
 @String{InfProcLet = "Information Processing Letters" }
 @String{InfProcLet = "Inform. Process. Lett." }
 @String{InstMathApp = "Journal of the Institute of Mathematics and
     its Applications" }
 @String{InstMathApp = "J. Inst. Math. Appl." }
 @String{IntControl = "International Journal of Control" }
 @String{IntControl = "Internat. J. Control" }
 @String{IntNumerEng = "International Journal for Numerical Methods in
     Engineering" }
 @String{IntNumerEng = "Internat. J. Numer. Methods Engrg." }
 @String{IntSuper = "International Journal of Supercomputing Applications" }
 @String{IntSuper = "Internat. J. Supercomputing Applic." } % didn't find
%% in AMS MR
 @String{Kibernetika = "Kibernetika" }
 @String{JResNatBurStand = "Journal of Research of the National Bureau
     of Standards" }
 @String{JResNatBurStand = "J. Res. Nat. Bur. Standards" }
 @String{LinAlgApp = "Linear Algebra and its Applications" }
 @String{LinAlgApp = "Linear Algebra Appl." }
 @String{MathAnaAppl = "Journal of Mathematical Analysis and Applications" }
 @String{MathAnaAppl = "J. Math. Anal. Appl." }
 @String{MathAnnalen = "Mathematische Annalen" }
 @String{MathAnnalen = "Math. Ann." }
 @String{MathPhys = "Journal of Mathematical Physics" }
 @String{MathPhys = "J. Math. Phys." }
 @String{MathComp = "Mathematics of Computation" }
 @String{MathComp = "Math. Comp." }
 @String{MathScand = "Mathematica Scandinavica" }
 @String{MathScand = "Math. Scand." }
 @String{TablesAidsComp = "Mathematical Tables and Other Aids to Computation" }
 @String{TablesAidsComp = "Math. Tables Aids Comput." }
 @String{NumerMath = "Numerische Mathematik" }
 @String{NumerMath = "Numer. Math." }
 @String{PacificMath = "Pacific Journal of Mathematics" }
 @String{PacificMath = "Pacific J. Math." }
 @String{ParDistComp = "Journal of Parallel and Distributed Computing" }
 @String{ParDistComp = "J. Parallel and Distrib. Comput." } % didn't find
%% in AMS MR
 @String{ParComputing = "Parallel Computing" }
 @String{ParComputing = "Parallel Comput." }
 @String{PhilMag = "Philosophical Magazine" }
 @String{PhilMag = "Philos. Mag." }
 @String{ProcNAS = "Proceedings of the National Academy of Sciences
                    of the USA" }
 @String{ProcNAS = "Proc. Nat. Acad. Sci. U. S. A." }
 @String{Psychometrika = "Psychometrika" }
 @String{QuartMath = "Quarterly Journal of Mathematics, Oxford, Series (2)" }
 @String{QuartMath = "Quart. J. Math. Oxford Ser. (2)" }
 @String{QuartApplMath = "Quarterly of Applied Mathematics" }
 @String{QuartApplMath = "Quart. Appl. Math." }
 @String{RevueInstStat = "Review of the International Statisical Institute" }
 @String{RevueInstStat = "Rev. Inst. Internat. Statist." }

 %SIAM
 @String{JSIAM = "Journal of the Society for Industrial and Applied
     Mathematics" }
 @String{JSIAM = "J. Soc. Indust. Appl. Math." }
 @String{JSIAMB = "Journal of the Society for Industrial and Applied
     Mathematics, Series B, Numerical Analysis" }
 @String{JSIAMB = "J. Soc. Indust. Appl. Math. Ser. B Numer. Anal." }
 @String{SIAMAlgMeth = "{SIAM} Journal on Algebraic and Discrete Methods" }
 @String{SIAMAlgMeth = "{SIAM} J. Algebraic Discrete Methods" }
 @String{SIAMAppMath = "{SIAM} Journal on Applied Mathematics" }
 @String{SIAMAppMath = "{SIAM} J. Appl. Math." }
 @String{SIAMComp = "{SIAM} Journal on Computing" }
 @String{SIAMComp = "{SIAM} J. Comput." }
 @String{SIAMMatrix = "{SIAM} Journal on Matrix Analysis and Applications" }
 @String{SIAMMatrix = "{SIAM} J. Matrix Anal. Appl." }
 @String{SIAMNumAnal = "{SIAM} Journal on Numerical Analysis" }
 @String{SIAMNumAnal = "{SIAM} J. Numer. Anal." }
 @String{SIAMReview = "{SIAM} Review" }
 @String{SIAMReview = "{SIAM} Rev." }
 @String{SIAMSciStat = "{SIAM} Journal on Scientific and Statistical
     Computing" }
 @String{SIAMSciStat = "{SIAM} J. Sci. Statist. Comput." }

 @String{SoftPracExp = "Software Practice and Experience" }
 @String{SoftPracExp = "Software Prac. Experience" } % didn't find in AMS MR
 @String{StatScience = "Statistical Science" }
 @String{StatScience = "Statist. Sci." }
 @String{Techno = "Technometrics" }
 @String{USSRCompMathPhys = "{USSR} Computational Mathematics and Mathematical
     Physics" }
 @String{USSRCompMathPhys = "{U. S. S. R.} Comput. Math. and Math. Phys." }
 @String{VLSICompSys = "Journal of {VLSI} and Computer Systems" }
 @String{VLSICompSys = "J. {VLSI} Comput. Syst." }
 @String{ZAngewMathMech = "Zeitschrift fur Angewandte Mathematik und
     Mechanik" }
 @String{ZAngewMathMech = "Z. Angew. Math. Mech." }
 @String{ZAngewMathPhys = "Zeitschrift fur Angewandte Mathematik und Physik" }
 @String{ZAngewMathPhys = "Z. Angew. Math. Phys." }

% Publishers % ================================================= |

 @String{Academic = "Academic Press" }
 @String{ACMPress = "{ACM} Press" }
 @String{AdamHilger = "Adam Hilger" }
 @String{AddisonWesley = "Addison-Wesley" }
 @String{AllynBacon = "Allyn and Bacon" }
 @String{AMS = "American Mathematical Society" }
 @String{Birkhauser = "Birkha{\"u}ser" }
 @String{CambridgePress = "Cambridge University Press" }
 @String{Chelsea = "Chelsea" }
 @String{ClaredonPress = "Claredon Press" }
 @String{DoverPub = "Dover Publications" }
 @String{Eyolles = "Eyolles" }
 @String{HoltRinehartWinston = "Holt, Rinehart and Winston" }
 @String{Interscience = "Interscience" }
 @String{JohnsHopkinsPress = "The Johns Hopkins University Press" }
 @String{JohnWileySons = "John Wiley and Sons" }
 @String{Macmillan = "Macmillan" }
 @String{MathWorks = "The Math Works Inc." }
 @String{McGrawHill = "McGraw-Hill" }
 @String{NatBurStd = "National Bureau of Standards" }
 @String{NorthHolland = "North-Holland" }
 @String{OxfordPress = "Oxford University Press" }  %address Oxford or London?
 @String{PergamonPress = "Pergamon Press" }
 @String{PlenumPress = "Plenum Press" }
 @String{PrenticeHall = "Prentice-Hall" }
 @String{SIAMPub = "{SIAM} Publications" }
 @String{Springer = "Springer-Verlag" }
 @String{TexasPress = "University of Texas Press" }
 @String{VanNostrand = "Van Nostrand" }
 @String{WHFreeman = "W. H. Freeman and Co." }

%Entries


@misc{schwartz2019inducing,
      title={Inducing brain-relevant bias in natural language processing models}, 
      author={Dan Schwartz and Mariya Toneva and Leila Wehbe},
      year={2019},
      eprint={1911.03268},
      archivePrefix={arXiv},
      primaryClass={q-bio.NC}
}

@article{Kay2008,
        title={Identifying natural images from human brain activity},
        author={Kay, Kendrick N. and Naselaris, Thomas and Prenger, Ryan J. and Gallant, Jack L.},
        journal={Nature},
        year={2008},
        volume={452},
        number={7185},
        pages={352-355},
        date={2008/03/01},
        url={https://doi.org/10.1038/nature06713},
        isbn={1476-4687}
}

@article{https://doi.org/10.1002/da.22481,
author = {King, Anthony P. and Block, Stefanie R. and Sripada, Rebecca K. and Rauch, Sheila and Giardino, Nicholas and Favorite, Todd and Angstadt, Michael and Kessler, Daniel and Welsh, Robert and Liberzon, Israel},
title = {ALTERED DEFAULT MODE NETWORK (DMN) RESTING STATE FUNCTIONAL CONNECTIVITY FOLLOWING A MINDFULNESS-BASED EXPOSURE THERAPY FOR POSTTRAUMATIC STRESS DISORDER (PTSD) IN COMBAT VETERANS OF AFGHANISTAN AND IRAQ},
journal = {Depression and Anxiety},
volume = {33},
number = {4},
pages = {289-299},
year = {2016},
keywords = {mindfulness/meditation, PTSD/posttraumatic stress disorder, brain imaging/neuroimaging, functional MRI, treatment}
}

@article{Bonnelle2012SalienceNI,
  title={Salience network integrity predicts default mode network function after traumatic brain injury},
  author={V. Bonnelle and Timothy E. Ham and R. Leech and K. Kinnunen and M. Mehta and R. Greenwood and D. Sharp},
  journal={Proceedings of the National Academy of Sciences},
  year={2012},
  volume={109},
  pages={4690 - 4695}
}

@article{KOCH2012466,
title = {Diagnostic power of default mode network resting state fMRI in the detection of Alzheimer's disease},
author = {Koch W and Teipel S and Mueller S and Benninghoff J and Wagner M and Bokde AL and Hampel H and Coates U and Reiser M and Meindl T.},
journal = {Neurobiology of Aging},
volume = {33},
number = {3},
pages = {466-478},
year = {2012},
issn = {0197-4580},
doi = {https://doi.org/10.1016/j.neurobiolaging.2010.04.013}
}

@article{hadash2018estimate,
  title={Estimate and Replace: A Novel Approach to Integrating Deep Neural Networks with Existing Applications},
  author={Hadash, Guy and Kermany, Einat and Carmeli, Boaz and Lavi, Ofer and Kour, George and Jacovi, Alon},
  journal={arXiv preprint arXiv:1804.09028},
  year={2018}
}

@article{yoon2012automated,
  title={Automated classification of fMRI during cognitive control identifies more severely disorganized subjects with schizophrenia},
  author={Yoon, Jong H and Nguyen, Danh V and McVay, Lindsey M and Deramo, Paul and Minzenberg, Michael J and Ragland, J Daniel and Niendham, Tara and Solomon, Marjorie and Carter, Cameron S},
  journal={Schizophrenia research},
  volume={135},
  number={1-3},
  pages={28--33},
  year={2012},
  publisher={Elsevier}
}

@Article{pmid29622496,
   Author="Zeng, L. L.  and Wang, H.  and Hu, P.  and Yang, B.  and Pu, W.  and Shen, H.  and Chen, X.  and Liu, Z.  and Yin, H.  and Tan, Q.  and Wang, K.  and Hu, D. ",
   Title="{{M}ulti-{S}ite {D}iagnostic {C}lassification of {S}chizophrenia {U}sing {D}iscriminant {D}eep {L}earning with {F}unctional {C}onnectivity {M}{R}{I}}",
   Journal="EBioMedicine",
   Year="2018",
   Volume="30",
   Pages="74--85",
   Month="Apr"
}
  
@ARTICLE{LESH2013590,
  Title = {Proactive and reactive cognitive control and dorsolateral prefrontal cortex dysfunction in first episode schizophrenia},
  Journal = {NeuroImage: Clinical},
  Volume = {2},
  Pages = {590 - 599},
  Year = {2013},
  Issn = {2213-1582},
  Author = {Tyler A. Lesh and Andrew J. Westphal and Tara A. Niendam and Jong H. Yoon and Michael J. Minzenberg and J. Daniel Ragland and Marjorie Solomon and Cameron S. Carter},
}

@article{LITJENS201760,
  Title={A survey on deep learning in medical image analysis},
  Author={Geert Litjens and Thijs Kooi and Babak Ehteshami Bejnordi and Arnaud Arindra Adiyoso Setio and Francesco Ciompi and Mohsen Ghafoorian and Jeroen A.W.M. {van der Laak} and Bram {van Ginneken} and Clara I. Sánchez},
  Journal={Medical Image Analysis},
  Year={2017},
  Volume={42},
  Pages={60-88},
  Keywords={Deep learning, Convolutional neural networks, Medical imaging, Survey}
}

@article{zhuang2020comprehensive,
  title={A comprehensive survey on transfer learning},
  author={Zhuang, Fuzhen and Qi, Zhiyuan and Duan, Keyu and Xi, Dongbo and Zhu, Yongchun and Zhu, Hengshu and Xiong, Hui and He, Qing},
  journal={Proceedings of the IEEE},
  volume={109},
  number={1},
  pages={43--76},
  year={2020},
  publisher={IEEE}
}

@article{WEN2020101694,
  Title={Convolutional neural networks for classification of Alzheimer's disease: Overview and reproducible evaluation (article)},
  Author={Junhao Wen and Elina Thibeau-Sutre and Mauricio Diaz-Melo and Jorge Samper-González and Alexandre Routier and Simona Bottani and Didier Dormont and Stanley Durrleman and Ninon Burgos and Olivier Colliot},
  Journal={Medical Image Analysis},
  Year={2020},
  Volume={63},
  Pages={101694},
  Keywords={Convolutional neural network Reproducibility, Alzheimer's disease classification Magnetic resonance imaging}
}

@article{DL2015,
  Title={Deep learning (article)},
  Author={LeCun, Yann and Bengio, Yoshua and Hinton, Geoffrey},
  Journal={Nature},
  Year={2015},
  Volume={521},
  Number={7553},
  Pages={436--444}
}

@misc{sarraf2016classification,
      title={Classification of Alzheimer's Disease using fMRI Data and Deep Learning Convolutional Neural Networks}, 
      author={Saman Sarraf and Ghassem Tofighi},
      year={2016},
      eprint={1603.08631},
      archivePrefix={arXiv},
      primaryClass={cs.CV}
}

@inproceedings{bai2017unsupervised,
  title={Unsupervised network discovery for brain imaging data},
  author={Bai, Zilong and Walker, Peter and Tschiffely, Anna and Wang, Fei and Davidson, Ian},
  booktitle={Proceedings of the 23rd ACM SIGKDD International Conference on Knowledge Discovery and Data Mining},
  pages={55--64},
  year={2017}
}

@article{Greicius2002FunctionalCI,
  title={Functional connectivity in the resting brain: A network analysis of the default mode hypothesis},
  author={M. Greicius and B. Krasnow and A. Reiss and V. Menon},
  journal={Proceedings of the National Academy of Sciences of the United States of America},
  year={2002},
  volume={100},
  pages={253 - 258}
}

@misc{rieck2020uncovering,
      title={Uncovering the Topology of Time-Varying fMRI Data using Cubical Persistence}, 
      author={Bastian Rieck and Tristan Yates and Christian Bock and Karsten Borgwardt and Guy Wolf and Nicholas Turk-Browne and Smita Krishnaswamy},
      year={2020},
      eprint={2006.07882},
      archivePrefix={arXiv},
      primaryClass={q-bio.NC}
}

@article{doi:10.1176/appi.ajp.2019.18101126,
author = {Smucny, Jason and Lesh, Tyler A. and Carter, Cameron S.},
title = {Baseline Frontoparietal Task-Related BOLD Activity as a Predictor of Improvement in Clinical Symptoms at 1-Year Follow-Up in Recent-Onset Psychosis},
journal = {American Journal of Psychiatry},
volume = {176},
number = {10},
pages = {839-845},
year = {2019}
}

@article{logotjetis-fMRI, 
  Title={What we can do and what we cannot do with fMRI (article)},
  Author={Logothetis, Nikos K. },
  Journal={Nature},
  Year={2008},
  Volume={453},
  Number={7197},
  Pages={869--878},
}

@article{10.1371/journal.pcbi.1006633,
    doi = {10.1371/journal.pcbi.1006633},
    author = {Shen, Guohua AND Horikawa, Tomoyasu AND Majima, Kei AND Kamitani, Yukiyasu},
    journal = {PLOS Computational Biology},
    publisher = {Public Library of Science},
    title = {Deep image reconstruction from human brain activity},
    year = {2019},
    month = {01},
    volume = {15},
    url = {https://doi.org/10.1371/journal.pcbi.1006633},
    pages = {1-23}
}

@article{https://doi.org/10.1002/hbm.25286,
author = {Smucny, Jason and Davidson, Ian and Carter, Cameron S.},
title = {Comparing machine and deep learning-based algorithms for prediction of clinical improvement in psychosis with functional magnetic resonance imaging},
journal = {Human Brain Mapping},
year = {2020},
volume = {42},
number = {4},
pages = {1197-1205},
keywords = {cognitive control, frontoparietal, neuroimaging, prognosis, schizophrenia}
}

@ARTICLE{8466590,
  author={Adadi, Amina and Berrada, Mohammed},
  journal={IEEE Access}, 
  title={Peeking Inside the Black-Box: A Survey on Explainable Artificial Intelligence (XAI)}, 
  year={2018},
  volume={6},
  number={},
  pages={52138-52160},
  doi={10.1109/ACCESS.2018.2870052}
}

@ARTICLE{10.3389/fnagi.2019.00194,
  AUTHOR={Böhle, Moritz and Eitel, Fabian and Weygandt, Martin and Ritter, Kerstin},   
  TITLE={Layer-Wise Relevance Propagation for Explaining Deep Neural Network Decisions in MRI-Based Alzheimer's Disease Classification},      
  JOURNAL={Frontiers in Aging Neuroscience},      
  VOLUME={11},
  PAGES={194},     
  YEAR={2019},      
  URL={https://www.frontiersin.org/article/10.3389/fnagi.2019.00194},       
  DOI={10.3389/fnagi.2019.00194},      
  ISSN={1663-4365}
}

@misc{xu2013survey,
      title={A Survey on Multi-view Learning}, 
      author={Chang Xu and Dacheng Tao and Chao Xu},
      year={2013},
      eprint={1304.5634},
      archivePrefix={arXiv},
      primaryClass={cs.LG}
}

@article{Crossley2013CognitiveRO,
  title={Cognitive relevance of the community structure of the human brain functional coactivation network},
  author={N. Crossley and A. Mechelli and P. V{\'e}rtes and T. Winton-Brown and A. Patel and Cedric E. Ginestet and P. McGuire and E. Bullmore},
  journal={Proceedings of the National Academy of Sciences},
  year={2013},
  volume={110},
  pages={11583 - 11588}
}

@article{https://doi.org/10.1002/hbm.22250,
author = {Hoekzema, Elseline and Carmona, Susana and Ramos-Quiroga, J. Antoni and Richarte Fernández, Vanesa and Bosch, Rosa and Soliva, Juan Carlos and Rovira, Mariana and Bulbena, Antonio and Tobeña, Adolf and Casas, Miguel and Vilarroya, Oscar},
title = {An independent components and functional connectivity analysis of resting state fMRI data points to neural network dysregulation in adult ADHD},
journal = {Human Brain Mapping},
year = {2014},
volume = {35},
number = {4},
pages = {1261-1272},
keywords = {independent components analysis, attention-deficit/hyperactivity disorder, default mode network, dorsolateral prefrontal cortex, rest, functional magnetic resonance imaging}
}

@article{doi:10.1089/big.2020.0159,
author = {Torres, José F. and Hadjout, Dalil and Sebaa, Abderrazak and Martínez-Álvarez, Francisco and Troncoso, Alicia},
title = {Deep Learning for Time Series Forecasting: A Survey},
journal = {Big Data},
volume = {9},
number = {1},
pages = {3-21},
year = {2021},
doi = {10.1089/big.2020.0159},
note = {PMID: 33275484}
}

@article{smucny2021comparing,
  title={Comparing machine and deep learning-based algorithms for prediction of clinical improvement in psychosis with functional magnetic resonance imaging},
  author={Smucny, Jason and Davidson, Ian and Carter, Cameron S},
  journal={Human brain mapping},
  volume={42},
  number={4},
  pages={1197--1205},
  year={2021},
  publisher={Wiley Online Library}
}

@article{yuan2018multi,
  title={A multi-view deep learning framework for EEG seizure detection},
  author={Yuan, Ye and Xun, Guangxu and Jia, Kebin and Zhang, Aidong},
  journal={IEEE journal of biomedical and health informatics},
  volume={23},
  number={1},
  pages={83--94},
  year={2018},
  publisher={IEEE}
}

@inproceedings{xing2019multi,
  title={Multi-view multi-instance multi-label learning based on collaborative matrix factorization},
  author={Xing, Yuying and Yu, Guoxian and Domeniconi, Carlotta and Wang, Jun and Zhang, Zili and Guo, Maozu},
  booktitle={Proceedings of the AAAI Conference on Artificial Intelligence},
  volume={33},
  number={01},
  pages={5508--5515},
  year={2019}
}

@article{yan2021deep,
  title={Deep multi-view learning methods: A review},
  author={Yan, Xiaoqiang and Hu, Shizhe and Mao, Yiqiao and Ye, Yangdong and Yu, Hui},
  journal={Neurocomputing},
  volume={448},
  pages={106--129},
  year={2021},
  publisher={Elsevier}
}

@article{carbonneau2018multiple,
  title={Multiple instance learning: A survey of problem characteristics and applications},
  author={Carbonneau, Marc-Andr{\'e} and Cheplygina, Veronika and Granger, Eric and Gagnon, Ghyslain},
  journal={Pattern Recognition},
  volume={77},
  pages={329--353},
  year={2018},
  publisher={Elsevier}
}

@article{wang2018revisiting,
  title={Revisiting multiple instance neural networks},
  author={Wang, Xinggang and Yan, Yongluan and Tang, Peng and Bai, Xiang and Liu, Wenyu},
  journal={Pattern Recognition},
  volume={74},
  pages={15--24},
  year={2018},
  publisher={Elsevier}
}

@inproceedings{nguyen2014labeling,
  title={Labeling complicated objects: Multi-view multi-instance multi-label learning},
  author={Nguyen, Cam-Tu and Wang, Xiaoliang and Liu, Jing and Zhou, Zhi-Hua},
  booktitle={Twenty-Eighth AAAI Conference on Artificial Intelligence},
  year={2014}
}

@inproceedings{yang2021deep,
  title={Deep Multi-type Objects Muli-view Multi-instance Multi-label Learning},
  author={Yang, Yuanlin and Yu, Guoxian and Domeniconi, Carlotta and Zhang, Xiangliang},
  booktitle={Proceedings of the 2021 SIAM International Conference on Data Mining (SDM)},
  pages={486--494},
  year={2021},
  organization={SIAM}
}

@article{li2017multi,
  title={Multi-view multi-instance learning based on joint sparse representation and multi-view dictionary learning},
  author={Li, Bing and Yuan, Chunfeng and Xiong, Weihua and Hu, Weiming and Peng, Houwen and Ding, Xinmiao and Maybank, Steve},
  journal={IEEE transactions on pattern analysis and machine intelligence},
  volume={39},
  number={12},
  pages={2554--2560},
  year={2017},
  publisher={IEEE}
}

@article{wang2020differentiating,
  title={Differentiating isoform functions with collaborative matrix factorization},
  author={Wang, Keyao and Wang, Jun and Domeniconi, Carlotta and Zhang, Xiangliang and Yu, Guoxian},
  journal={Bioinformatics},
  volume={36},
  number={6},
  pages={1864--1871},
  year={2020},
  publisher={Oxford University Press}
}

@inproceedings{cen2019representation,
  title={Representation learning for attributed multiplex heterogeneous network},
  author={Cen, Yukuo and Zou, Xu and Zhang, Jianwei and Yang, Hongxia and Zhou, Jingren and Tang, Jie},
  booktitle={Proceedings of the 25th ACM SIGKDD International Conference on Knowledge Discovery \& Data Mining},
  pages={1358--1368},
  year={2019}
}