@article{10,
  title = {Real-Time Charging Navigation of Electric Vehicles to Fast Charging Stations: A Hierarchical Game Approach},
  ISSN = {1949-3061},
  journal = {IEEE Trans. Smart Grid},
  publisher = {Institute of Electrical and Electronics Engineers (IEEE)},
  author = {Tan,  Jun and Wang,  Lingfeng},
  year = {2015},
  pages = {1–1}
}

@article{11,
  title = {Electric Vehicles En-Route Charging Navigation Systems: Joint Charging and Routing Optimization},
  volume = {27},
  ISSN = {2374-0159},
  number = {2},
  journal = {IEEE Trans. Control Syst. Technol.},
  publisher = {Institute of Electrical and Electronics Engineers (IEEE)},
  author = {Liu,  Chensheng and Zhou,  Min and Wu,  Jing and Long,  Chengnian and Wang,  Yebin},
  year = {2019},
  month = mar,
  pages = {906–914}
}

@article{12,
  title = {The Online Charging and Discharging Scheduling Potential of Electric Vehicles Considering the Uncertain Responses of Users},
  volume = {36},
  number = {3},
  journal = {IEEE Trans. Power Syst.},
  publisher = {Institute of Electrical and Electronics Engineers (IEEE)},
  author = {Wu,  Fuzhang and Yang,  Jun and Zhan,  Xiangpeng and Liao,  Siyang and Xu,  Jian},
  year = {2021},
  month = may,
  pages = {1794–1806}
}

@article{13,
  title = {Optimal Delivery Scheduling and Charging of {EVs} in the Navigation of a City Map},
  volume = {9},
  ISSN = {1949-3061},
  number = {5},
  journal = {IEEE Trans. Smart Grid},
  publisher = {Institute of Electrical and Electronics Engineers (IEEE)},
  author = {Cerna,  Fernando V. and Pourakbari-Kasmaei,  Mahdi and Romero,  Ruben A. and Rider,  Marcos J.},
  year = {2018},
  month = sep,
  pages = {4815–4827}
}

@article{14,
  title = {Electric vehicle scheduling and optimal charging problem: complexity,  exact and heuristic approaches},
  volume = {55},
  ISSN = {1366-588X},
  number = {2},
  journal = {Int. J. Prod. Res.},
  publisher = {Informa UK Limited},
  author = {Sassi,  Ons and Oulamara,  Ammar},
  year = {2016},
  month = jun,
  pages = {519–535}
}

@inbook{15,
  title = {Optimized Path Planning for Electric Vehicle Routing and Charging Station Navigation Systems},
  booktitle = {Research Anthology on Architectures,  Frameworks,  and Integration Strategies for Distributed and Cloud Computing},
  publisher = {IGI Global},
  author = {Elgarej,  Mouhcine and Khalifa,  Mansouri and Youssfi,  Mohamed},
  year = {2021},
  pages = {1945–1967}
}

@article{16,
  title = {Electric Vehicle Charging Station Search in Stochastic Environments},
  volume = {56},
  ISSN = {1526-5447},
  number = {2},
  journal = {Transp. Sci.},
  publisher = {Institute for Operations Research and the Management Sciences (INFORMS)},
  author = {Guillet,  Marianne and Hiermann,  Gerhard and Kr\"{o}ller,  Alexander and Schiffer,  Maximilian},
  year = {2022},
  month = mar,
  pages = {483–500}
}

@inproceedings{17,
  title={Cooperative Electric Vehicles Planning},
  author={Champagne Gareau, Ja{\"e}l and Lavoie, Marc-Andr{\'e} and Gosset, Guillaume and Beaudry, {\'E}ric},
  booktitle={Proceedings of the 23rd International Conference on Autonomous Agents and Multiagent Systems},
  pages={290--298},
  year={2024}
}

@article{18,
  title={Deep reinforcement learning for power system applications: An overview},
  author={Zhang, Zidong and Zhang, Dongxia and Qiu, Robert C},
  journal={CSEE J. Power Energy Syst.},
  volume={6},
  number={1},
  pages={213--225},
  year={2019},
  publisher={CSEE}
}

@article{19,
  title = {Deep Reinforcement Learning for EV Charging Navigation by Coordinating Smart Grid and Intelligent Transportation System},
  volume = {11},
  ISSN = {1949-3061},
  number = {2},
  journal = {IEEE Trans. Smart Grid},
  publisher = {Institute of Electrical and Electronics Engineers (IEEE)},
  author = {Qian,  Tao and Shao,  Chengcheng and Wang,  Xiuli and Shahidehpour,  Mohammad},
  year = {2020},
  month = mar,
  pages = {1714–1723}
}

@article{20,
  title = {Constrained {EV} Charging Scheduling Based on Safe Deep Reinforcement Learning},
  volume = {11},
  ISSN = {1949-3061},
  number = {3},
  journal = {IEEE Trans. Smart Grid},
  publisher = {Institute of Electrical and Electronics Engineers (IEEE)},
  author = {Li,  Hepeng and Wan,  Zhiqiang and He,  Haibo},
  year = {2020},
  month = may,
  pages = {2427–2439}
}

@article{23,
  title = {A Graph Reinforcement Learning-Based Decision-Making Platform for Real-Time Charging Navigation of Urban Electric Vehicles},
  volume = {19},
  ISSN = {1941-0050},
  number = {3},
  journal = {IEEE Trans. Ind. Inform.},
  publisher = {Institute of Electrical and Electronics Engineers (IEEE)},
  author = {Xing,  Qiang and Xu,  Yan and Chen,  Zhong and Zhang,  Ziqi and Shi,  Zhao},
  year = {2023},
  month = mar,
  pages = {3284–3295}
}

@article{24,
  title = {A Bilevel Graph Reinforcement Learning Method for Electric Vehicle Fleet Charging Guidance},
  volume = {14},
  ISSN = {1949-3061},
  number = {4},
  journal = {IEEE Trans. Smart Grid},
  publisher = {Institute of Electrical and Electronics Engineers (IEEE)},
  author = {Xing,  Qiang and Xu,  Yan and Chen,  Zhong},
  year = {2023},
  month = jul,
  pages = {3309–3312}
}

@article{25,
  title = {Multi-Agent Graph Reinforcement Learning Method for Electric Vehicle on-Route Charging Guidance in Coupled Transportation Electrification},
  volume = {15},
  ISSN = {1949-3037},
  number = {2},
  journal = {IEEE Trans. Sustain. Energy},
  publisher = {Institute of Electrical and Electronics Engineers (IEEE)},
  author = {Li,  Yujing and Su,  Su and Zhang,  Minghao and Liu,  Qiujiang and Nie,  Xiaobo and Xia,  Mingchao and Micu,  Dan D.},
  year = {2024},
  month = apr,
  pages = {1180–1193}
}

@article{26,
  title = {Electric Vehicle Charging Guidance Strategy Considering “Traffic Network-Charging Station-Driver” Modeling: A Multiagent Deep Reinforcement Learning-Based Approach},
  volume = {10},
  ISSN = {2372-2088},
  number = {3},
  journal = {IEEE Trans. Transp. Electrif.},
  publisher = {Institute of Electrical and Electronics Engineers (IEEE)},
  author = {Su,  Su and Li,  Yujing and Yamashita,  Koji and Xia,  Mingchao and Li,  Ning and Folly,  Komla Agbenyo},
  year = {2024},
  month = sep,
  pages = {4653–4666}
}

@article{27,
  title={Playing atari with deep reinforcement learning},
  author={Mnih, Volodymyr},
  journal={arXiv preprint arXiv:1312.5602},
  year={2013}
}

@article{34,
  title = {Dynamic Energy-Aware {EV} Charging Navigation in Interacting Transportation and Distribution Networks},
  journal = {IEEE Trans. Intell. Transp. Syst.},
  publisher = {Institute of Electrical and Electronics Engineers (IEEE)},
  author = {Zhang,  Yanyu and Guo,  Zihao and Jiao,  Feixiang and Zhang,  Xibeng and Lu,  Ning and Zhou,  Yi},
  year = {2025},
  pages = {1–15}
}

