@misc{abdelkafi2019multi,
  title={Multi-sided platforms},
  author={Abdelkafi, Nizar and Raasch, Christina and Roth, Angela and Srinivasan, Rajaguru},
  journal={Electronic Markets},
  volume={29},
  pages={553--559},
  year={2019},
  publisher={Springer}
}

@article{banerjee2022situational,
  title={Situational ethnicity and identity negotiation:“indifference” as an identity negotiation mechanism},
  author={Banerjee, Madhumita and Shukla, Paurav and Ashill, Nicholas J},
  journal={International Marketing Review},
  volume={39},
  number={1},
  pages={55--79},
  year={2022},
  publisher={Emerald Publishing Limited}
}

@article{cao2024consequences,
  title={Consequences of information feed integration on user engagement and contribution: A natural experiment in an online knowledge-sharing community},
  author={Cao, Zike and Zhu, Yingpeng and Li, Gen and Qiu, Liangfei},
  journal={Information Systems Research},
  volume={35},
  number={3},
  pages={1114--1136},
  year={2024},
  publisher={INFORMS}
}

@article{cava2023drivers,
  title={Drivers of social influence in the Twitter migration to Mastodon},
  author={Cava, Lucio La and Aiello, Luca Maria and Tagarelli, Andrea},
  journal={Scientific Reports},
  volume={13},
  number={1},
  pages={21626},
  year={2023},
  publisher={Nature Publishing Group UK London}
}

@article{cohen2010competitive,
  title={Competitive group interactions: Why they exist and how to overcome them},
  author={Cohen, Taya R and Meier, Brian P and Hinsz, Verlin B and Insko, Chester A},
  journal={The handbook for working with difficult groups},
  pages={223--236},
  year={2010},
  publisher={Jossey-Bass San Francisco}
}

@book{demoulin2013intergroup,
  title={Intergroup misunderstandings: Impact of divergent social realities},
  author={Demoulin, St{\'e}phanie and Leyens, Jacques-Philippe and Dovidio, John F},
  year={2013},
  publisher={Psychology Press}
}

@article{evans2016matchmakers,
  title={Matchmakers: the new economics of multisided platforms},
  author={Evans, David S},
  journal={Harvard Business Review Press},
  year={2016}
}

@article{huang2017social,
  title={Social network integration and user content generation},
  author={Huang, Ni and Hong, Yili and Burtch, Gordon},
  journal={MIS quarterly},
  volume={41},
  number={4},
  pages={1035--1058},
  year={2017},
  publisher={JSTOR}
}

@article{jeong2024bluetempnet,
  title={BlueTempNet: A Temporal Multi-network Dataset of Social Interactions in Bluesky Social},
  author={Jeong, Ujun and Jiang, Bohan and Tan, Zhen and Bernard, Russell and Liu, Huan},
  journal={IEEE Data Descriptions},
  year={2024},
  publisher={IEEE}
}

@inproceedings{jeong2024exploring,
  title={Exploring platform migration patterns between twitter and mastodon: A user behavior study},
  author={Jeong, Ujun and Sheth, Paras and Tahir, Anique and Alatawi, Faisal and Bernard, H Russell and Liu, Huan},
  booktitle={Proceedings of the International AAAI Conference on Web and Social Media},
  volume={18},
  pages={738--750},
  year={2024}
}

@inproceedings{jeong2024user,
  title={User migration across multiple social media platforms},
  author={Jeong, Ujun and Nirmal, Ayushi and Jha, Kritshekhar and Tang, Susan Xu and Bernard, H Russell and Liu, Huan},
  booktitle={Proceedings of the 2024 SIAM International Conference on Data Mining (SDM)},
  pages={436--444},
  year={2024},
  organization={SIAM}
}

@inproceedings{kumar2018community,
  title={Community interaction and conflict on the web},
  author={Kumar, Srijan and Hamilton, William L and Leskovec, Jure and Jurafsky, Dan},
  booktitle={Proceedings of the 2018 world wide web conference},
  pages={933--943},
  year={2018}
}

@article{la2021understanding,
  title={Understanding the growth of the Fediverse through the lens of Mastodon},
  author={La Cava, Lucio and Greco, Sergio and Tagarelli, Andrea},
  journal={Applied network science},
  volume={6},
  pages={1--35},
  year={2021},
  publisher={Springer}
}

@article{ng2024smi,
  title={SMI-5: Five Dimensions of Social Media Interaction for Platform (De) Centralization},
  author={Ng, Lynnette Hui Xian and Phillips, Samantha C and Carley, Kathleen M},
  journal={arXiv preprint arXiv:2404.15509},
  year={2024}
}

@article{okamura1981situational,
  title={Situational ethnicity},
  author={Okamura, Jonathan Y},
  journal={Ethnic and racial studies},
  volume={4},
  number={4},
  pages={452--465},
  year={1981},
  publisher={Taylor \& Francis}
}

@article{parker2017platform,
  title={Platform ecosystems},
  author={Parker, Geoffrey and Van Alstyne, Marshall and Jiang, Xiaoyue},
  journal={MIS quarterly},
  volume={41},
  number={1},
  pages={255--266},
  year={2017},
  publisher={JSTOR}
}

@incollection{pettigrew2013does,
  title={Does intergroup contact reduce prejudice? Recent meta-analytic findings},
  author={Pettigrew, Thomas F and Tropp, Linda R},
  booktitle={Reducing prejudice and discrimination},
  pages={93--114},
  year={2013},
  publisher={Psychology Press}
}

@article{rochet2003platform,
  title={Platform competition in two-sided markets},
  author={Rochet, Jean-Charles and Tirole, Jean},
  journal={Journal of the european economic association},
  volume={1},
  number={4},
  pages={990--1029},
  year={2003},
  publisher={Oxford University Press}
}

@inproceedings{russo2024stranger,
  title={Stranger Danger! Cross-Community Interactions with Fringe Users Increase the Growth of Fringe Communities on Reddit},
  author={Russo, Giuseppe and Ribeiro, Manoel Horta and West, Robert},
  booktitle={Proceedings of the International AAAI Conference on Web and Social Media},
  volume={18},
  pages={1342--1353},
  year={2024}
}

@article{schmidt2025concept,
  title={The Concept of Platform Federations--A Case Study of ChatGPT Browser Plugins},
  author={Schmidt, Rainer and Alt, Rainer and Zimmermann, Alfed},
  year={2025}
}

@article{schreieck2024typology,
  title={A typology of multi-platform integration strategies},
  author={Schreieck, Maximilian and Ondrus, Jan and Wiesche, Manuel and Krcmar, Helmut},
  journal={Information Systems Journal},
  volume={34},
  number={3},
  pages={828--853},
  year={2024},
  publisher={Wiley Online Library}
}

@inproceedings{zhang2024emergence,
  title={The Emergence of Threads: The Birth of a New Social Network},
  author={Zhang, Peixian and He, Yupeng and Haq, Ehsan-Ul and He, Jiahui and Tyson, Gareth},
  booktitle={International Conference on Advances in Social Networks Analysis and Mining},
  pages={69--78},
  year={2024},
  organization={Springer}
}

@inproceedings{zignani2018follow,
  title={Follow the “mastodon”: Structure and evolution of a decentralized online social network},
  author={Zignani, Matteo and Gaito, Sabrina and Rossi, Gian Paolo},
  booktitle={ICWSM},
  volume={},
  number={},
  pages={},
  year={2018},
publisher={AAAI Press}
}

