@inproceedings{zignani2018follow,
  title={Follow the “mastodon”: Structure and evolution of a decentralized online social network},
  author={Zignani, Matteo and Gaito, Sabrina and Rossi, Gian Paolo},
  booktitle={ICWSM},
  volume={},
  number={},
  pages={},
  year={2018},
publisher={AAAI Press}
}

@inproceedings{jeong2024exploring,
  title={Exploring platform migration patterns between twitter and mastodon: A user behavior study},
  author={Jeong, Ujun and Sheth, Paras and Tahir, Anique and Alatawi, Faisal and Bernard, H Russell and Liu, Huan},
  booktitle={Proceedings of the International AAAI Conference on Web and Social Media},
  volume={18},
  pages={738--750},
  year={2024}
}
@inproceedings{jeong2024user,
  title={User migration across multiple social media platforms},
  author={Jeong, Ujun and Nirmal, Ayushi and Jha, Kritshekhar and Tang, Susan Xu and Bernard, H Russell and Liu, Huan},
  booktitle={Proceedings of the 2024 SIAM International Conference on Data Mining (SDM)},
  pages={436--444},
  year={2024},
  organization={SIAM}
}
@inproceedings{kumar2018community,
  title={Community interaction and conflict on the web},
  author={Kumar, Srijan and Hamilton, William L and Leskovec, Jure and Jurafsky, Dan},
  booktitle={Proceedings of the 2018 world wide web conference},
  pages={933--943},
  year={2018}
}
@inproceedings{russo2024stranger,
  title={Stranger Danger! Cross-Community Interactions with Fringe Users Increase the Growth of Fringe Communities on Reddit},
  author={Russo, Giuseppe and Ribeiro, Manoel Horta and West, Robert},
  booktitle={Proceedings of the International AAAI Conference on Web and Social Media},
  volume={18},
  pages={1342--1353},
  year={2024}
}
@incollection{pettigrew2013does,
  title={Does intergroup contact reduce prejudice? Recent meta-analytic findings},
  author={Pettigrew, Thomas F and Tropp, Linda R},
  booktitle={Reducing prejudice and discrimination},
  pages={93--114},
  year={2013},
  publisher={Psychology Press}
}
@article{huang2017social,
  title={Social network integration and user content generation},
  author={Huang, Ni and Hong, Yili and Burtch, Gordon},
  journal={MIS quarterly},
  volume={41},
  number={4},
  pages={1035--1058},
  year={2017},
  publisher={JSTOR}
}

@article{jeong2024bluetempnet,
  title={BlueTempNet: A Temporal Multi-network Dataset of Social Interactions in Bluesky Social},
  author={Jeong, Ujun and Jiang, Bohan and Tan, Zhen and Bernard, Russell and Liu, Huan},
  journal={IEEE Data Descriptions},
  year={2024},
  publisher={IEEE}
}
@article{cava2023drivers,
  title={Drivers of social influence in the Twitter migration to Mastodon},
  author={Cava, Lucio La and Aiello, Luca Maria and Tagarelli, Andrea},
  journal={Scientific Reports},
  volume={13},
  number={1},
  pages={21626},
  year={2023},
  publisher={Nature Publishing Group UK London}
}
@article{danescu2013computational,
  title={A computational approach to politeness with application to social factors},
  author={Danescu-Niculescu-Mizil, Cristian and Sudhof, Moritz and Jurafsky, Dan and Leskovec, Jure and Potts, Christopher},
  journal={arXiv preprint arXiv:1306.6078},
  year={2013}
}

@article{cohen2010competitive,
  title={Competitive group interactions: Why they exist and how to overcome them},
  author={Cohen, Taya R and Meier, Brian P and Hinsz, Verlin B and Insko, Chester A},
  journal={The handbook for working with difficult groups},
  pages={223--236},
  year={2010},
  publisher={Jossey-Bass San Francisco}
}

@book{demoulin2013intergroup,
  title={Intergroup misunderstandings: Impact of divergent social realities},
  author={Demoulin, St{\'e}phanie and Leyens, Jacques-Philippe and Dovidio, John F},
  year={2013},
  publisher={Psychology Press}
}
@misc{abdelkafi2019multi,
  title={Multi-sided platforms},
  author={Abdelkafi, Nizar and Raasch, Christina and Roth, Angela and Srinivasan, Rajaguru},
  journal={Electronic Markets},
  volume={29},
  pages={553--559},
  year={2019},
  publisher={Springer}
}
@article{eisenmann2006strategies,
  title={Strategies for Two-Sided Markets},
  author={Eisenmann, T},
  journal={Harvard Business Review},
  year={2006}
}
@article{caillaud2003chicken,
  title={Chicken \& egg: Competition among intermediation service providers},
  author={Caillaud, Bernard and Jullien, Bruno},
  journal={RAND journal of Economics},
  pages={309--328},
  year={2003},
  publisher={JSTOR}
}

@article{parker2017platform,
  title={Platform ecosystems},
  author={Parker, Geoffrey and Van Alstyne, Marshall and Jiang, Xiaoyue},
  journal={MIS quarterly},
  volume={41},
  number={1},
  pages={255--266},
  year={2017},
  publisher={JSTOR}
}
@article{evans2016matchmakers,
  title={Matchmakers: the new economics of multisided platforms},
  author={Evans, David S},
  journal={Harvard Business Review Press},
  year={2016}
}
@article{schreieck2024typology,
  title={A typology of multi-platform integration strategies},
  author={Schreieck, Maximilian and Ondrus, Jan and Wiesche, Manuel and Krcmar, Helmut},
  journal={Information Systems Journal},
  volume={34},
  number={3},
  pages={828--853},
  year={2024},
  publisher={Wiley Online Library}
}
@article{cao2024consequences,
  title={Consequences of information feed integration on user engagement and contribution: A natural experiment in an online knowledge-sharing community},
  author={Cao, Zike and Zhu, Yingpeng and Li, Gen and Qiu, Liangfei},
  journal={Information Systems Research},
  volume={35},
  number={3},
  pages={1114--1136},
  year={2024},
  publisher={INFORMS}
}
@article{pettigrew1997generalized,
  title={Generalized intergroup contact effects on prejudice},
  author={Pettigrew, Thomas F},
  journal={Personality and social psychology bulletin},
  volume={23},
  number={2},
  pages={173--185},
  year={1997},
  publisher={Sage Publications Sage CA: Thousand Oaks, CA}
}
@inproceedings{he2023flocking,
  title={Flocking to mastodon: Tracking the great twitter migration},
  author={He, Jiahui and Zia, Haris Bin and Castro, Ignacio and Raman, Aravindh and Sastry, Nishanth and Tyson, Gareth},
  booktitle={Proceedings of the 2023 ACM on Internet Measurement Conference},
  pages={111--123},
  year={2023}
}
@inproceedings{raman2019challenges,
  title={Challenges in the decentralised web: The mastodon case},
  author={Raman, Aravindh and Joglekar, Sagar and Cristofaro, Emiliano De and Sastry, Nishanth and Tyson, Gareth},
  booktitle={Proceedings of the internet measurement conference},
  pages={217--229},
  year={2019}
}
@article{teblunthuis2022no,
  title={No community can do everything: why people participate in similar online communities},
  author={TeBlunthuis, Nathan and Kiene, Charles and Brown, Isabella and Levi, Laura and McGinnis, Nicole and Hill, Benjamin Mako},
  journal={Proceedings of the ACM on Human-Computer Interaction},
  volume={6},
  number={CSCW1},
  pages={1--25},
  year={2022},
  publisher={ACM New York, NY, USA}
}
@inproceedings{la2022network,
  title={Network analysis of the information consumption-production dichotomy in mastodon user behaviors},
  author={La Cava, Lucio and Greco, Sergio and Tagarelli, Andrea},
  booktitle={Proceedings of the International AAAI Conference on Web and Social Media},
  volume={16},
  pages={1378--1382},
  year={2022}
}

@article{lee2011impact,
  title={The impact of online brand community type on consumer's community engagement behaviors: Consumer-created vs. marketer-created online brand community in online social-networking web sites},
  author={Lee, Doohwang and Kim, Hyuk Soo and Kim, Jung Kyu},
  journal={Cyberpsychology, Behavior, and Social Networking},
  volume={14},
  number={1-2},
  pages={59--63},
  year={2011},
  publisher={Mary Ann Liebert, Inc. 140 Huguenot Street, 3rd Floor New Rochelle, NY 10801 USA}
}
@article{ransbotham2011membership,
  title={Membership turnover and collaboration success in online communities: Explaining rises and falls from grace in Wikipedia},
  author={Ransbotham, Sam and Kane, Gerald C},
  journal={MIS quarterly},
  pages={613--627},
  year={2011},
  publisher={JSTOR}
}
@article{xia2024integrated,
  title={Integrated or Segregated? User Behavior Change after Cross-Party Interactions on Reddit},
  author={Xia, Yan and Monti, Corrado and Keller, Barbara and Kivel{\"a}, Mikko},
  journal={arXiv preprint arXiv:2410.04923},
  year={2024}
}
@article{di2024characterizing,
  title={Characterizing the Fragmentation of the Social Media Ecosystem},
  author={Di Martino, Edoardo and Galeazzi, Alessandro and Starnini, Michele and Quattrociocchi, Walter and Cinelli, Matteo},
  journal={arXiv preprint arXiv:2411.16826},
  year={2024}
}
@article{boyce2024interaction,
  title={Interaction structure constrains the emergence of conventions in group communication},
  author={Boyce, Veronica and Hawkins, Robert D and Goodman, Noah D and Frank, Michael C},
  journal={Proceedings of the National Academy of Sciences},
  volume={121},
  number={28},
  pages={e2403888121},
  year={2024},
  publisher={National Academy of Sciences}
}
@article{nudo2025niche,
  title={From Niche to Mainstream: Community Size and Engagement in Social Media Conversations},
  author={Nudo, Jacopo and Cinelli, Matteo and Baronchelli, Andrea and Quattrociocchi, Walter},
  journal={arXiv preprint arXiv:2501.12076},
  year={2025}
}

@inproceedings{belak2012cross,
  title={Cross-community influence in discussion fora},
  author={Bel{\'a}k, V{\'a}clav and Lam, Samantha and Hayes, Conor},
  booktitle={Proceedings of the International AAAI Conference on Web and Social Media},
  volume={6},
  number={1},
  pages={34--41},
  year={2012}
}
@article{ng2024smi,
  title={SMI-5: Five Dimensions of Social Media Interaction for Platform (De) Centralization},
  author={Ng, Lynnette Hui Xian and Phillips, Samantha C and Carley, Kathleen M},
  journal={arXiv preprint arXiv:2404.15509},
  year={2024}
}

@book{hewstone1986contact,
  title={Contact and conflict in intergroup encounters.},
  author={Hewstone, Miles Ed and Brown, Rupert Ed},
  year={1986},
  publisher={Basil Blackwell}
}
@inproceedings{logacheva2022paradetox,
  title={Paradetox: Detoxification with parallel data},
  author={Logacheva, Varvara and Dementieva, Daryna and Ustyantsev, Sergey and Moskovskiy, Daniil and Dale, David and Krotova, Irina and Semenov, Nikita and Panchenko, Alexander},
  booktitle={Proceedings of the 60th Annual Meeting of the Association for Computational Linguistics (Volume 1: Long Papers)},
  pages={6804--6818},
  year={2022}
}
@article{fiesler2020moving,
  title={Moving across lands: Online platform migration in fandom communities},
  author={Fiesler, Casey and Dym, Brianna},
  journal={Proceedings of the ACM on Human-Computer Interaction},
  volume={4},
  number={CSCW1},
  pages={1--25},
  year={2020},
  publisher={ACM New York, NY, USA}
}
@article{joulin2016bag,
  title={Bag of tricks for efficient text classification},
  author={Joulin, Armand and Grave, Edouard and Bojanowski, Piotr and Mikolov, Tomas},
  journal={arXiv preprint arXiv:1607.01759},
  year={2016}
}

@article{devito2021adaptive,
  title={Adaptive folk theorization as a path to algorithmic literacy on changing platforms},
  author={DeVito, Michael Ann},
  journal={Proceedings of the ACM on Human-Computer Interaction},
  volume={5},
  number={CSCW2},
  pages={1--38},
  year={2021},
  publisher={ACM New York, NY, USA}
}
@article{horta2021platform,
  title={Do platform migrations compromise content moderation? evidence from r/the\_donald and r/incels},
  author={Horta Ribeiro, Manoel and Jhaver, Shagun and Zannettou, Savvas and Blackburn, Jeremy and Stringhini, Gianluca and De Cristofaro, Emiliano and West, Robert},
  journal={Proceedings of the ACM on Human-Computer Interaction},
  volume={5},
  number={CSCW2},
  pages={1--24},
  year={2021},
  publisher={ACM New York, NY, USA}
}
@article{dornhaus2012group,
  title={Group size and its effects on collective organization},
  author={Dornhaus, Anna and Powell, Scott and Bengston, Sarah},
  journal={Annual review of entomology},
  volume={57},
  number={1},
  pages={123--141},
  year={2012},
  publisher={Annual Reviews}
}
@inproceedings{zhang2024emergence,
  title={The Emergence of Threads: The Birth of a New Social Network},
  author={Zhang, Peixian and He, Yupeng and Haq, Ehsan-Ul and He, Jiahui and Tyson, Gareth},
  booktitle={International Conference on Advances in Social Networks Analysis and Mining},
  pages={69--78},
  year={2024},
  organization={Springer}
}
@inproceedings{davies2021multi,
  title={Multi-scale user migration on reddit},
  author={Davies, Cai and Ashford, James and Espinosa-Anke, Luis and Preece, Alun and Turner, Liam and Whitaker, Roger and Srivatsa, Mudhakar and Felmlee, Diane},
  year={2021},
  organization={AAAI}
}
@article{arcila2024online,
  title={From online hate speech to offline hate crime: the role of inflammatory language in forecasting violence against migrant and LGBT communities},
  author={Arcila Calder{\'o}n, Carlos and S{\'a}nchez Holgado, Patricia and G{\'o}mez, Jes{\'u}s and Barbosa, Marcos and Qi, Haodong and Matilla, Alberto and Amado, Pilar and Guzm{\'a}n, Alejandro and L{\'o}pez-Mat{\'\i}as, Daniel and Fern{\'a}ndez-Villazala, Tom{\'a}s},
  journal={Humanities and Social Sciences Communications},
  volume={11},
  number={1},
  pages={1--14},
  year={2024},
  publisher={Palgrave}
}
@article{grootendorst2022bertopic,
  title={BERTopic: Neural topic modeling with a class-based TF-IDF procedure},
  author={Grootendorst, Maarten},
  journal={arXiv preprint arXiv:2203.05794},
  year={2022}
}
@article{rochet2003platform,
  title={Platform competition in two-sided markets},
  author={Rochet, Jean-Charles and Tirole, Jean},
  journal={Journal of the european economic association},
  volume={1},
  number={4},
  pages={990--1029},
  year={2003},
  publisher={Oxford University Press}
}
@article{dankulov2025multi,
  title={Multi-Platform Aggregated Dataset of Online Communities (MADOC)},
  author={Dankulov, Marija Mitrovi{\'c} and Toma{\v{s}}evi{\'c}, Aleksandar and Maleti{\'c}, Slobodan and An{\dj}elkovi{\'c}, Miroslav and Vrani{\'c}, Ana and Cvetkovi{\'c}, Darja and Stupovski, Boris and Vudragovi{\'c}, Du{\v{s}}an and Major, Sara and Bogojevi{\'c}, Aleksandar},
  journal={arXiv preprint arXiv:2501.12886},
  year={2025}
}
@article{schmidt2025concept,
  title={The Concept of Platform Federations--A Case Study of ChatGPT Browser Plugins},
  author={Schmidt, Rainer and Alt, Rainer and Zimmermann, Alfed},
  year={2025}
}
@article{tajfel1979integrative,
  title={An integrative theory of intergroup conflict},
  author={Tajfel, Henri and Turner, John C and Austin, William G and Worchel, Stephen},
  journal={Organizational identity: A reader},
  volume={56},
  number={65},
  pages={9780203505984--16},
  year={1979},
  publisher={Oxford University Press}
}

@article{banerjee2022situational,
  title={Situational ethnicity and identity negotiation:“indifference” as an identity negotiation mechanism},
  author={Banerjee, Madhumita and Shukla, Paurav and Ashill, Nicholas J},
  journal={International Marketing Review},
  volume={39},
  number={1},
  pages={55--79},
  year={2022},
  publisher={Emerald Publishing Limited}
}

@article{okamura1981situational,
  title={Situational ethnicity},
  author={Okamura, Jonathan Y},
  journal={Ethnic and racial studies},
  volume={4},
  number={4},
  pages={452--465},
  year={1981},
  publisher={Taylor \& Francis}
}



@inproceedings{newell2016user,
  title={User migration in online social networks: A case study on reddit during a period of community unrest},
  author={Newell, Edward and Jurgens, David and Saleem, Haji and Vala, Hardik and Sassine, Jad and Armstrong, Caitrin and Ruths, Derek},
  booktitle={Proceedings of the International AAAI Conference on Web and Social Media},
  volume={10},
  number={1},
  pages={279--288},
  year={2016}
}

@incollection{goniwada2024social,
  title={Social Media with Decentralized Identity},
  author={Goniwada, Shivakumar R},
  booktitle={Introduction to One Digital Identity: Strategies, Innovations, and Future Trends},
  pages={139--156},
  year={2024},
  publisher={Springer}
}
@article{oxford2024social,
  title={Social media fragmentation raises disinformation risks},
  author={Oxford Analytica},
  journal={Emerald Expert Briefings},
  number={oxan-db},
  year={2024},
  publisher={Oxford Analytica}
}
@inproceedings{agarwal2024decentralised,
  title={Decentralised Moderation for Interoperable Social Networks: A Conversation-based Approach for Pleroma and the Fediverse},
  author={Agarwal, Vibhor and Raman, Aravindh and Sastry, Nishanth and Abdelmoniem, Ahmed M and Tyson, Gareth and Castro, Ignacio},
  booktitle={Proceedings of the International AAAI Conference on Web and Social Media},
  volume={18},
  pages={2--14},
  year={2024}
}
@article{he2020deberta,
  title={Deberta: Decoding-enhanced bert with disentangled attention},
  author={He, Pengcheng and Liu, Xiaodong and Gao, Jianfeng and Chen, Weizhu},
  journal={arXiv preprint arXiv:2006.03654},
  year={2020}
}
@article{yang2021back,
  title={Back to reality: Leveraging pattern-driven modeling to enable affordable sentiment dependency learning},
  author={Yang, Heng and Zeng, Biqing and Xu, Mayi and Wang, Tianxing},
  journal={Preprint at https://arxiv. org/abs/2110.08604},
  year={2021}
}

@article{la2021understanding,
  title={Understanding the growth of the Fediverse through the lens of Mastodon},
  author={La Cava, Lucio and Greco, Sergio and Tagarelli, Andrea},
  journal={Applied network science},
  volume={6},
  pages={1--35},
  year={2021},
  publisher={Springer}
}