@article{Wei2024BUSNet, 
    title={Image as a Language: Revisiting Scene Text Recognition via Balanced, Unified and Synchronized Vision-Language Reasoning Network}, 
    volume={38}, 
    url={https://ojs.aaai.org/index.php/AAAI/article/view/28402}, 
    DOI={10.1609/aaai.v38i6.28402}, 
    number={6}, journal={Proceedings of the AAAI Conference on Artificial Intelligence}, 
    author={Wei, Jiajun and Zhan, Hongjian and Lu, Yue and Tu, Xiao and Yin, Bing and Liu, Cong and Pal, Umapada}, 
    year={2024}, 
    month={Mar.}, 
    pages={5885-5893} 
}


@article{gallego2020eventsurvey,
  title={Event-based vision: A survey},
  author={Gallego, Guillermo and Delbr{\"u}ck, Tobi and Orchard, Garrick and Bartolozzi, Chiara and Taba, Brian and Censi, Andrea and Leutenegger, Stefan and Davison, Andrew J and Conradt, J{\"o}rg and Daniilidis, Kostas and others},
  journal={IEEE transactions on pattern analysis and machine intelligence},
  volume={44},
  number={1},
  pages={154--180},
  year={2020},
  publisher={IEEE}
}


@article{li2023semantic,
title = {Semantic-aware frame-event fusion based pattern recognition via large visionâ€“language models},
journal = {Pattern Recognition},
volume = {158},
pages = {111080},
year = {2025},
issn = {0031-3203},
doi = {https://doi.org/10.1016/j.patcog.2024.111080},
author = {Dong Li and Jiandong Jin and Yuhao Zhang and Yanlin Zhong and Yaoyang Wu and Lan Chen and Xiao Wang and Bin Luo}
}


@article{wang2023MMPTMsurvey,
  title={Large-scale multi-modal pre-trained models: A comprehensive survey},
  author={Wang, Xiao and Chen, Guangyao and Qian, Guangwu and Gao, Pengcheng and Wei, Xiao-Yong and Wang, Yaowei and Tian, Yonghong and Gao, Wen},
  journal={Machine Intelligence Research},
  volume={20},
  number={4},
  pages={447--482},
  year={2023},
  publisher={Springer}
}

@article{long2021STRDsurvey,
  title={Scene text detection and recognition: The deep learning era},
  author={Long, Shangbang and He, Xin and Yao, Cong},
  journal={International Journal of Computer Vision},
  volume={129},
  number={1},
  pages={161--184},
  year={2021},
  publisher={Springer}
}



@article{wang2024mambaevt,
  title={MambaEVT: Event Stream based Visual Object Tracking using State Space Model},
  author={Wang, Xiao and Wang, Shiao and Wang, Xixi and Zhao, Zhicheng and Zhu, Lin and Jiang, Bo and others},
  journal={arXiv preprint arXiv:2408.10487},
  year={2024}
}

@article{li2022asyDET,
  title={Asynchronous spatio-temporal memory network for continuous event-based object detection},
  author={Li, Jianing and Li, Jia and Zhu, Lin and Xiang, Xijie and Huang, Tiejun and Tian, Yonghong},
  journal={IEEE Transactions on Image Processing},
  volume={31},
  pages={2975--2987},
  year={2022},
  publisher={IEEE}
}

@INPROCEEDINGS{Guan2023CCD,
  author={Guan, Tongkun and Shen, Wei and Yang, Xue and Feng, Qi and Jiang, Zekun and Yang, Xiaokang},
  booktitle={2023 IEEE/CVF International Conference on Computer Vision (ICCV)}, 
  title={Self-supervised Character-to-Character Distillation for Text Recognition}, 
  year={2023},
  volume={},
  number={},
  pages={19416-19427},
  keywords={Charge coupled devices;Representation learning;Image segmentation;Visualization;Text recognition;Superresolution;Self-supervised learning},
  doi={10.1109/ICCV51070.2023.01784}}

@inproceedings{zhao2024E2STR,
  title={Multi-modal In-Context Learning Makes an Ego-evolving Scene Text Recognizer},
  author={Zhao, Zhen and Tang, Jingqun and Lin, Chunhui and Wu, Binghong and Huang, Can and Liu, Hao and Tan, Xin and Zhang, Zhizhong and Xie, Yuan},
  booktitle={Proceedings of the IEEE/CVF Conference on Computer Vision and Pattern Recognition},
  pages={15567--15576},
  year={2024}
}

@inproceedings{guan2023SIGA,
  title={Self-supervised implicit glyph attention for text recognition},
  author={Guan, Tongkun and Gu, Chaochen and Tu, Jingzheng and Yang, Xue and Feng, Qi and Zhao, Yudi and Shen, Wei},
  booktitle={Proceedings of the IEEE/CVF Conference on Computer Vision and Pattern Recognition},
  pages={15285--15294},
  year={2023}
}

@article{zheng2024cdistnet,
  title={Cdistnet: Perceiving multi-domain character distance for robust text recognition},
  author={Zheng, Tianlun and Chen, Zhineng and Fang, Shancheng and Xie, Hongtao and Jiang, Yu-Gang},
  journal={International Journal of Computer Vision},
  volume={132},
  number={2},
  pages={300--318},
  year={2024},
  publisher={Springer}
}

@inproceedings{yang2022DiG,
  title={Reading and writing: Discriminative and generative modeling for self-supervised text recognition},
  author={Yang, Mingkun and Liao, Minghui and Lu, Pu and Wang, Jing and Zhu, Shenggao and Luo, Hualin and Tian, Qi and Bai, Xiang},
  booktitle={Proceedings of the 30th ACM International Conference on Multimedia},
  pages={4214--4223},
  year={2022}
}

@inproceedings{bautista2022PARseq,
  title={Scene text recognition with permuted autoregressive sequence models},
  author={Bautista, Darwin and Atienza, Rowel},
  booktitle={European conference on computer vision},
  pages={178--196},
  year={2022},
  organization={Springer}
}

@inproceedings{fang2021ABINet,
  title={Read like humans: Autonomous, bidirectional and iterative language modeling for scene text recognition},
  author={Fang, Shancheng and Xie, Hongtao and Wang, Yuxin and Mao, Zhendong and Zhang, Yongdong},
  booktitle={Proceedings of the IEEE/CVF conference on computer vision and pattern recognition},
  pages={7098--7107},
  year={2021}
}

@inproceedings{E2STR,
  title={Multi-modal In-Context Learning Makes an Ego-evolving Scene Text Recognizer},
  author={Zhao, Zhen and Tang, Jingqun and Lin, Chunhui and Wu, Binghong and Huang, Can and Liu, Hao and Tan, Xin and Zhang, Zhizhong and Xie, Yuan},
  booktitle={Proceedings of the IEEE/CVF Conference on Computer Vision and Pattern Recognition},
  pages={15567--15576},
  year={2024}
}

@inproceedings{MAERec,
  title={Revisiting scene text recognition: A data perspective},
  author={Jiang, Qing and Wang, Jiapeng and Peng, Dezhi and Liu, Chongyu and Jin, Lianwen},
  booktitle={Proceedings of the IEEE/CVF international conference on computer vision},
  pages={20543--20554},
  year={2023}
}
@article{LPV,
  title={Linguistic more: Taking a further step toward efficient and accurate scene text recognition},
  author={Zhang, Boqiang and Xie, Hongtao and Wang, Yuxin and Xu, Jianjun and Zhang, Yongdong},
  journal={arXiv preprint arXiv:2305.05140},
  year={2023}
}

@article{zheng2023tps++,
  title={Tps++: Attention-enhanced thin-plate spline for scene text recognition},
  author={Zheng, Tianlun and Chen, Zhineng and Bai, Jinfeng and Xie, Hongtao and Jiang, Yu-Gang},
  journal={arXiv preprint arXiv:2305.05322},
  year={2023}
}
@inproceedings{da2022levocr,
  title={Levenshtein ocr},
  author={Da, Cheng and Wang, Peng and Yao, Cong},
  booktitle={European Conference on Computer Vision},
  pages={322--338},
  year={2022},
  organization={Springer}
}
@inproceedings{na2022matrn,
  title={Multi-modal text recognition networks: Interactive enhancements between visual and semantic features},
  author={Na, Byeonghu and Kim, Yoonsik and Park, Sungrae},
  booktitle={European Conference on Computer Vision},
  pages={446--463},
  year={2022},
  organization={Springer}
}
@inproceedings{xie2022CornerTransformer,
  title={Toward understanding wordart: Corner-guided transformer for scene text recognition},
  author={Xie, Xudong and Fu, Ling and Zhang, Zhifei and Wang, Zhaowen and Bai, Xiang},
  booktitle={European conference on computer vision},
  pages={303--321},
  year={2022},
  organization={Springer}
}
@article{wei2024OCR2.0,
  title={General ocr theory: Towards ocr-2.0 via a unified end-to-end model},
  author={Wei, Haoran and Liu, Chenglong and Chen, Jinyue and Wang, Jia and Kong, Lingyu and Xu, Yanming and Ge, Zheng and Zhao, Liang and Sun, Jianjian and Peng, Yuang and others},
  journal={arXiv preprint arXiv:2409.01704},
  year={2024}
}
@inproceedings{cheng2023lister,
  title={LISTER: Neighbor decoding for length-insensitive scene text recognition},
  author={Cheng, Changxu and Wang, Peng and Da, Cheng and Zheng, Qi and Yao, Cong},
  booktitle={Proceedings of the IEEE/CVF International Conference on Computer Vision},
  pages={19541--19551},
  year={2023}
}
@article{jaderberg2014MJ,
  title={Synthetic data and artificial neural networks for natural scene text recognition},
  author={Jaderberg, Max and Simonyan, Karen and Vedaldi, Andrea and Zisserman, Andrew},
  journal={arXiv preprint arXiv:1406.2227},
  year={2014}
}
@inproceedings{gupta2016ST,
  title={Synthetic data for text localisation in natural images},
  author={Gupta, Ankush and Vedaldi, Andrea and Zisserman, Andrew},
  booktitle={Proceedings of the IEEE conference on computer vision and pattern recognition},
  pages={2315--2324},
  year={2016}
}
@inproceedings{mishra2012III5k,
  title={Scene text recognition using higher order language priors},
  author={Mishra, Anand and Alahari, Karteek and Jawahar, CV},
  booktitle={BMVC-British machine vision conference},
  year={2012},
  organization={BMVA}
}
@inproceedings{wang2011SVT,
  title={End-to-end scene text recognition},
  author={Wang, Kai and Babenko, Boris and Belongie, Serge},
  booktitle={2011 International conference on computer vision},
  pages={1457--1464},
  year={2011},
  organization={IEEE}
}
@inproceedings{karatzas2013icdar,
  title={ICDAR 2013 robust reading competition},
  author={Karatzas, Dimosthenis and Shafait, Faisal and Uchida, Seiichi and Iwamura, Masakazu and i Bigorda, Lluis Gomez and Mestre, Sergi Robles and Mas, Joan and Mota, David Fernandez and Almazan, Jon Almazan and De Las Heras, Lluis Pere},
  booktitle={2013 12th international conference on document analysis and recognition},
  pages={1484--1493},
  year={2013},
  organization={IEEE}
}
@inproceedings{karatzas2015icdar,
  title={ICDAR 2015 competition on robust reading},
  author={Karatzas, Dimosthenis and Gomez-Bigorda, Lluis and Nicolaou, Anguelos and Ghosh, Suman and Bagdanov, Andrew and Iwamura, Masakazu and Matas, Jiri and Neumann, Lukas and Chandrasekhar, Vijay Ramaseshan and Lu, Shijian and others},
  booktitle={2015 13th international conference on document analysis and recognition (ICDAR)},
  pages={1156--1160},
  year={2015},
  organization={IEEE}
}
@inproceedings{phan2013svtp,
  title={Recognizing text with perspective distortion in natural scenes},
  author={Phan, Trung Quy and Shivakumara, Palaiahnakote and Tian, Shangxuan and Tan, Chew Lim},
  booktitle={Proceedings of the IEEE international conference on computer vision},
  pages={569--576},
  year={2013}
}
@article{risnumawan2014cute,
  title={A robust arbitrary text detection system for natural scene images},
  author={Risnumawan, Anhar and Shivakumara, Palaiahankote and Chan, Chee Seng and Tan, Chew Lim},
  journal={Expert Systems with Applications},
  volume={41},
  number={18},
  pages={8027--8048},
  year={2014},
  publisher={Elsevier}
}
@article{veit2016coco,
  title={Coco-text: Dataset and benchmark for text detection and recognition in natural images},
  author={Veit, Andreas and Matera, Tomas and Neumann, Lukas and Matas, Jiri and Belongie, Serge},
  journal={arXiv preprint arXiv:1601.07140},
  year={2016}
}
@inproceedings{zhang2017uber,
  title={Uber-text: A large-scale dataset for optical character recognition from street-level imagery},
  author={Zhang, Ying and Gueguen, Lionel and Zharkov, Ilya and Zhang, Peter and Seifert, Keith and Kadlec, Ben},
  booktitle={SUNw: Scene Understanding Workshop-CVPR},
  volume={2017},
  pages={5},
  year={2017}
}
@inproceedings{chng2019ArT,
  title={Icdar2019 robust reading challenge on arbitrary-shaped text-rrc-art},
  author={Chng, Chee Kheng and Liu, Yuliang and Sun, Yipeng and Ng, Chun Chet and Luo, Canjie and Ni, Zihan and Fang, ChuanMing and Zhang, Shuaitao and Han, Junyu and Ding, Errui and others},
  booktitle={2019 International Conference on Document Analysis and Recognition (ICDAR)},
  pages={1571--1576},
  year={2019},
  organization={IEEE}
}
@inproceedings{zhang2019ReCTS,
  title={Icdar 2019 robust reading challenge on reading chinese text on signboard},
  author={Zhang, Rui and Zhou, Yongsheng and Jiang, Qianyi and Song, Qi and Li, Nan and Zhou, Kai and Wang, Lei and Wang, Dong and Liao, Minghui and Yang, Mingkun and others},
  booktitle={2019 international conference on document analysis and recognition (ICDAR)},
  pages={1577--1581},
  year={2019},
  organization={IEEE}
}
@inproceedings{sun2019LSVT,
  title={ICDAR 2019 competition on large-scale street view text with partial labeling-RRC-LSVT},
  author={Sun, Yipeng and Ni, Zihan and Chng, Chee-Kheng and Liu, Yuliang and Luo, Canjie and Ng, Chun Chet and Han, Junyu and Ding, Errui and Liu, Jingtuo and Karatzas, Dimosthenis and others},
  booktitle={2019 International Conference on Document Analysis and Recognition (ICDAR)},
  pages={1557--1562},
  year={2019},
  organization={IEEE}
}
@inproceedings{nayef2019MLT19,
  title={Icdar2019 robust reading challenge on multi-lingual scene text detection and recognitionâ€”rrc-mlt-2019},
  author={Nayef, Nibal and Patel, Yash and Busta, Michal and Chowdhury, Pinaki Nath and Karatzas, Dimosthenis and Khlif, Wafa and Matas, Jiri and Pal, Umapada and Burie, Jean-Christophe and Liu, Cheng-lin and others},
  booktitle={2019 International conference on document analysis and recognition (ICDAR)},
  pages={1582--1587},
  year={2019},
  organization={IEEE}
}
@inproceedings{shi2017RCYW17,
  title={Icdar2017 competition on reading chinese text in the wild (rctw-17)},
  author={Shi, Baoguang and Yao, Cong and Liao, Minghui and Yang, Mingkun and Xu, Pei and Cui, Linyan and Belongie, Serge and Lu, Shijian and Bai, Xiang},
  booktitle={2017 14th iapr international conference on document analysis and recognition (ICDAR)},
  volume={1},
  pages={1429--1434},
  year={2017},
  organization={IEEE}
}
@inproceedings{singh2021textocr,
  title={Textocr: Towards large-scale end-to-end reasoning for arbitrary-shaped scene text},
  author={Singh, Amanpreet and Pang, Guan and Toh, Mandy and Huang, Jing and Galuba, Wojciech and Hassner, Tal},
  booktitle={Proceedings of the IEEE/CVF conference on computer vision and pattern recognition},
  pages={8802--8812},
  year={2021}
}
@inproceedings{krylov2021openvino,
  title={Open images v5 text annotation and yet another mask text spotter},
  author={Krylov, Ilya and Nosov, Sergei and Sovrasov, Vladislav},
  booktitle={Asian Conference on Machine Learning},
  pages={379--389},
  year={2021},
  organization={PMLR}
}
@article{ye2023ureader,
  title={Ureader: Universal ocr-free visually-situated language understanding with multimodal large language model},
  author={Ye, Jiabo and Hu, Anwen and Xu, Haiyang and Ye, Qinghao and Yan, Ming and Xu, Guohai and Li, Chenliang and Tian, Junfeng and Qian, Qi and Zhang, Ji and others},
  journal={arXiv preprint arXiv:2310.05126},
  year={2023}
}

@inproceedings{rebecq2018esim,
  title={ESIM: an open event camera simulator},
  author={Rebecq, Henri and Gehrig, Daniel and Scaramuzza, Davide},
  booktitle={Conference on robot learning},
  pages={969--982},
  year={2018},
  organization={PMLR}
}

@inproceedings{wang2024hardvs,
  title={Hardvs: Revisiting human activity recognition with dynamic vision sensors},
  author={Wang, Xiao and Wu, Zongzhen and Jiang, Bo and Bao, Zhimin and Zhu, Lin and Li, Guoqi and Wang, Yaowei and Tian, Yonghong},
  booktitle={Proceedings of the AAAI Conference on Artificial Intelligence},
  volume={38},
  number={6},
  pages={5615--5623},
  year={2024}
}
@inproceedings{wang2024eventvot,
  title={Event stream-based visual object tracking: A high-resolution benchmark dataset and a novel baseline},
  author={Wang, Xiao and Wang, Shiao and Tang, Chuanming and Zhu, Lin and Jiang, Bo and Tian, Yonghong and Tang, Jin},
  booktitle={Proceedings of the IEEE/CVF Conference on Computer Vision and Pattern Recognition},
  pages={19248--19257},
  year={2024}
}
@inproceedings{wang2022mgpstr,
  title={Multi-granularity prediction for scene text recognition},
  author={Wang, Peng and Da, Cheng and Yao, Cong},
  booktitle={European Conference on Computer Vision},
  pages={339--355},
  year={2022},
  organization={Springer}
}
@article{sun2023eva,
  title={Eva-clip: Improved training techniques for clip at scale},
  author={Sun, Quan and Fang, Yuxin and Wu, Ledell and Wang, Xinlong and Cao, Yue},
  journal={arXiv preprint arXiv:2303.15389},
  year={2023}
}
@article{schuhmann2021laion,
  title={Laion-400m: Open dataset of clip-filtered 400 million image-text pairs},
  author={Schuhmann, Christoph and Vencu, Richard and Beaumont, Romain and Kaczmarczyk, Robert and Mullis, Clayton and Katta, Aarush and Coombes, Theo and Jitsev, Jenia and Komatsuzaki, Aran},
  journal={arXiv preprint arXiv:2111.02114},
  year={2021}
}
@inproceedings{hu2024bliva,
  title={Bliva: A simple multimodal llm for better handling of text-rich visual questions},
  author={Hu, Wenbo and Xu, Yifan and Li, Yi and Li, Weiyue and Chen, Zeyuan and Tu, Zhuowen},
  booktitle={Proceedings of the AAAI Conference on Artificial Intelligence},
  volume={38},
  number={3},
  pages={2256--2264},
  year={2024}
}
@article{loshchilov2017AdamW,
  title={Decoupled weight decay regularization},
  author={Loshchilov, I},
  journal={arXiv preprint arXiv:1711.05101},
  year={2017}
}
@inproceedings{gehrig2023RVTs,
  title={Recurrent vision transformers for object detection with event cameras},
  author={Gehrig, Mathias and Scaramuzza, Davide},
  booktitle={Proceedings of the IEEE/CVF conference on computer vision and pattern recognition},
  pages={13884--13893},
  year={2023}
}
@inproceedings{zheng2023mrn,
  title={Mrn: Multiplexed routing network for incremental multilingual text recognition},
  author={Zheng, Tianlun and Chen, Zhineng and Huang, Bingchen and Zhang, Wei and Jiang, Yu-Gang},
  booktitle={Proceedings of the IEEE/CVF International Conference on Computer Vision},
  pages={18644--18653},
  year={2023}
}
@inproceedings{wang2011end,
  title={End-to-end scene text recognition},
  author={Wang, Kai and Babenko, Boris and Belongie, Serge},
  booktitle={2011 International conference on computer vision},
  pages={1457--1464},
  year={2011},
  organization={IEEE}
}
@inproceedings{liao2019scene,
  title={Scene text recognition from two-dimensional perspective},
  author={Liao, Minghui and Zhang, Jian and Wan, Zhaoyi and Xie, Fengming and Liang, Jiajun and Lyu, Pengyuan and Yao, Cong and Bai, Xiang},
  booktitle={Proceedings of the AAAI conference on artificial intelligence},
  volume={33},
  number={01},
  pages={8714--8721},
  year={2019}
}
@article{shi2016end,
  title={An end-to-end trainable neural network for image-based sequence recognition and its application to scene text recognition},
  author={Shi, Baoguang and Bai, Xiang and Yao, Cong},
  journal={IEEE transactions on pattern analysis and machine intelligence},
  volume={39},
  number={11},
  pages={2298--2304},
  year={2016},
  publisher={IEEE}
}
@article{zhao2023survey,
  title={A survey of large language models},
  author={Zhao, Wayne Xin and Zhou, Kun and Li, Junyi and Tang, Tianyi and Wang, Xiaolei and Hou, Yupeng and Min, Yingqian and Zhang, Beichen and Zhang, Junjie and Dong, Zican and others},
  journal={arXiv preprint arXiv:2303.18223},
  year={2023}
}
@article{liu2024textmonkey,
  title={Textmonkey: An ocr-free large multimodal model for understanding document},
  author={Liu, Yuliang and Yang, Biao and Liu, Qiang and Li, Zhang and Ma, Zhiyin and Zhang, Shuo and Bai, Xiang},
  journal={arXiv preprint arXiv:2403.04473},
  year={2024}
}
@article{feng2023docpedia,
  title={Docpedia: Unleashing the power of large multimodal model in the frequency domain for versatile document understanding},
  author={Feng, Hao and Liu, Qi and Liu, Hao and Zhou, Wengang and Li, Houqiang and Huang, Can},
  journal={arXiv preprint arXiv:2311.11810},
  year={2023}
}
@inproceedings{wei2025vary,
  title={Vary: Scaling up the vision vocabulary for large vision-language model},
  author={Wei, Haoran and Kong, Lingyu and Chen, Jinyue and Zhao, Liang and Ge, Zheng and Yang, Jinrong and Sun, Jianjian and Han, Chunrui and Zhang, Xiangyu},
  booktitle={European Conference on Computer Vision},
  pages={408--424},
  year={2025},
  organization={Springer}
}
@article{liu2024focus,
  title={Focus Anywhere for Fine-grained Multi-page Document Understanding},
  author={Liu, Chenglong and Wei, Haoran and Chen, Jinyue and Kong, Lingyu and Ge, Zheng and Zhu, Zining and Zhao, Liang and Sun, Jianjian and Han, Chunrui and Zhang, Xiangyu},
  journal={arXiv preprint arXiv:2405.14295},
  year={2024}
}
@article{hu2024mplug,
  title={mplug-docowl 1.5: Unified structure learning for ocr-free document understanding},
  author={Hu, Anwen and Xu, Haiyang and Ye, Jiabo and Yan, Ming and Zhang, Liang and Zhang, Bo and Li, Chen and Zhang, Ji and Jin, Qin and Huang, Fei and others},
  journal={arXiv preprint arXiv:2403.12895},
  year={2024}
}
@article{li2024volter,
  title={VOLTER: Visual Collaboration and Dual-Stream Fusion for Scene Text Recognition},
  author={Li, Jia-Nan and Liu, Xiao-Qian and Luo, Xin and Xu, Xin-Shun},
  journal={IEEE Transactions on Multimedia},
  year={2024},
  publisher={IEEE}
}
@article{gallego2020event,
  title={Event-based vision: A survey},
  author={Gallego, Guillermo and Delbr{\"u}ck, Tobi and Orchard, Garrick and Bartolozzi, Chiara and Taba, Brian and Censi, Andrea and Leutenegger, Stefan and Davison, Andrew J and Conradt, J{\"o}rg and Daniilidis, Kostas and others},
  journal={IEEE transactions on pattern analysis and machine intelligence},
  volume={44},
  number={1},
  pages={154--180},
  year={2020},
  publisher={IEEE}
}



@article{jia2023eventSEG,
  title={Event-based semantic segmentation with posterior attention},
  author={Jia, Zexi and You, Kaichao and He, Weihua and Tian, Yang and Feng, Yongxiang and Wang, Yaoyuan and Jia, Xu and Lou, Yihang and Zhang, Jingyi and Li, Guoqi and others},
  journal={IEEE Transactions on Image Processing},
  volume={32},
  pages={1829--1842},
  year={2023},
  publisher={IEEE}
}

@article{touvron2023llama,
  title={Llama: Open and efficient foundation language models},
  author={Touvron, Hugo and Lavril, Thibaut and Izacard, Gautier and Martinet, Xavier and Lachaux, Marie-Anne and Lacroix, Timoth{\'e}e and Rozi{\`e}re, Baptiste and Goyal, Naman and Hambro, Eric and Azhar, Faisal and others},
  journal={arXiv preprint arXiv:2302.13971},
  year={2023}
}

@InProceedings{Gehrig_2020_CVPR,
  author = {Daniel Gehrig and Mathias Gehrig and Javier Hidalgo-Carri\'o and Davide Scaramuzza},
  title = {Video to Events: Recycling Video Datasets for Event Cameras},
  booktitle = {{IEEE} Conf. Comput. Vis. Pattern Recog. (CVPR)},
  month = {June},
  year = {2020}
}

@article{jiang2024evcslr,
  title={EvCSLR: Event-guided Continuous Sign Language Recognition and Benchmark},
  author={Jiang, Yu and Wang, Yuehang and Li, Siqi and Zhang, Yongji and Guo, Qianren and Chu, Qi and Gao, Yue},
  journal={IEEE Transactions on Multimedia},
  year={2024},
  publisher={IEEE}
}

@article{han2024spotlight,
  title={Spotlight text detector: Spotlight on candidate regions like a camera},
  author={Han, Xu and Gao, Junyu and Yang, Chuang and Yuan, Yuan and Wang, Qi},
  journal={IEEE Transactions on Multimedia},
  year={2024},
  publisher={IEEE}
}

@article{jiang2023masked,
  title={Masked autoencoders in 3d point cloud representation learning},
  author={Jiang, Jincen and Lu, Xuequan and Zhao, Lizhi and Dazaley, Richard and Wang, Meili},
  journal={IEEE Transactions on Multimedia},
  year={2023},
  publisher={IEEE}
}