% Journals

% First the Full Name is given, then the abbreviation used in the AMS Math
% Reviews, with an indication if it could not be found there.
% Note the 2nd overwrites the 1st, so swap them if you want the full name.

 %{AMS}
 @String{AMSTrans = "American Mathematical Society Translations" }
 @String{AMSTrans = "Amer. Math. Soc. Transl." }
 @String{BullAMS = "Bulletin of the American Mathematical Society" }
 @String{BullAMS = "Bull. Amer. Math. Soc." }
 @String{ProcAMS = "Proceedings of the American Mathematical Society" }
 @String{ProcAMS = "Proc. Amer. Math. Soc." }
 @String{TransAMS = "Transactions of the American Mathematical Society" }
 @String{TransAMS = "Trans. Amer. Math. Soc." }

 %ACM
 @String{CACM = "Communications of the {ACM}" }
 @String{CACM = "Commun. {ACM}" }
 @String{CompServ = "Comput. Surveys" }
 @String{JACM = "J. ACM" }
 @String{ACMMathSoft = "{ACM} Transactions on Mathematical Software" }
 @String{ACMMathSoft = "{ACM} Trans. Math. Software" }
 @String{SIGNUM = "{ACM} {SIGNUM} Newsletter" }
 @String{SIGNUM = "{ACM} {SIGNUM} Newslett." }

 @String{AmerSocio = "American Journal of Sociology" }
 @String{AmerStatAssoc = "Journal of the American Statistical Association" }
 @String{AmerStatAssoc = "J. Amer. Statist. Assoc." }
 @String{ApplMathComp = "Applied Mathematics and Computation" }
 @String{ApplMathComp = "Appl. Math. Comput." }
 @String{AmerMathMonthly = "American Mathematical Monthly" }
 @String{AmerMathMonthly = "Amer. Math. Monthly" }
 @String{BIT = "{BIT}" }
 @String{BritStatPsych = "British Journal of Mathematical and Statistical
          Psychology" }
 @String{BritStatPsych = "Brit. J. Math. Statist. Psych." }
 @String{CanMathBull = "Canadian Mathematical Bulletin" }
 @String{CanMathBull = "Canad. Math. Bull." }
 @String{CompApplMath = "Journal of Computational and Applied Mathematics" }
 @String{CompApplMath = "J. Comput. Appl. Math." }
 @String{CompPhys = "Journal of Computational Physics" }
 @String{CompPhys = "J. Comput. Phys." }
 @String{CompStruct = "Computers and Structures" }
 @String{CompStruct = "Comput. \& Structures" }
 @String{CompJour = "The Computer Journal" }
 @String{CompJour = "Comput. J." }
 @String{CompSysSci = "Journal of Computer and System Sciences" }
 @String{CompSysSci = "J. Comput. System Sci." }
 @String{Computing = "Computing" }
 @String{ContempMath = "Contemporary Mathematics" }
 @String{ContempMath = "Contemp. Math." }
 @String{Crelle = "Crelle's Journal" }
 @String{GiornaleMath = "Giornale di Mathematiche" }
 @String{GiornaleMath = "Giorn. Mat." } % didn't find in AMS MR., ibid.

 %IEEE
 @String{Computer = "{IEEE} Computer" }
 @String{IEEETransComp = "{IEEE} Transactions on Computers" }
 @String{IEEETransComp = "{IEEE} Trans. Comput." }
 @String{IEEETransAC = "{IEEE} Transactions on Automatic Control" }
 @String{IEEETransAC = "{IEEE} Trans. Automat. Control" }
 @String{IEEESpec = "{IEEE} Spectrum" } % didn't find in AMS MR
 @String{ProcIEEE = "Proceedings of the {IEEE}" }
 @String{ProcIEEE = "Proc. {IEEE}" } % didn't find in AMS MR
 @String{IEEETransAeroElec = "{IEEE} Transactions on Aerospace and Electronic
     Systems" }
 @String{IEEETransAeroElec = "{IEEE} Trans. Aerospace Electron. Systems" }

 @String{IMANumerAna = "{IMA} Journal of Numerical Analysis" }
 @String{IMANumerAna = "{IMA} J. Numer. Anal." }
 @String{InfProcLet = "Information Processing Letters" }
 @String{InfProcLet = "Inform. Process. Lett." }
 @String{InstMathApp = "Journal of the Institute of Mathematics and
     its Applications" }
 @String{InstMathApp = "J. Inst. Math. Appl." }
 @String{IntControl = "International Journal of Control" }
 @String{IntControl = "Internat. J. Control" }
 @String{IntNumerEng = "International Journal for Numerical Methods in
     Engineering" }
 @String{IntNumerEng = "Internat. J. Numer. Methods Engrg." }
 @String{IntSuper = "International Journal of Supercomputing Applications" }
 @String{IntSuper = "Internat. J. Supercomputing Applic." } % didn't find
%% in AMS MR
 @String{Kibernetika = "Kibernetika" }
 @String{JResNatBurStand = "Journal of Research of the National Bureau
     of Standards" }
 @String{JResNatBurStand = "J. Res. Nat. Bur. Standards" }
 @String{LinAlgApp = "Linear Algebra and its Applications" }
 @String{LinAlgApp = "Linear Algebra Appl." }
 @String{MathAnaAppl = "Journal of Mathematical Analysis and Applications" }
 @String{MathAnaAppl = "J. Math. Anal. Appl." }
 @String{MathAnnalen = "Mathematische Annalen" }
 @String{MathAnnalen = "Math. Ann." }
 @String{MathPhys = "Journal of Mathematical Physics" }
 @String{MathPhys = "J. Math. Phys." }
 @String{MathComp = "Mathematics of Computation" }
 @String{MathComp = "Math. Comp." }
 @String{MathScand = "Mathematica Scandinavica" }
 @String{MathScand = "Math. Scand." }
 @String{TablesAidsComp = "Mathematical Tables and Other Aids to Computation" }
 @String{TablesAidsComp = "Math. Tables Aids Comput." }
 @String{NumerMath = "Numerische Mathematik" }
 @String{NumerMath = "Numer. Math." }
 @String{PacificMath = "Pacific Journal of Mathematics" }
 @String{PacificMath = "Pacific J. Math." }
 @String{ParDistComp = "Journal of Parallel and Distributed Computing" }
 @String{ParDistComp = "J. Parallel and Distrib. Comput." } % didn't find
%% in AMS MR
 @String{ParComputing = "Parallel Computing" }
 @String{ParComputing = "Parallel Comput." }
 @String{PhilMag = "Philosophical Magazine" }
 @String{PhilMag = "Philos. Mag." }
 @String{ProcNAS = "Proceedings of the National Academy of Sciences
                    of the USA" }
 @String{ProcNAS = "Proc. Nat. Acad. Sci. U. S. A." }
 @String{Psychometrika = "Psychometrika" }
 @String{QuartMath = "Quarterly Journal of Mathematics, Oxford, Series (2)" }
 @String{QuartMath = "Quart. J. Math. Oxford Ser. (2)" }
 @String{QuartApplMath = "Quarterly of Applied Mathematics" }
 @String{QuartApplMath = "Quart. Appl. Math." }
 @String{RevueInstStat = "Review of the International Statisical Institute" }
 @String{RevueInstStat = "Rev. Inst. Internat. Statist." }

 %SIAM
 @String{JSIAM = "Journal of the Society for Industrial and Applied
     Mathematics" }
 @String{JSIAM = "J. Soc. Indust. Appl. Math." }
 @String{JSIAMB = "Journal of the Society for Industrial and Applied
     Mathematics, Series B, Numerical Analysis" }
 @String{JSIAMB = "J. Soc. Indust. Appl. Math. Ser. B Numer. Anal." }
 @String{SIAMAlgMeth = "{SIAM} Journal on Algebraic and Discrete Methods" }
 @String{SIAMAlgMeth = "{SIAM} J. Algebraic Discrete Methods" }
 @String{SIAMAppMath = "{SIAM} Journal on Applied Mathematics" }
 @String{SIAMAppMath = "{SIAM} J. Appl. Math." }
 @String{SIAMComp = "{SIAM} Journal on Computing" }
 @String{SIAMComp = "{SIAM} J. Comput." }
 @String{SIAMMatrix = "{SIAM} Journal on Matrix Analysis and Applications" }
 @String{SIAMMatrix = "{SIAM} J. Matrix Anal. Appl." }
 @String{SIAMNumAnal = "{SIAM} Journal on Numerical Analysis" }
 @String{SIAMNumAnal = "{SIAM} J. Numer. Anal." }
 @String{SIAMReview = "{SIAM} Review" }
 @String{SIAMReview = "{SIAM} Rev." }
 @String{SIAMSciStat = "{SIAM} Journal on Scientific and Statistical
     Computing" }
 @String{SIAMSciStat = "{SIAM} J. Sci. Statist. Comput." }

 @String{SoftPracExp = "Software Practice and Experience" }
 @String{SoftPracExp = "Software Prac. Experience" } % didn't find in AMS MR
 @String{StatScience = "Statistical Science" }
 @String{StatScience = "Statist. Sci." }
 @String{Techno = "Technometrics" }
 @String{USSRCompMathPhys = "{USSR} Computational Mathematics and Mathematical
     Physics" }
 @String{USSRCompMathPhys = "{U. S. S. R.} Comput. Math. and Math. Phys." }
 @String{VLSICompSys = "Journal of {VLSI} and Computer Systems" }
 @String{VLSICompSys = "J. {VLSI} Comput. Syst." }
 @String{ZAngewMathMech = "Zeitschrift fur Angewandte Mathematik und
     Mechanik" }
 @String{ZAngewMathMech = "Z. Angew. Math. Mech." }
 @String{ZAngewMathPhys = "Zeitschrift fur Angewandte Mathematik und Physik" }
 @String{ZAngewMathPhys = "Z. Angew. Math. Phys." }

% Publishers % ================================================= |

 @String{Academic = "Academic Press" }
 @String{ACMPress = "{ACM} Press" }
 @String{AdamHilger = "Adam Hilger" }
 @String{AddisonWesley = "Addison-Wesley" }
 @String{AllynBacon = "Allyn and Bacon" }
 @String{AMS = "American Mathematical Society" }
 @String{Birkhauser = "Birkha{\"u}ser" }
 @String{CambridgePress = "Cambridge University Press" }
 @String{Chelsea = "Chelsea" }
 @String{ClaredonPress = "Claredon Press" }
 @String{DoverPub = "Dover Publications" }
 @String{Eyolles = "Eyolles" }
 @String{HoltRinehartWinston = "Holt, Rinehart and Winston" }
 @String{Interscience = "Interscience" }
 @String{JohnsHopkinsPress = "The Johns Hopkins University Press" }
 @String{JohnWileySons = "John Wiley and Sons" }
 @String{Macmillan = "Macmillan" }
 @String{MathWorks = "The Math Works Inc." }
 @String{McGrawHill = "McGraw-Hill" }
 @String{NatBurStd = "National Bureau of Standards" }
 @String{NorthHolland = "North-Holland" }
 @String{OxfordPress = "Oxford University Press" }  %address Oxford or London?
 @String{PergamonPress = "Pergamon Press" }
 @String{PlenumPress = "Plenum Press" }
 @String{PrenticeHall = "Prentice-Hall" }
 @String{SIAMPub = "{SIAM} Publications" }
 @String{Springer = "Springer-Verlag" }
 @String{TexasPress = "University of Texas Press" }
 @String{VanNostrand = "Van Nostrand" }
 @String{WHFreeman = "W. H. Freeman and Co." }

%Entries

@misc{DOE_goal,
  title = {The USDOE Exascale Computing Project–Goals and Challenges.},
  author = {Paul Messina},
  year = {2017},
}
@misc{AMD_uncore,
  title = {5TH GEN AMD EPYC™ PROCESSOR ARCHITECTURE},
  author = {AMD},
  howpublished={\url{"https://www.amd.com/content/dam/amd/en/documents/epyc-business-docs/white-papers/5th-gen-amd-epyc-processor-architecture-white-paper.pdf"}},
  year = {2024},
}

@misc{ARM_uncore,
  title = {Add an uncore peripheral to Streamline},
  author = {ARM},
  howpublished={\url{"https://developer.arm.com/documentation/101814/0904/Customize-your-Streamline-report/Add-an-uncore-peripheral-to-Streamline"}},
  year = {2024},
}



@inproceedings{wu2020toward,
  title={Toward an end-to-end auto-tuning framework in HPC PowerStack},
  author={Wu, Xingfu and Marathe, Aniruddha and Jana, Siddhartha and Vysocky, Ondrej and John, Jophin and Bartolini, Andrea and Riha, Lubomir and Gerndt, Michael and Taylor, Valerie and Bhalachandra, Sridutt},
  booktitle={2020 IEEE International Conference on Cluster Computing (CLUSTER)},
  pages={473--483},
  year={2020},
  organization={IEEE}
}

@inproceedings{ding2023dps,
  title={DPS: Adaptive Power Management for Overprovisioned Systems},
  author={Ding, Jianru and Hoffmann, Henry},
  booktitle={Proceedings of the International Conference for High Performance Computing, Networking, Storage and Analysis},
  pages={1--14},
  year={2023}
}

@inproceedings{gholkar2019uncore,
  title={Uncore power scavenger: A runtime for uncore power conservation on hpc systems},
  author={Gholkar, Neha and Mueller, Frank and Rountree, Barry},
  booktitle={Proceedings of the International Conference for High Performance Computing, Networking, Storage and Analysis},
  pages={1--23},
  year={2019}
}

@inproceedings{ali2023performance,
  title={Performance-aware energy-efficient GPU frequency selection using DNN-based models},
  author={Ali, Ghazanfar and Side, Mert and Bhalachandra, Sridutt and Wright, Nicholas J and Chen, Yong},
  booktitle={Proceedings of the 52nd International Conference on Parallel Processing},
  pages={433--442},
  year={2023}
}

@inproceedings{david2010rapl,
  title={RAPL: Memory power estimation and capping},
  author={David, Howard and Gorbatov, Eugene and Hanebutte, Ulf R and Khanna, Rahul and Le, Christian},
  booktitle={Proceedings of the 16th ACM/IEEE international symposium on Low power electronics and design},
  pages={189--194},
  year={2010}
}

@misc{cpupower_linux,
  author = {Linux},
  title ={{cpupower}},
  howpublished={\url{"https://linux.die.net/man/1/cpupower"}},
  year = {2025}
}


@misc{NVML,
  author = {Nvidia},
  title ={{NVML}},
  howpublished={\url{"https://developer.nvidia.com/management-library-nvml"}},
  year = {2025}
}

@misc{AMD,
  author = {AMD},
  title ={AMD_ROC},
  howpublished={\url{"https://rocm.docs.amd.com/projects/amdsmi/en/latest/"}},
  year = {2025}
}

@misc{Aurora,
  author = {Argonne National Laboratory},
  title ={Aurora},
  howpublished={\url{"https://www.alcf.anl.gov/aurora"}},
  year = {2025}
}





@misc{PCM,
  author = {Intel},
  title ={{Intel Performance Counter Monitor}},
  howpublished={\url{"https://www.intel.com/content/www/us/en/developer/articles/tool/performance-counter-monitor.html"}},
  year = {2024}
}

@misc{Nvidia_nsight,
  author = {Nvidia},
  title ={{Nvidia Systems}},
  howpublished={\url{"https://developer.nvidia.com/nsight-systems"}},
  year = {2024}
}


@misc{uprof,
  author = {AMD},
  title ={{AMD uProf}},
  howpublished={\url{"https://www.amd.com/en/developer/uprof.html"}},
  year = {2024}
}

@inproceedings{hu2020altis,
  title={Altis: Modernizing gpgpu benchmarks},
  author={Hu, Bodun and Rossbach, Christopher J},
  booktitle={2020 IEEE International Symposium on Performance Analysis of Systems and Software (ISPASS)},
  pages={1--11},
  year={2020},
  organization={IEEE}
}

@article{benchmarks2006parallel,
  title={NAS Parallel Benchmarks},
  author={Benchmarks, NAS Parallel},
  journal={CG and IS},
  year={2006}
}

@inproceedings{wallace2016data,
  title={A data driven scheduling approach for power management on hpc systems},
  author={Wallace, Sean and Yang, Xu and Vishwanath, Venkatram and Allcock, William E and Coghlan, Susan and Papka, Michael E and Lan, Zhiling},
  booktitle={SC'16: Proceedings of the International Conference for High Performance Computing, Networking, Storage and Analysis},
  pages={656--666},
  year={2016},
  organization={IEEE}
}

@inproceedings{ge2005performance,
  title={Performance-constrained distributed dvs scheduling for scientific applications on power-aware clusters},
  author={Ge, Rong and Feng, Xizhou and Cameron, Kirk W},
  booktitle={SC'05: Proceedings of the 2005 ACM/IEEE Conference on Supercomputing},
  pages={34--34},
  year={2005},
  organization={IEEE}
}

@inproceedings{rountree2009adagio,
  title={Adagio: making DVS practical for complex HPC applications},
  author={Rountree, Barry and Lownenthal, David K and De Supinski, Bronis R and Schulz, Martin and Freeh, Vincent W and Bletsch, Tyler},
  booktitle={Proceedings of the 23rd international conference on Supercomputing},
  pages={460--469},
  year={2009}
}

@inproceedings{patki2013exploring,
  title={Exploring hardware overprovisioning in power-constrained, high performance computing},
  author={Patki, Tapasya and Lowenthal, David K and Rountree, Barry and Schulz, Martin and De Supinski, Bronis R},
  booktitle={Proceedings of the 27th international ACM conference on International conference on supercomputing},
  pages={173--182},
  year={2013}
}

@inproceedings{sarood2013optimizing,
  title={Optimizing power allocation to CPU and memory subsystems in overprovisioned HPC systems},
  author={Sarood, Osman and Langer, Akhil and Kal{\'e}, Laxmikant and Rountree, Barry and De Supinski, Bronis},
  booktitle={2013 IEEE International Conference on Cluster Computing (CLUSTER)},
  pages={1--8},
  year={2013},
  organization={IEEE}
}

@article{EDP,
  title={Energy delay product},
  author={Laros III, James H and Pedretti, Kevin and Kelly, Suzanne M and Shu, Wei and Ferreira, Kurt and Van Dyke, John and Vaughan, Courtenay and Laros III, James H and Pedretti, Kevin and Kelly, Suzanne M and others},
  journal={Energy-Efficient High Performance Computing: Measurement and Tuning},
  pages={51--55},
  year={2013},
  publisher={Springer}
}

@inproceedings{rountree2012beyond,
  title={Beyond DVFS: A first look at performance under a hardware-enforced power bound},
  author={Rountree, Barry and Ahn, Dong H and De Supinski, Bronis R and Lowenthal, David K and Schulz, Martin},
  booktitle={2012 IEEE 26th International Parallel and Distributed Processing Symposium Workshops \& PhD Forum},
  pages={947--953},
  year={2012},
  organization={IEEE}
}

@inproceedings{wu2020toward,
  title={Toward an end-to-end auto-tuning framework in HPC PowerStack},
  author={Wu, Xingfu and Marathe, Aniruddha and Jana, Siddhartha and Vysocky, Ondrej and John, Jophin and Bartolini, Andrea and Riha, Lubomir and Gerndt, Michael and Taylor, Valerie and Bhalachandra, Sridutt},
  booktitle={2020 IEEE International Conference on Cluster Computing (CLUSTER)},
  pages={473--483},
  year={2020},
  organization={IEEE}
}




@inproceedings{sarood2014maximizing,
  title={Maximizing throughput of overprovisioned hpc data centers under a strict power budget},
  author={Sarood, Osman and Langer, Akhil and Gupta, Abhishek and Kale, Laxmikant},
  booktitle={SC'14: Proceedings of the International Conference for High Performance Computing, Networking, Storage and Analysis},
  pages={807--818},
  year={2014},
  organization={IEEE}
}

@inproceedings{lee2016aware,
  title={I/O aware power shifting},
  author={Lee, Savoie and Lowenthal, David K and De Supinski, Bronis R and Islam, Tanzima and Mohror, Kathryn and Rountree, Barry and Schulz, Martin},
  booktitle={2016 ieee international parallel and distributed processing symposium (ipdps)},
  pages={740--749},
  year={2016},
  organization={IEEE}
}

@inproceedings{gholkar2016power,
  title={Power tuning HPC jobs on power-constrained systems},
  author={Gholkar, Neha and Mueller, Frank and Rountree, Barry},
  booktitle={Proceedings of the 2016 International Conference on Parallel Architectures and Compilation},
  pages={179--191},
  year={2016}
}

@inproceedings{whiteside2017pann,
  title={Pann: Power allocation via neural networks dynamic bounded-power allocation in high performance computing},
  author={Whiteside, Will and Funk, Shelby and Marathe, Aniruddha and Rountree, Barry},
  booktitle={Proceedings of the 5th International Workshop on Energy Efficient Supercomputing},
  pages={1--7},
  year={2017}
}

@inproceedings{yoo2003slurm,
  title={Slurm: Simple linux utility for resource management},
  author={Yoo, Andy B and Jette, Morris A and Grondona, Mark},
  booktitle={Workshop on job scheduling strategies for parallel processing},
  pages={44--60},
  year={2003},
  organization={Springer}
}

@inproceedings{feng2005power,
  title={Power and energy profiling of scientific applications on distributed systems},
  author={Feng, Xixhou and Ge, Rong and Cameron, Kirk W},
  booktitle={19th IEEE International Parallel and Distributed Processing Symposium},
  pages={10--pp},
  year={2005},
  organization={IEEE}
}

@inproceedings{ellsworth2015pow,
  title={Pow: System-wide dynamic reallocation of limited power in hpc},
  author={Ellsworth, Daniel A and Malony, Allen D and Rountree, Barry and Schulz, Martin},
  booktitle={Proceedings of the 24th International Symposium on High-Performance Parallel and Distributed Computing},
  pages={145--148},
  year={2015}
}

@inproceedings{huang2009energy,
  title={Energy-efficient cluster computing via accurate workload characterization},
  author={Huang, Song and Feng, Wu},
  booktitle={2009 9th IEEE/ACM International Symposium on Cluster Computing and the Grid},
  pages={68--75},
  year={2009},
  organization={IEEE}
}
@article{mishra2015probabilistic,
  title={A probabilistic graphical model-based approach for minimizing energy under performance constraints},
  author={Mishra, Nikita and Zhang, Huazhe and Lafferty, John D and Hoffmann, Henry},
  journal={ACM SIGARCH Computer Architecture News},
  volume={43},
  number={1},
  pages={267--281},
  year={2015},
  publisher={ACM New York, NY, USA}
}

@inproceedings{meisner2011power,
  title={Power management of online data-intensive services},
  author={Meisner, David and Sadler, Christopher M and Barroso, Luiz Andr{\'e} and Weber, Wolf-Dietrich and Wenisch, Thomas F},
  booktitle={Proceedings of the 38th annual international symposium on Computer architecture},
  pages={319--330},
  year={2011}
}

@inproceedings{georgiou2014energy,
  title={Energy accounting and control with SLURM resource and job management system},
  author={Georgiou, Yiannis and Cadeau, Thomas and Glesser, David and Auble, Danny and Jette, Morris and Hautreux, Matthieu},
  booktitle={International Conference on Distributed Computing and Networking},
  pages={96--118},
  year={2014},
  organization={Springer}
}

@techreport{labasan2017paviz,
  title={PaViz: A power-adaptive framework for optimal power and performance of scientific visualization algorithms},
  author={Labasan, S and Larsen, M and Rountree, B and Childs, H},
  year={2017},
  institution={Lawrence Livermore National Lab.(LLNL), Livermore, CA (United States)}
}

@inproceedings{marathe2015run,
  title={A run-time system for power-constrained HPC applications},
  author={Marathe, Aniruddha and Bailey, Peter E and Lowenthal, David K and Rountree, Barry and Schulz, Martin and de Supinski, Bronis R},
  booktitle={High Performance Computing: 30th International Conference, ISC High Performance 2015, Frankfurt, Germany, July 12-16, 2015, Proceedings 30},
  pages={394--408},
  year={2015},
  organization={Springer}
}

@inproceedings{gholkar2018pshifter,
  title={Pshifter: Feedback-based dynamic power shifting within hpc jobs for performance},
  author={Gholkar, Neha and Mueller, Frank and Rountree, Barry and Marathe, Aniruddha},
  booktitle={Proceedings of the 27th International Symposium on High-Performance Parallel and Distributed Computing},
  pages={106--117},
  year={2018}
}

@inproceedings{marincic2020seesaw,
  title={SeeSAw: Optimizing Performance of In-Situ Analytics Applications under Power Constraints},
  author={Marincic, Ivana and Vishwanath, Venkatram and Hoffmann, Henry},
  booktitle={2020 IEEE International Parallel and Distributed Processing Symposium (IPDPS)},
  pages={789--798},
  year={2020},
  organization={IEEE}
}

# application level energy/performance modeling
@inproceedings{krzywaniak2018analyzing,
  title={Analyzing energy/performance trade-offs with power capping for parallel applications on modern multi and many core processors},
  author={Krzywaniak, Adam and Proficz, Jerzy and Czarnul, Pawel},
  booktitle={2018 Federated conference on computer science and information systems (FedCSIS)},
  pages={339--346},
  year={2018},
  organization={IEEE}
}

@inproceedings{ramesh2019understanding,
  title={Understanding the impact of dynamic power capping on application progress},
  author={Ramesh, Srinivasan and Perarnau, Swann and Bhalachandra, Sridutt and Malony, Allen D and Beckman, Pete},
  booktitle={2019 IEEE International Parallel and Distributed Processing Symposium (IPDPS)},
  pages={793--804},
  year={2019},
  organization={IEEE}
}

@inproceedings{kandiah2021accelwattch,
  title={AccelWattch: A power modeling framework for modern GPUs},
  author={Kandiah, Vijay and Peverelle, Scott and Khairy, Mahmoud and Pan, Junrui and Manjunath, Amogh and Rogers, Timothy G and Aamodt, Tor M and Hardavellas, Nikos},
  booktitle={MICRO-54: 54th Annual IEEE/ACM International Symposium on Microarchitecture},
  pages={738--753},
  year={2021}
}

@inproceedings{guerreiro2018gpgpu,
  title={GPGPU power modeling for multi-domain voltage-frequency scaling},
  author={Guerreiro, Joao and Ilic, Aleksandar and Roma, Nuno and Tomas, Pedro},
  booktitle={2018 IEEE International Symposium on High Performance Computer Architecture (HPCA)},
  pages={789--800},
  year={2018},
  organization={IEEE}
}

@inproceedings{arunkumar2019understanding,
  title={Understanding the future of energy efficiency in multi-module gpus},
  author={Arunkumar, Akhil and Bolotin, Evgeny and Nellans, David and Wu, Carole-Jean},
  booktitle={2019 IEEE International Symposium on High Performance Computer Architecture (HPCA)},
  pages={519--532},
  year={2019},
  organization={IEEE}
}


@inproceedings{chadha2019modelling,
  title={Modelling dvfs and ufs for region-based energy aware tuning of hpc applications},
  author={Chadha, Mohak and Gerndt, Michael},
  booktitle={2019 IEEE International Parallel and Distributed Processing Symposium (IPDPS)},
  pages={805--814},
  year={2019},
  organization={IEEE}
}

@inproceedings{walker2018hardware,
  title={Hardware-validated CPU performance and energy modelling},
  author={Walker, Matthew and Bischoff, Sascha and Diestelhorst, Stephan and Merrett, Geoff and Al-Hashimi, Bashir},
  booktitle={2018 IEEE International Symposium on Performance Analysis of Systems and Software (ISPASS)},
  pages={44--53},
  year={2018},
  organization={IEEE}
}

@inproceedings{feng2005power,
  title={Power and energy profiling of scientific applications on distributed systems},
  author={Feng, Xixhou and Ge, Rong and Cameron, Kirk W},
  booktitle={19th IEEE International Parallel and Distributed Processing Symposium},
  pages={10--pp},
  year={2005},
  organization={IEEE}
}

@inproceedings{monil2020mephesto,
  title={Mephesto: Modeling energy-performance in heterogeneous socs and their trade-offs},
  author={Monil, Mohammad Alaul Haque and Belviranli, Mehmet E and Lee, Seyong and Vetter, Jeffrey S and Malony, Allen D},
  booktitle={Proceedings of the ACM International Conference on Parallel Architectures and Compilation Techniques},
  pages={413--425},
  year={2020}
}

@inproceedings{chen2023joss,
  title={JOSS: Joint Exploration of CPU-Memory DVFS and Task Scheduling for Energy Efficiency},
  author={Chen, Jing and Manivannan, Madhavan and Goel, Bhavishya and Peric{\`a}s, Miquel},
  booktitle={Proceedings of the 52nd International Conference on Parallel Processing},
  pages={828--838},
  year={2023}
}

# application level, model, feedback
@article{kang2021cooperative,
  title={Cooperative distributed gpu power capping for deep learning clusters},
  author={Kang, Dong-Ki and Ha, Yun-Gi and Peng, Limei and Youn, Chan-Hyun},
  journal={IEEE Transactions on Industrial Electronics},
  volume={69},
  number={7},
  pages={7244--7254},
  year={2021},
  publisher={IEEE}
}

@article{guerreiro2019dvfs,
  title={DVFS-aware application classification to improve GPGPUs energy efficiency},
  author={Guerreiro, Jo{\~a}o and Ilic, Aleksandar and Roma, Nuno and Tom{\'a}s, Pedro},
  journal={Parallel Computing},
  volume={83},
  pages={93--117},
  year={2019},
  publisher={Elsevier}
}

@inproceedings{majumdar2017dynamic,
  title={Dynamic gpgpu power management using adaptive model predictive control},
  author={Majumdar, Abhinandan and Piga, Leonardo and Paul, Indrani and Greathouse, Joseph L and Huang, Wei and Albonesi, David H},
  booktitle={2017 IEEE International Symposium on High Performance Computer Architecture (HPCA)},
  pages={613--624},
  year={2017},
  organization={IEEE}
}

@inproceedings{dutta2018gpu,
  title={GPU power prediction via ensemble machine learning for DVFS space exploration},
  author={Dutta, Bishwajit and Adhinarayanan, Vignesh and Feng, Wu-chun},
  booktitle={Proceedings of the 15th ACM International Conference on Computing Frontiers},
  pages={240--243},
  year={2018}
}

@article{wang2020gpgpu,
  title={GPGPU performance estimation with core and memory frequency scaling},
  author={Wang, Qiang and Chu, Xiaowen},
  journal={IEEE Transactions on Parallel and Distributed Systems},
  volume={31},
  number={12},
  pages={2865--2881},
  year={2020},
  publisher={IEEE}
}

@article{wallace2016application,
  title={Application power profiling on IBM Blue Gene/Q},
  author={Wallace, Sean and Zhou, Zhou and Vishwanath, Venkatram and Coghlan, Susan and Tramm, John and Lan, Zhiling and Papka, Michael E},
  journal={Parallel Computing},
  volume={57},
  pages={73--86},
  year={2016},
  publisher={Elsevier}
}

@inproceedings{wu2015gpgpu,
  title={GPGPU performance and power estimation using machine learning},
  author={Wu, Gene and Greathouse, Joseph L and Lyashevsky, Alexander and Jayasena, Nuwan and Chiou, Derek},
  booktitle={2015 IEEE 21st international symposium on high performance computer architecture (HPCA)},
  pages={564--576},
  year={2015},
  organization={IEEE}
}

@inproceedings{ali2022optimal,
  title={Optimal GPU frequency selection using multi-objective approaches for hpc systems},
  author={Ali, Ghazanfar and Bhalachandra, Sridutt and Wright, Nicholas J and Side, Mert and Chen, Yong},
  booktitle={2022 IEEE High Performance Extreme Computing Conference (HPEC)},
  pages={1--7},
  year={2022},
  organization={IEEE}
}

@inproceedings{arima2022optimizing,
  title={Optimizing hardware resource partitioning and job allocations on modern gpus under power caps},
  author={Arima, Eishi and Kang, Minjoon and Saba, Issa and Weidendorfer, Josef and Trinitis, Carsten and Schulz, Martin},
  booktitle={Workshop Proceedings of the 51st International Conference on Parallel Processing},
  pages={1--10},
  year={2022}
}



@inproceedings{krzywaniak2020performance,
  title={Performance/energy aware optimization of parallel applications on gpus under power capping},
  author={Krzywaniak, Adam and Czarnul, Pawe{\l}},
  booktitle={Parallel Processing and Applied Mathematics: 13th International Conference, PPAM 2019, Bialystok, Poland, September 8--11, 2019, Revised Selected Papers, Part II 13},
  pages={123--133},
  year={2020},
  organization={Springer}
}

@inproceedings{fan2019predictable,
  title={Predictable GPUs frequency scaling for energy and performance},
  author={Fan, Kaijie and Cosenza, Biagio and Juurlink, Ben},
  booktitle={Proceedings of the 48th International Conference on Parallel Processing},
  pages={1--10},
  year={2019}
}

@article{wang2024utilization,
  title={Utilization-prediction-aware energy optimization approach for heterogeneous GPU clusters},
  author={Wang, Sheng and Chen, Shiping and Shi, Yumei},
  journal={The Journal of Supercomputing},
  volume={80},
  number={7},
  pages={9554--9578},
  year={2024},
  publisher={Springer}
}

@inproceedings{zhang2019podd,
  title={PoDD: power-capping dependent distributed applications},
  author={Zhang, Huazhe and Hoffmann, Henry},
  booktitle={Proceedings of the International Conference for High Performance Computing, Networking, Storage and Analysis},
  pages={1--23},
  year={2019}
}

@article{fan2020accurate,
  title={Accurate energy and performance prediction for frequency-scaled GPU kernels},
  author={Fan, Kaijie and Cosenza, Biagio and Juurlink, Ben},
  journal={Computation},
  volume={8},
  number={2},
  pages={37},
  year={2020},
  publisher={MDPI}
}



@inproceedings{sharma2021dynamic,
  title={A dynamic power capping library for hpc applications},
  author={Sharma, Sahil and Lan, Zhiling and Wu, Xingfu and Taylor, Valerie},
  booktitle={2021 IEEE International Conference on Cluster Computing (CLUSTER)},
  pages={797--798},
  year={2021},
  organization={IEEE}
}

@article{sharma2021dnpc,
  title={DNPC: A Dynamic Node-Level Power Capping Library for Scientific Applications},
  author={Sharma, Sahil and Lan, Zhiling and Wu, Xingfu and Taylor, Valerie},
  journal={Illinois Tech Undergraduate Research Journal},
  volume={1},
  number={1},
  pages={4--4},
  year={2021}
}

@misc{intel-p-state,
  author = {L. K. Documentation.},
  title ={{Intel p-state driver, [Online].}},
  howpublished={\url{"https://www.kernel.org/doc/Documentation/cpu-freq/intel-pstate.txt"}},
  year = {2024}
}


@misc{intel-p-state-2,
  author = {N. Pitre.},
  title ={{Teaching the scheduler about power management, [Online]}},
  howpublished={\url{"https://lwn.net/Articles/603254/"}},
  year = {2024}
}

@article{bianchini2004power,
  title={Power and energy management for server systems},
  author={Bianchini, Ricardo and Rajamony, Ram},
  journal={Computer},
  volume={37},
  number={11},
  pages={68--76},
  year={2004},
  publisher={IEEE}
}

@inproceedings{weaver2012measuring,
  title={Measuring energy and power with PAPI},
  author={Weaver, Vincent M and Johnson, Matt and Kasichayanula, Kiran and Ralph, James and Luszczek, Piotr and Terpstra, Dan and Moore, Shirley},
  booktitle={2012 41st international conference on parallel processing workshops},
  pages={262--268},
  year={2012},
  organization={IEEE}
}
@article{khan2018rapl,
  title={Rapl in action: Experiences in using rapl for power measurements},
  author={Khan, Kashif Nizam and Hirki, Mikael and Niemi, Tapio and Nurminen, Jukka K and Ou, Zhonghong},
  journal={ACM Transactions on Modeling and Performance Evaluation of Computing Systems (TOMPECS)},
  volume={3},
  number={2},
  pages={1--26},
  year={2018},
  publisher={ACM New York, NY, USA}
}


@misc{sysfs,
  author = {Linux},
  title ={{sysfs — Linux manual page}},
  howpublished={\url{"https://man7.org/linux/man-pages/man5/sysfs.5.html"}},
  year = {2024}
}

@misc{perf,
  author = {Linux},
  title ={{perf — Linux manual page}},
  howpublished={\url{"https://man7.org/linux/man-pages/man1/perf.1.html"}},
  year = {2024}
}



@article{mccreary2007energyscale,
  title={EnergyScale for IBM POWER6 microprocessor-based systems},
  author={McCreary, H-Y and Broyles, Martha A and Floyd, Michael S and Geissler, Andrew J and Hartman, Steven P and Rawson, Freeman L and Rosedahl, Todd J and Rubio, Juan C and Ware, Malcolm S},
  journal={IBM Journal of Research and Development},
  volume={51},
  number={6},
  pages={775--786},
  year={2007},
  publisher={IBM}
}

@article{broyles2010ibm,
  title={IBM energyscale for POWER7 processor-based systems},
  author={Broyles, Martha and Francois, Chris and Geissler, Andrew and Hollinger, Michael and Rosedahl, Todd and Silva, Guillermo and Van Heuklon, Jeff and Veale, Brian},
  journal={white paper, IBM},
  year={2010}
}



@misc{amd2,
  author = {Advanced Mico Devices},
  title ={BIOS and Kernel Developer’s Guide (BKDG) for AMD Family 15h Models 00h-0Fh Processors},
  howpublished={\url{"https://www.amd.com/content/dam/amd/en/documents/archived-tech-docs/programmer-references/42301_15h_Mod_00h-0Fh_BKDG.pdf"}},
  year = {2024}
}

@misc{nvidia-smi,
  author = {NVIDIA},
  title ={{nvidia-smi}},
  howpublished={\url{"https://developer.download.nvidia.com/compute/DCGM/docs/nvidia-smi-367.38.pdf"}},
  year = {2024}
}


@misc{platformIO,
  author = {},
  title ={{PlatformIO}},
  howpublished={\url{"https://docs.platformio.org/en/latest/"}},
  year = {2024}
}

@misc{variorum,
  author = {LLNL},
  title ={{Variorum: Vendor-Agnostic Power Management}},
  howpublished={\url{"https://computing.llnl.gov/projects/variorum"}},
  year = {2024}
}

@article{bourdon2013powerapi,
  title={Powerapi: A software library to monitor the energy consumed at the process-level},
  author={Bourdon, Aur{\'e}lien and Noureddine, Adel and Rouvoy, Romain and Seinturier, Lionel},
  journal={ERCIM News},
  volume={92},
  pages={43--44},
  year={2013}
}

@misc{libmsr,
  author = {LLNL},
  title ={{Libmsr}},
  howpublished={\url{"https://github.com/llnl/libmsr"}},
  year = {2024}
}


@article{schone2014integrating,
  title={Integrating performance analysis and energy efficiency optimizations in a unified environment},
  author={Sch{\"o}ne, Robert and Molka, Daniel},
  journal={Computer Science-Research and Development},
  volume={29},
  pages={231--239},
  year={2014},
  publisher={Springer}
}

@misc{cpufreq,
  author = {},
  title ={{Supporting CPUFREQ Power Manager}},
  howpublished={\url{"https://github.com/konkor/cpufreq?tab=readme-ov-file"}},
  year = {2024}
}



@inproceedings{le2010dynamic,
  title={Dynamic voltage and frequency scaling: The laws of diminishing returns},
  author={Le Sueur, Etienne and Heiser, Gernot},
  booktitle={Proceedings of the 2010 international conference on Power aware computing and systems},
  pages={1--8},
  year={2010}
}

@inproceedings{fonseca2008tracking,
  title={Quanto: Tracking Energy in Networked Embedded Systems.},
  author={Fonseca, Rodrigo and Dutta, Prabal and Levis, Philip Alexander and Stoica, Ion},
  booktitle={OSDI},
  volume={8},
  pages={323--338},
  year={2008}
}


@inproceedings{hoffmann2014pcp,
  title={$\{$PCP$\}$: A Generalized Approach to Optimizing Performance Under Power Constraints through Resource Management},
  author={Hoffmann, Henry and Maggio, Martina},
  booktitle={11th International Conference on Autonomic Computing (ICAC 14)},
  pages={241--247},
  year={2014}
}

@article{shen2013power,
  title={Power containers: An OS facility for fine-grained power and energy management on multicore servers},
  author={Shen, Kai and Shriraman, Arrvindh and Dwarkadas, Sandhya and Zhang, Xiao and Chen, Zhuan},
  journal={ACM SIGARCH Computer Architecture News},
  volume={41},
  number={1},
  pages={65--76},
  year={2013},
  publisher={ACM New York, NY, USA}
}

@article{vardhan2009grace,
  title={GRACE-2: integrating fine-grained application adaptation with global adaptation for saving energy},
  author={Vardhan, Vibhore and Yuan, Wanghong and Harris, Albert F and Adve, Sarita V and Kravets, Robin and Nahrstedt, Klara and Sachs, Daniel and Jones, Douglas},
  journal={international Journal of embedded Systems},
  volume={4},
  number={2},
  pages={152--169},
  year={2009},
  publisher={Inderscience Publishers}
}

@article{weissel2002cooperative,
  title={Cooperative I/O: A novel I/O semantics for energy-aware applications},
  author={Weissel, Andreas and Beutel, Bj{\"o}rn and Bellosa, Frank},
  journal={ACM SIGOPS Operating Systems Review},
  volume={36},
  number={SI},
  pages={117--129},
  year={2002},
  publisher={ACM New York, NY, USA}
}

@article{yuan2003energy,
  title={Energy-efficient soft real-time CPU scheduling for mobile multimedia systems},
  author={Yuan, Wanghong and Nahrstedt, Klara},
  journal={ACM SIGOPS Operating Systems Review},
  volume={37},
  number={5},
  pages={149--163},
  year={2003},
  publisher={ACM New York, NY, USA}
}

@article{rodgers2020rocm,
  title={ROCm Software Stack},
  author={Rodgers, Greg and Bouius, Derek},
  year={2020}
}

@article{sundriyal2018core,
  title={Core and uncore joint frequency scaling strategy},
  author={Sundriyal, Vaibhav and Sosonkina, Masha and Westheimer, Bryce and Gordon, Mark},
  journal={Journal of Computer and Communications},
  volume={6},
  number={12},
  pages={184--201},
  year={2018},
  publisher={Scientific Research Publishing}
}

@inproceedings{guermouche2022combining,
  title={Combining uncore frequency and dynamic power capping to improve power savings},
  author={Guermouche, Amina},
  booktitle={2022 IEEE International Parallel and Distributed Processing Symposium Workshops (IPDPSW)},
  pages={1028--1037},
  year={2022},
  organization={IEEE}
}

@article{atomic2013lammps,
  title={Lammps},
  author={Atomic, Large-scale and Simulator, Molecular Massively Parallel},
  journal={available at: http:/lammps. sandia. gov},
  year={2013}
}

@article{van2005gromacs,
  title={GROMACS: fast, flexible, and free},
  author={Van Der Spoel, David and Lindahl, Erik and Hess, Berk and Groenhof, Gerrit and Mark, Alan E and Berendsen, Herman JC},
  journal={Journal of computational chemistry},
  volume={26},
  number={16},
  pages={1701--1718},
  year={2005},
  publisher={Wiley Online Library}
}

@article{rotem2012power,
  title={Power-management architecture of the intel microarchitecture code-named sandy bridge},
  author={Rotem, Efraim and Naveh, Alon and Ananthakrishnan, Avinash and Weissmann, Eliezer and Rajwan, Doron},
  journal={Ieee micro},
  volume={32},
  number={2},
  pages={20--27},
  year={2012},
  publisher={IEEE}
}


@techreport{cantalupo2018strawman,
  title={A strawman for an hpc powerstack},
  author={Cantalupo, Christopher and Eastep, Jonathan and Jana, Siddhartha and Kondo, Masaaki and Maiterth, Matthias and Marathe, Aniruddha and Patki, Tapasya and Rountree, Barry and Sakamoto, Ryuichi and Schulz, Martin and others},
  year={2018},
  institution={Intel Corporation (United States); Lawrence Livermore National Lab.(LLNL~…}
}




@inproceedings{bailey2015finding,
  title={Finding the limits of power-constrained application performance},
  author={Bailey, Peter E and Marathe, Aniruddha and Lowenthal, David K and Rountree, Barry and Schulz, Martin},
  booktitle={Proceedings of the International Conference for High Performance Computing, Networking, Storage and Analysis},
  pages={1--12},
  year={2015}
}

@inproceedings{bhalachandra2017adaptive,
  title={An adaptive core-specific runtime for energy efficiency},
  author={Bhalachandra, Sridutt and Porterfield, Allan and Olivier, Stephen L and Prins, Jan F},
  booktitle={2017 IEEE international parallel and distributed processing symposium (IPDPS)},
  pages={947--956},
  year={2017},
  organization={IEEE}
}

@inproceedings{freeh2005using,
  title={Using multiple energy gears in MPI programs on a power-scalable cluster},
  author={Freeh, Vincent W and Lowenthal, David K},
  booktitle={Proceedings of the tenth ACM SIGPLAN symposium on Principles and practice of parallel programming},
  pages={164--173},
  year={2005}
}

@inproceedings{ge2007cpu,
  title={Cpu miser: A performance-directed, run-time system for power-aware clusters},
  author={Ge, Rong and Feng, Xizhou and Feng, Wu-chun and Cameron, Kirk W},
  booktitle={2007 International Conference on Parallel Processing (ICPP 2007)},
  pages={18--18},
  year={2007},
  organization={IEEE}
}

@inproceedings{hsu2005power,
  title={A power-aware run-time system for high-performance computing},
  author={Hsu, Chung-hsing and Feng, Wu-chun},
  booktitle={SC'05: Proceedings of the 2005 ACM/IEEE Conference on Supercomputing},
  pages={1--1},
  year={2005},
  organization={IEEE}
}

@inproceedings{lim2006adaptive,
  title={Adaptive, transparent frequency and voltage scaling of communication phases in mpi programs},
  author={Lim, Min Yeol and Freeh, Vincent W and Lowenthal, David K},
  booktitle={Proceedings of the 2006 ACM/IEEE conference on Supercomputing},
  pages={107--es},
  year={2006}
}

@inproceedings{rountree2007bounding,
  title={Bounding energy consumption in large-scale MPI programs},
  author={Rountree, Barry and Lowenthal, David K and Funk, Shelby and Freeh, Vincent W and De Supinski, Bronis R and Schulz, Martin},
  booktitle={Proceedings of the 2007 ACM/IEEE conference on Supercomputing},
  pages={1--9},
  year={2007}
}

@article{lefurgy2008power,
  title={Power capping: a prelude to power shifting},
  author={Lefurgy, Charles and Wang, Xiaorui and Ware, Malcolm},
  journal={Cluster Computing},
  volume={11},
  pages={183--195},
  year={2008},
  publisher={Springer}
}

@inproceedings{petoumenos2015power,
  title={Power capping: What works, what does not},
  author={Petoumenos, Pavlos and Mukhanov, Lev and Wang, Zheng and Leather, Hugh and Nikolopoulos, Dimitrios S},
  booktitle={2015 IEEE 21st International Conference on Parallel and Distributed Systems (ICPADS)},
  pages={525--534},
  year={2015},
  organization={IEEE}
}

@inproceedings{borghesi2015power,
  title={Power capping in high performance computing systems},
  author={Borghesi, Andrea and Collina, Francesca and Lombardi, Michele and Milano, Michela and Benini, Luca},
  booktitle={Principles and Practice of Constraint Programming: 21st International Conference, CP 2015, Cork, Ireland, August 31--September 4, 2015, Proceedings 21},
  pages={524--540},
  year={2015},
  organization={Springer}
}

@inproceedings{wang2022sol,
  title={SOL: Safe on-node learning in cloud platforms},
  author={Wang, Yawen and Crankshaw, Daniel and Yadwadkar, Neeraja J and Berger, Daniel and Kozyrakis, Christos and Bianchini, Ricardo},
  booktitle={Proceedings of the 27th ACM International Conference on Architectural Support for Programming Languages and Operating Systems},
  pages={622--634},
  year={2022}
}

@inproceedings{palshikar2009simple,
  title={Simple algorithms for peak detection in time-series},
  author={Palshikar, Girish and others},
  booktitle={Proc. 1st Int. Conf. advanced data analysis, business analytics and intelligence},
  volume={122},
  year={2009}
}

@inproceedings{wilson2021introducing,
  title={Introducing application awareness into a unified power management stack},
  author={Wilson, Daniel C and Jana, Siddhartha and Marathe, Aniruddha and Brink, Stephanie and Cantalupo, Christopher M and Guttman, Diana R and Geltz, Brad and Lawson, Lowren H and Al-Rawi, Asma H and Mohammad, Ali and others},
  booktitle={2021 IEEE International Parallel and Distributed Processing Symposium (IPDPS)},
  pages={320--329},
  year={2021},
  organization={IEEE}
}

@inproceedings{huang2010hibench,
  title={Hibench: A representative and comprehensive hadoop benchmark suite},
  author={Huang, Shengsheng and Huang, Jie and Liu, Yan and Yi, Lan and Dai, Jinquan},
  booktitle={Proc. ICDE Workshops},
  pages={41--51},
  year={2010}
}

@article{bailey1994parallel,
  title={NAS parallel benchmark results 10-94},
  author={Bailey, David H and Barszcz, Eric and Dagum, Leonardo and Simon, Horst D},
  journal={NAS Technical Report NAS-94-001},
  year={1994},
  publisher={Citeseer}
}

@misc{intel,
  author = {Intel},
  title ={{Intel-64 and IA-32 Architectures Software Developer’s Manual, Volumes 3A and 3B: System Programming Guide}},
  howpublished={},
  year = {2011}
}

@inproceedings{dvfs,
  title={Memory power management via dynamic voltage/frequency scaling},
  author={David, Howard and Fallin, Chris and Gorbatov, Eugene and Hanebutte, Ulf R and Mutlu, Onur},
  booktitle={Proceedings of the 8th ACM international conference on Autonomic computing},
  pages={31--40},
  year={2011}
}

@inproceedings{loh2008cost,
  title={The cost of uncore in throughput-oriented many-core processors},
  author={Loh, Gabriel},
  year={2008},
  organization={Citeseer}
}

@misc{ecp,
  title ={{ECP proxy apps suite}},
  howpublished={https://proxyapps.exascaleproject.org/ ecp- proxy- apps- suite/.},
  year={2025}
}

@misc{NPB,
  title ={{NAS Parallel Benchmark Suite}},
  howpublished={https://www.nas.nasa.gov/software/npb.html},
  year={2025}
}

@inproceedings{geopm,
  title={Global extensible open power manager: A vehicle for HPC community collaboration on co-designed energy management solutions},
  author={Eastep, Jonathan and Sylvester, Steve and Cantalupo, Christopher and Geltz, Brad and Ardanaz, Federico and Al-Rawi, Asma and Livingston, Kelly and Keceli, Fuat and Maiterth, Matthias and Jana, Siddhartha},
  booktitle={High Performance Computing: 32nd International Conference, ISC High Performance 2017, Frankfurt, Germany, June 18--22, 2017, Proceedings 32},
  pages={394--412},
  year={2017},
  organization={Springer}
}

@inproceedings{fan2023synergy,
  title={SYnergy: Fine-grained Energy-Efficient Heterogeneous Computing for Scalable Energy Saving},
  author={Fan, Kaijie and D'Antonio, Marco and Carpentieri, Lorenzo and Cosenza, Biagio and Ficarelli, Federico and Cesarini, Daniele},
  booktitle={Proceedings of the International Conference for High Performance Computing, Networking, Storage and Analysis},
  pages={1--13},
  year={2023}
}

@inproceedings{kraljic2022energy,
  title={Energy Efficient Frequency Scaling on GPUs in Heterogeneous HPC Systems},
  author={Kraljic, Karlo and Kerger, Daniel and Schulz, Martin},
  booktitle={International Conference on Architecture of Computing Systems},
  pages={3--16},
  year={2022},
  organization={Springer}
}

@inproceedings{you2023zeus,
  title={Zeus: Understanding and optimizing $\{$GPU$\}$ energy consumption of $\{$DNN$\}$ training},
  author={You, Jie and Chung, Jae-Won and Chowdhury, Mosharaf},
  booktitle={20th USENIX Symposium on Networked Systems Design and Implementation (NSDI 23)},
  pages={119--139},
  year={2023}
}

@article{reguero2025energy,
  title={Energy-efficient neural network training through runtime layer freezing, model quantization, and early stopping},
  author={Reguero, {\'A}lvaro Domingo and Mart{\'\i}nez-Fern{\'a}ndez, Silverio and Verdecchia, Roberto},
  journal={Computer Standards \& Interfaces},
  volume={92},
  pages={103906},
  year={2025},
  publisher={Elsevier}
}

@inproceedings{choi2023envpipe,
  title={$\{$EnvPipe$\}$: Performance-preserving $\{$DNN$\}$ training framework for saving energy},
  author={Choi, Sangjin and Koo, Inhoe and Ahn, Jeongseob and Jeon, Myeongjae and Kwon, Youngjin},
  booktitle={2023 USENIX Annual Technical Conference (USENIX ATC 23)},
  pages={851--864},
  year={2023}
}

@inproceedings{qiu2024power,
  title={Power-aware Deep Learning Model Serving with $\{$$\mu$-Serve$\}$},
  author={Qiu, Haoran and Mao, Weichao and Patke, Archit and Cui, Shengkun and Jha, Saurabh and Wang, Chen and Franke, Hubertus and Kalbarczyk, Zbigniew and Ba{\c{s}}ar, Tamer and Iyer, Ravishankar K},
  booktitle={2024 USENIX Annual Technical Conference (USENIX ATC 24)},
  pages={75--93},
  year={2024}
}

@inproceedings{rajput2024benchmarking,
  title={Benchmarking emerging deep learning quantization methods for energy efficiency},
  author={Rajput, Saurabhsingh and Sharma, Tushar},
  booktitle={2024 IEEE 21st International Conference on Software Architecture Companion (ICSA-C)},
  pages={238--242},
  year={2024},
  organization={IEEE}
}

@inproceedings{panda2016conditional,
  title={Conditional deep learning for energy-efficient and enhanced pattern recognition},
  author={Panda, Priyadarshini and Sengupta, Abhronil and Roy, Kaushik},
  booktitle={2016 design, automation \& test in europe conference \& exhibition (DATE)},
  pages={475--480},
  year={2016},
  organization={IEEE}
}

@INPROCEEDINGS{8942147,
  author={Gong, Chengyue and Jiang, Zixuan and Wang, Dilin and Lin, Yibo and Liu, Qiang and Pan, David Z.},
  booktitle={2019 IEEE/ACM International Conference on Computer-Aided Design (ICCAD)}, 
  title={Mixed Precision Neural Architecture Search for Energy Efficient Deep Learning}, 
  year={2019},
  volume={},
  number={},
  pages={1-7},
  keywords={Quantization (signal);Neural networks;Computer architecture;Hardware;Task analysis;Convolution;Computational modeling},
  doi={10.1109/ICCAD45719.2019.8942147}}

@INPROCEEDINGS{DRAM_FREQ,
  author={Jang, Jaehyeon and Park, Moonju},
  booktitle={2017 IEEE International Conference on Consumer Electronics (ICCE)}, 
  title={DRAM frequency scaling for energy efficiency based on memory usage}, 
  year={2017},
  volume={},
  number={},
  pages={308-309},
  keywords={},
  doi={10.1109/ICCE.2017.7889331}}


@article{andre2022duf,
  title={DUF: Dynamic Uncore Frequency scaling to reduce power consumption},
  author={Andr{\'e}, {\'E}tienne and Dulong, R{\'e}mi and Guermouche, Amina and Trahay, Fran{\c{c}}ois},
  journal={Concurrency and Computation: Practice and Experience},
  volume={34},
  number={3},
  pages={e6580},
  year={2022},
  publisher={Wiley Online Library}
}


@misc{intel_uncore_freq,
  author = {Srinivas Pandruvada},
  title ={{Intel Uncore Frequency Scaling}},
  howpublished={\url{"https://docs.kernel.org/admin-guide/pm/intel_uncore_frequency_scaling.html"}},
  year = {2023}
}

@inproceedings{unet,
  title={U-net: Convolutional networks for biomedical image segmentation},
  author={Ronneberger, Olaf and Fischer, Philipp and Brox, Thomas},
  booktitle={Medical image computing and computer-assisted intervention--MICCAI 2015: 18th international conference, Munich, Germany, October 5-9, 2015, proceedings, part III 18},
  pages={234--241},
  year={2015},
  organization={Springer}
}

@inproceedings{keahey2020lessons,
  title={Lessons learned from the chameleon testbed},
  author={Keahey, Kate and Anderson, Jason and Zhen, Zhuo and Riteau, Pierre and Ruth, Paul and Stanzione, Dan and Cevik, Mert and Colleran, Jacob and Gunawi, Haryadi S and Hammock, Cody and others},
  booktitle={2020 USENIX annual technical conference (USENIX ATC 20)},
  pages={219--233},
  year={2020}
}

@inproceedings{farrell2021mlperf,
  title={MLPerf™ HPC: A holistic benchmark suite for scientific machine learning on HPC systems},
  author={Farrell, Steven and Emani, Murali and Balma, Jacob and Drescher, Lukas and Drozd, Aleksandr and Fink, Andreas and Fox, Geoffrey and Kanter, David and Kurth, Thorsten and Mattson, Peter and others},
  booktitle={2021 IEEE/ACM Workshop on Machine Learning in High Performance Computing Environments (MLHPC)},
  pages={33--45},
  year={2021},
  organization={IEEE}
}



@INPROCEEDINGS{core_uncore,
  author={Cheng, Hsiang-Yun and Zhan, Jia and Zhao, Jishen and Xie, Yuan and Sampson, Jack and Irwin, Mary Jane},
  booktitle={2015 52nd ACM/EDAC/IEEE Design Automation Conference (DAC)}, 
  title={Core vs. uncore: The heart of darkness}, 
  year={2015},
  volume={},
  number={},
  pages={1-6},
  keywords={Multicore processing;Nonvolatile memory;Random access memory;Three-dimensional displays;Silicon;System-on-chip;Power demand},
  doi={10.1145/2744769.2647916}}

@inproceedings{gupta2012forgotten,
  title={The Forgotten $\{$‘Uncore’$\}$: On the $\{$Energy-Efficiency$\}$ of Heterogeneous Cores},
  author={Gupta, Vishal and Brett, Paul and Koufaty, David and Reddy, Dheeraj and Hahn, Scott and Schwan, Karsten and Srinivasa, Ganapati},
  booktitle={2012 USENIX Annual Technical Conference (USENIX ATC 12)},
  pages={367--372},
  year={2012}
}



@inproceedings{altis-sycl,
  title={Altis-SYCL: Migrating Altis Benchmarking Suite from CUDA to SYCL for GPUs and FPGAs},
  author={Weckert, Christoph and Solis-Vasquez, Leonardo and Oppermann, Julian and Koch, Andreas and Sinnen, Oliver},
  booktitle={Proceedings of the SC'23 Workshops of The International Conference on High Performance Computing, Network, Storage, and Analysis},
  pages={547--555},
  year={2023}
}

@article{sundriyal2018core,
  title={Core and uncore joint frequency scaling strategy},
  author={Sundriyal, Vaibhav and Sosonkina, Masha and Westheimer, Bryce and Gordon, Mark},
  journal={Journal of Computer and Communications},
  volume={6},
  number={12},
  pages={184--201},
  year={2018},
  publisher={Scientific Research Publishing}
}

@inproceedings{corbalan2021explicit,
  title={Explicit uncore frequency scaling for energy optimisation policies with EAR in Intel architectures},
  author={Corbalan, Julita and Vidal, Oriol and Alonso, Lluis and Aneas, Jordi},
  booktitle={2021 IEEE International Conference on Cluster Computing (CLUSTER)},
  pages={572--581},
  year={2021},
  organization={IEEE}
}
@inproceedings{zhang2024fcufs,
  title={FCUFS: Core-Level Frequency Tuning for Energy Optimization on Intel Processors},
  author={Zhang, Hongjian and Nukada, Akira and Liao, Qiucheng},
  booktitle={2024 IEEE International Conference on Cluster Computing (CLUSTER)},
  pages={214--225},
  year={2024},
  organization={IEEE}
}


@article{intel_uncore,
  title={THE UNCORE: A MODULAR APPROACH TO FEEDING THE HIGH-PERFORMANCE CORES.},
  author={Hill, David L and Bachand, Derek and Bilgin, Selim and Greiner, Robert and Hammarlund, Per and Huff, Thomas and Kulick, Steve and Safranek, Robert},
  journal={Intel Technology Journal},
  volume={14},
  number={3},
  year={2010}
}

@article{DUF-2022,
author = {André, Étienne and Dulong, Rémi and Guermouche, Amina and Trahay, François},
title = {duf: Dynamic uncore frequency scaling to reduce power consumption},
journal = {Concurrency and Computation: Practice and Experience},
volume = {34},
number = {3},
pages = {e6580},
year = {2022}
}
@inproceedings{keahey2019,
  title={Operational lessons from {Chameleon}},
  author = {Keahey Kate and Anderson, Jason and Ruth, Paul and Colleran, Jcob and Hammock, Cody and Stubbs, Joe and Zhen, Zhou},
booktitle = {Proceedings of the Humans in the Loop: Enabling and Facilitating Research on Cloud Computing},
year = {2019}
}