% Use this file for citations not found in the ACL Anthology (contained in "anthology.bib").

@book{Aho:72,
    author  = {Alfred V. Aho and Jeffrey D. Ullman},
    title   = {The Theory of Parsing, Translation and Compiling},
    year    = "1972",
    volume  = "1",
    publisher = {Prentice-Hall},
    address = {Englewood Cliffs, NJ}
}

@book{APA:83,
    author  = {{American Psychological Association}},
    title   = {Publications Manual},
    year    = "1983",
    publisher = {American Psychological Association},
    address = {Washington, DC}
}

@article{Chandra:81,
	author = {Ashok K. Chandra and Dexter C. Kozen and Larry J. Stockmeyer},
	year = "1981",
	title = {Alternation},
	journal = {Journal of the Association for Computing Machinery},
	volume = "28",
	number = "1",
	pages = "114--133",
	doi = "10.1145/322234.322243",
}

@inproceedings{andrew2007scalable,
  title={Scalable training of {L1}-regularized log-linear models},
  author={Andrew, Galen and Gao, Jianfeng},
  booktitle={Proceedings of the 24th International Conference on Machine Learning},
  pages={33--40},
  year={2007},
}

@book{Gusfield:97,
    author  = {Dan Gusfield},
    title   = {Algorithms on Strings, Trees and Sequences},
    year    = "1997",
    publisher = {Cambridge University Press},
    address = {Cambridge, UK}
}

@article{rasooli-tetrault-2015,
    author    = {Mohammad Sadegh Rasooli and Joel R. Tetreault},
    title     = {Yara Parser: {A} Fast and Accurate Dependency Parser},
    journal   = {Computing Research Repository},
    volume    = {arXiv:1503.06733},
    year      = {2015},
    url       = {http://arxiv.org/abs/1503.06733},
    note    = {version 2}
}

@article{Ando2005,
	Acmid = {1194905},
	Author = {Ando, Rie Kubota and Zhang, Tong},
	Issn = {1532-4435},
	Issue_Date = {12/1/2005},
	Journal = {Journal of Machine Learning Research},
	Month = dec,
	Numpages = {37},
	Pages = {1817--1853},
	Publisher = {JMLR.org},
	Title = {A Framework for Learning Predictive Structures from Multiple Tasks and Unlabeled Data},
	Volume = {6},
	Year = {2005}
}

@article{achiam2023gpt,
  title={Gpt-4 technical report},
  author={Achiam, Josh and Adler, Steven and Agarwal, Sandhini and Ahmad, Lama and Akkaya, Ilge and Aleman, Florencia Leoni and Almeida, Diogo and Altenschmidt, Janko and Altman, Sam and Anadkat, Shyamal and others},
  journal={arXiv preprint arXiv:2303.08774},
  year={2023}
}

@article{touvron2023llama,
  title={Llama 2: Open foundation and fine-tuned chat models},
  author={Touvron, Hugo and Martin, Louis and Stone, Kevin and Albert, Peter and Almahairi, Amjad and Babaei, Yasmine and Bashlykov, Nikolay and Batra, Soumya and Bhargava, Prajjwal and Bhosale, Shruti and others},
  journal={arXiv preprint arXiv:2307.09288},
  year={2023}
}

@inproceedings{park2023generative,
  title={Generative agents: Interactive simulacra of human behavior},
  author={Park, Joon Sung and O'Brien, Joseph and Cai, Carrie Jun and Morris, Meredith Ringel and Liang, Percy and Bernstein, Michael S},
  booktitle={Proceedings of the 36th Annual ACM Symposium on User Interface Software and Technology},
  pages={1--22},
  year={2023}
}

@inproceedings{shao2023character,
    title={Character-LLM: A Trainable Agent for Role-Playing},
    author={Yunfan Shao and Linyang Li and Junqi Dai and Xipeng Qiu},
    booktitle={EMNLP},
    year=2023
}

@article{zhou2023characterglm,
  title={Characterglm: Customizing chinese conversational ai characters with large language models},
  author={Zhou, Jinfeng and Chen, Zhuang and Wan, Dazhen and Wen, Bosi and Song, Yi and Yu, Jifan and Huang, Yongkang and Peng, Libiao and Yang, Jiaming and Xiao, Xiyao and others},
  journal={arXiv preprint arXiv:2311.16832},
  year={2023}
}

@article{wang2023rolellm,
  title={Rolellm: Benchmarking, eliciting, and enhancing role-playing abilities of large language models},
  author={Wang, Zekun Moore and Peng, Zhongyuan and Que, Haoran and Liu, Jiaheng and Zhou, Wangchunshu and Wu, Yuhan and Guo, Hongcheng and Gan, Ruitong and Ni, Zehao and Zhang, Man and others},
  journal={arXiv preprint arXiv:2310.00746},
  year={2023}
}

@article{shanahan2023role,
  title={Role play with large language models},
  author={Shanahan, Murray and McDonell, Kyle and Reynolds, Laria},
  journal={Nature},
  volume={623},
  number={7987},
  pages={493--498},
  year={2023},
  publisher={Nature Publishing Group UK London}
}

@article{goldberg1990alternative,
	title={An alternative" description of personality": the big-five factor structure.},
	author={Goldberg, Lewis R},
	journal={Journal of personality and social psychology},
	volume={59},
	number={6},
	pages={1216},
	year={1990},
	publisher={American Psychological Association}
}

@book{corr2009cambridge,
	title={The Cambridge handbook of personality psychology},
	author={Corr, Philip J and Matthews, Gerald Ed},
	year={2009},
	publisher={Cambridge University Press}
}

@inproceedings{li2016persona,
  title={A Persona-Based Neural Conversation Model},
  author={Li, Jiwei and Galley, Michel and Brockett, Chris and Spithourakis, Georgios and Gao, Jianfeng and Dolan, William B},
  booktitle={Proceedings of the 54th Annual Meeting of the Association for Computational Linguistics (Volume 1: Long Papers)},
  pages={994--1003},
  year={2016}
}

@inproceedings{zhang2018personalizing,
  title={Personalizing Dialogue Agents: I have a dog, do you have pets too?},
  author={Zhang, Saizheng and Dinan, Emily and Urbanek, Jack and Szlam, Arthur and Kiela, Douwe and Weston, Jason},
  booktitle={Proceedings of the 56th Annual Meeting of the Association for Computational Linguistics (Volume 1: Long Papers)},
  pages={2204--2213},
  year={2018}
}

@inproceedings{sun2021psyqa,
  title={PsyQA: A Chinese Dataset for Generating Long Counseling Text for Mental Health Support},
  author={Sun, Hao and Lin, Zhenru and Zheng, Chujie and Liu, Siyang and Huang, Minlie},
  booktitle={Findings of the Association for Computational Linguistics: ACL-IJCNLP 2021},
  pages={1489--1503},
  year={2021}
}

@article{ouyang2022training,
  title={Training language models to follow instructions with human feedback},
  author={Ouyang, Long and Wu, Jeffrey and Jiang, Xu and Almeida, Diogo and Wainwright, Carroll and Mishkin, Pamela and Zhang, Chong and Agarwal, Sandhini and Slama, Katarina and Ray, Alex and others},
  journal={Advances in neural information processing systems},
  volume={35},
  pages={27730--27744},
  year={2022}
}

@inproceedings{zheng2020pre,
  title={A pre-training based personalized dialogue generation model with persona-sparse data},
  author={Zheng, Yinhe and Zhang, Rongsheng and Huang, Minlie and Mao, Xiaoxi},
  booktitle={Proceedings of the AAAI Conference on Artificial Intelligence},
  volume={34},
  number={05},
  pages={9693--9700},
  year={2020}
}


@article{chen2023combating,
  title={Combating misinformation in the age of llms: Opportunities and challenges},
  author={Chen, Canyu and Shu, Kai},
  journal={arXiv preprint arXiv:2311.05656},
  year={2023}
}

@article{tu2024charactereval,
  title={Charactereval: A chinese benchmark for role-playing conversational agent evaluation},
  author={Tu, Quan and Fan, Shilong and Tian, Zihang and Yan, Rui},
  journal={arXiv preprint arXiv:2401.01275},
  year={2024}
}

@article{huang2023chatgpt,
  title={Chatgpt an enfj, bard an istj: Empirical study on personalities of large language models},
  author={Huang, Jen-tse and Wang, Wenxuan and Lam, Man Ho and Li, Eric John and Jiao, Wenxiang and Lyu, Michael R},
  journal={arXiv preprint arXiv:2305.19926},
  year={2023}
}

@article{wang2023does,
  title={Does role-playing chatbots capture the character personalities? assessing personality traits for role-playing chatbots},
  author={Wang, Xintao and Fei, Yaying and Leng, Ziang and Li, Cheng},
  journal={arXiv preprint arXiv:2310.17976},
  year={2023}
}

@article{tu2023characterchat,
  title={Characterchat: Learning towards conversational ai with personalized social support},
  author={Tu, Quan and Chen, Chuanqi and Li, Jinpeng and Li, Yanran and Shang, Shuo and Zhao, Dongyan and Wang, Ran and Yan, Rui},
  journal={arXiv preprint arXiv:2308.10278},
  year={2023}
}

@article{safdari2023personality,
  title={Personality traits in large language models},
  author={Safdari, Mustafa and Serapio-Garc{\'\i}a, Greg and Crepy, Cl{\'e}ment and Fitz, Stephen and Romero, Peter and Sun, Luning and Abdulhai, Marwa and Faust, Aleksandra and Matari{\'c}, Maja},
  journal={arXiv preprint arXiv:2307.00184},
  year={2023}
}

@inproceedings{barriere2022wassa,
  title={WASSA 2022 shared task: Predicting empathy, emotion and personality in reaction to news stories},
  author={Barriere, Valentin and Tafreshi, Shabnam and Sedoc, Jo{\~a}o and Alqahtani, Sawsan},
  booktitle={Proceedings of the 12th Workshop on Computational Approaches to Subjectivity, Sentiment \& Social Media Analysis},
  pages={214--227},
  year={2022}
}

@article{wu2023autogen,
  title={Autogen: Enabling next-gen llm applications via multi-agent conversation framework},
  author={Wu, Qingyun and Bansal, Gagan and Zhang, Jieyu and Wu, Yiran and Zhang, Shaokun and Zhu, Erkang and Li, Beibin and Jiang, Li and Zhang, Xiaoyun and Wang, Chi},
  journal={arXiv preprint arXiv:2308.08155},
  year={2023}
}

@article{pan2023llms,
  title={Do llms possess a personality? making the mbti test an amazing evaluation for large language models},
  author={Pan, Keyu and Zeng, Yawen},
  journal={arXiv preprint arXiv:2307.16180},
  year={2023}
}

@article{gosling2003very,
  title={A very brief measure of the Big-Five personality domains},
  author={Gosling, Samuel D and Rentfrow, Peter J and Swann Jr, William B},
  journal={Journal of Research in personality},
  volume={37},
  number={6},
  pages={504--528},
  year={2003},
  publisher={Elsevier}
}


@article{wu2024role,
  title={From Role-Play to Drama-Interaction: An LLM Solution},
  author={Wu, Weiqi and Wu, Hongqiu and Jiang, Lai and Liu, Xingyuan and Hong, Jiale and Zhao, Hai and Zhang, Min},
  journal={arXiv preprint arXiv:2405.14231},
  year={2024}
}

@article{goldberg1992development,
  title={The development of markers for the Big-Five factor structure.},
  author={Goldberg, Lewis R},
  journal={Psychological assessment},
  volume={4},
  number={1},
  pages={26},
  year={1992},
  publisher={American Psychological Association}
}

@inproceedings{luong2015addressing,
  title={Addressing the Rare Word Problem in Neural Machine Translation},
  author={Luong, Minh-Thang and Sutskever, Ilya and Le, Quoc and Vinyals, Oriol and Zaremba, Wojciech},
  booktitle={Proceedings of the 53rd Annual Meeting of the Association for Computational Linguistics and the 7th International Joint Conference on Natural Language Processing (Volume 1: Long Papers)},
  pages={11--19},
  year={2015}
}

@article{sukhbaatar2015end,
  title={End-to-end memory networks},
  author={Sukhbaatar, Sainbayar and Weston, Jason and Fergus, Rob and others},
  journal={Advances in neural information processing systems},
  volume={28},
  year={2015}
}

@article{team2023gemini,
  title={Gemini: a family of highly capable multimodal models},
  author={Team, Gemini and Anil, Rohan and Borgeaud, Sebastian and Wu, Yonghui and Alayrac, Jean-Baptiste and Yu, Jiahui and Soricut, Radu and Schalkwyk, Johan and Dai, Andrew M and Hauth, Anja and others},
  journal={arXiv preprint arXiv:2312.11805},
  year={2023}
}

@article{team2024gemma,
  title={Gemma 2: Improving open language models at a practical size},
  author={Team, Gemma and Riviere, Morgane and Pathak, Shreya and Sessa, Pier Giuseppe and Hardin, Cassidy and Bhupatiraju, Surya and Hussenot, L{\'e}onard and Mesnard, Thomas and Shahriari, Bobak and Ram{\'e}, Alexandre and others},
  journal={arXiv preprint arXiv:2408.00118},
  year={2024}
}

@article{dubey2024llama,
  title={The llama 3 herd of models},
  author={Dubey, Abhimanyu and Jauhri, Abhinav and Pandey, Abhinav and Kadian, Abhishek and Al-Dahle, Ahmad and Letman, Aiesha and Mathur, Akhil and Schelten, Alan and Yang, Amy and Fan, Angela and others},
  journal={arXiv preprint arXiv:2407.21783},
  year={2024}
}

@article{lee2023rlaif,
  title={Rlaif: Scaling reinforcement learning from human feedback with ai feedback},
  author={Lee, Harrison and Phatale, Samrat and Mansoor, Hassan and Mesnard, Thomas and Ferret, Johan and Lu, Kellie and Bishop, Colton and Hall, Ethan and Carbune, Victor and Rastogi, Abhinav and others},
  journal={arXiv preprint arXiv:2309.00267},
  year={2023}
}

@article{adler2024nemotron,
  title={Nemotron-4 340B Technical Report},
  author={Adler, Bo and Agarwal, Niket and Aithal, Ashwath and Anh, Dong H and Bhattacharya, Pallab and Brundyn, Annika and Casper, Jared and Catanzaro, Bryan and Clay, Sharon and Cohen, Jonathan and others},
  journal={arXiv preprint arXiv:2406.11704},
  year={2024}
}

@article{dubois2024length,
  title={Length-controlled alpacaeval: A simple way to debias automatic evaluators},
  author={Dubois, Yann and Galambosi, Bal{\'a}zs and Liang, Percy and Hashimoto, Tatsunori B},
  journal={arXiv preprint arXiv:2404.04475},
  year={2024}
}

@article{zheng2023judging,
  title={Judging llm-as-a-judge with mt-bench and chatbot arena},
  author={Zheng, Lianmin and Chiang, Wei-Lin and Sheng, Ying and Zhuang, Siyuan and Wu, Zhanghao and Zhuang, Yonghao and Lin, Zi and Li, Zhuohan and Li, Dacheng and Xing, Eric and others},
  journal={Advances in Neural Information Processing Systems},
  volume={36},
  pages={46595--46623},
  year={2023}
}

@article{llama3modelcard,
  title={Llama 3 Model Card},
  author={AI@Meta},
  year={2024},
  url = {https://github.com/meta-llama/llama3/blob/main/MODEL_CARD.md}
}