@article{achiam2023gpt,
  title={Gpt-4 technical report},
  author={Achiam, Josh and Adler, Steven and Agarwal, Sandhini and Ahmad, Lama and Akkaya, Ilge and Aleman, Florencia Leoni and Almeida, Diogo and Altenschmidt, Janko and Altman, Sam and Anadkat, Shyamal and others},
  journal={arXiv preprint arXiv:2303.08774},
  year={2023}
}

@article{huang2023chatgpt,
  title={Chatgpt an enfj, bard an istj: Empirical study on personalities of large language models},
  author={Huang, Jen-tse and Wang, Wenxuan and Lam, Man Ho and Li, Eric John and Jiao, Wenxiang and Lyu, Michael R},
  journal={arXiv preprint arXiv:2305.19926},
  year={2023}
}

@inproceedings{li2016persona,
  title={A Persona-Based Neural Conversation Model},
  author={Li, Jiwei and Galley, Michel and Brockett, Chris and Spithourakis, Georgios and Gao, Jianfeng and Dolan, William B},
  booktitle={Proceedings of the 54th Annual Meeting of the Association for Computational Linguistics (Volume 1: Long Papers)},
  pages={994--1003},
  year={2016}
}

@inproceedings{luong2015addressing,
  title={Addressing the Rare Word Problem in Neural Machine Translation},
  author={Luong, Minh-Thang and Sutskever, Ilya and Le, Quoc and Vinyals, Oriol and Zaremba, Wojciech},
  booktitle={Proceedings of the 53rd Annual Meeting of the Association for Computational Linguistics and the 7th International Joint Conference on Natural Language Processing (Volume 1: Long Papers)},
  pages={11--19},
  year={2015}
}

@inproceedings{shao2023character,
    title={Character-LLM: A Trainable Agent for Role-Playing},
    author={Yunfan Shao and Linyang Li and Junqi Dai and Xipeng Qiu},
    booktitle={EMNLP},
    year=2023
}

@article{sukhbaatar2015end,
  title={End-to-end memory networks},
  author={Sukhbaatar, Sainbayar and Weston, Jason and Fergus, Rob and others},
  journal={Advances in neural information processing systems},
  volume={28},
  year={2015}
}

@article{tu2024charactereval,
  title={Charactereval: A chinese benchmark for role-playing conversational agent evaluation},
  author={Tu, Quan and Fan, Shilong and Tian, Zihang and Yan, Rui},
  journal={arXiv preprint arXiv:2401.01275},
  year={2024}
}

@article{wang2023does,
  title={Does role-playing chatbots capture the character personalities? assessing personality traits for role-playing chatbots},
  author={Wang, Xintao and Fei, Yaying and Leng, Ziang and Li, Cheng},
  journal={arXiv preprint arXiv:2310.17976},
  year={2023}
}

@article{wang2023rolellm,
  title={Rolellm: Benchmarking, eliciting, and enhancing role-playing abilities of large language models},
  author={Wang, Zekun Moore and Peng, Zhongyuan and Que, Haoran and Liu, Jiaheng and Zhou, Wangchunshu and Wu, Yuhan and Guo, Hongcheng and Gan, Ruitong and Ni, Zehao and Zhang, Man and others},
  journal={arXiv preprint arXiv:2310.00746},
  year={2023}
}

@inproceedings{zhang2018personalizing,
  title={Personalizing Dialogue Agents: I have a dog, do you have pets too?},
  author={Zhang, Saizheng and Dinan, Emily and Urbanek, Jack and Szlam, Arthur and Kiela, Douwe and Weston, Jason},
  booktitle={Proceedings of the 56th Annual Meeting of the Association for Computational Linguistics (Volume 1: Long Papers)},
  pages={2204--2213},
  year={2018}
}

@inproceedings{zheng2020pre,
  title={A pre-training based personalized dialogue generation model with persona-sparse data},
  author={Zheng, Yinhe and Zhang, Rongsheng and Huang, Minlie and Mao, Xiaoxi},
  booktitle={Proceedings of the AAAI Conference on Artificial Intelligence},
  volume={34},
  number={05},
  pages={9693--9700},
  year={2020}
}

