@inproceedings{Fredrikson2015ModelInversion,
author = {Fredrikson, Matt and Jha, Somesh and Ristenpart, Thomas},
title = {Model Inversion Attacks that Exploit Confidence Information and Basic Countermeasures},
year = {2015},
isbn = {9781450338325},
booktitle = {the 22nd {ACM SIGSAC} },
pages = {1322–1333},
numpages = {12},
location = {Denver, Colorado, USA},
}

@misc{tramèr2019slalomfastverifiableprivate,
      title={Slalom: Fast, Verifiable and Private Execution of Neural Networks in Trusted Hardware}, 
      author={Florian Tramèr and Dan Boneh},
      year={2019},
      eprint={1806.03287},
      archivePrefix={arXiv},
      primaryClass={stat.ML},
      url={https://arxiv.org/abs/1806.03287}
}

