@misc{deepseekai2025r1,
      title={DeepSeek-R1: Incentivizing Reasoning Capability in LLMs via Reinforcement Learning}, 
      author={DeepSeek-AI and Daya Guo and Dejian Yang and Haowei Zhang and Junxiao Song and Ruoyu Zhang and Runxin Xu and Qihao Zhu and Shirong Ma and Peiyi Wang and Xiao Bi and Xiaokang Zhang and Xingkai Yu and Yu Wu and Z. F. Wu and Zhibin Gou and Zhihong Shao and Zhuoshu Li and Ziyi Gao and Aixin Liu and Bing Xue and Bingxuan Wang and Bochao Wu and Bei Feng and Chengda Lu and Chenggang Zhao and Chengqi Deng and Chenyu Zhang and Chong Ruan and Damai Dai and Deli Chen and Dongjie Ji and Erhang Li and Fangyun Lin and Fucong Dai and Fuli Luo and Guangbo Hao and Guanting Chen and Guowei Li and H. Zhang and Han Bao and Hanwei Xu and Haocheng Wang and Honghui Ding and Huajian Xin and Huazuo Gao and Hui Qu and Hui Li and Jianzhong Guo and Jiashi Li and Jiawei Wang and Jingchang Chen and Jingyang Yuan and Junjie Qiu and Junlong Li and J. L. Cai and Jiaqi Ni and Jian Liang and Jin Chen and Kai Dong and Kai Hu and Kaige Gao and Kang Guan and Kexin Huang and Kuai Yu and Lean Wang and Lecong Zhang and Liang Zhao and Litong Wang and Liyue Zhang and Lei Xu and Leyi Xia and Mingchuan Zhang and Minghua Zhang and Minghui Tang and Meng Li and Miaojun Wang and Mingming Li and Ning Tian and Panpan Huang and Peng Zhang and Qiancheng Wang and Qinyu Chen and Qiushi Du and Ruiqi Ge and Ruisong Zhang and Ruizhe Pan and Runji Wang and R. J. Chen and R. L. Jin and Ruyi Chen and Shanghao Lu and Shangyan Zhou and Shanhuang Chen and Shengfeng Ye and Shiyu Wang and Shuiping Yu and Shunfeng Zhou and Shuting Pan and S. S. Li and Shuang Zhou and Shaoqing Wu and Shengfeng Ye and Tao Yun and Tian Pei and Tianyu Sun and T. Wang and Wangding Zeng and Wanjia Zhao and Wen Liu and Wenfeng Liang and Wenjun Gao and Wenqin Yu and Wentao Zhang and W. L. Xiao and Wei An and Xiaodong Liu and Xiaohan Wang and Xiaokang Chen and Xiaotao Nie and Xin Cheng and Xin Liu and Xin Xie and Xingchao Liu and Xinyu Yang and Xinyuan Li and Xuecheng Su and Xuheng Lin and X. Q. Li and Xiangyue Jin and Xiaojin Shen and Xiaosha Chen and Xiaowen Sun and Xiaoxiang Wang and Xinnan Song and Xinyi Zhou and Xianzu Wang and Xinxia Shan and Y. K. Li and Y. Q. Wang and Y. X. Wei and Yang Zhang and Yanhong Xu and Yao Li and Yao Zhao and Yaofeng Sun and Yaohui Wang and Yi Yu and Yichao Zhang and Yifan Shi and Yiliang Xiong and Ying He and Yishi Piao and Yisong Wang and Yixuan Tan and Yiyang Ma and Yiyuan Liu and Yongqiang Guo and Yuan Ou and Yuduan Wang and Yue Gong and Yuheng Zou and Yujia He and Yunfan Xiong and Yuxiang Luo and Yuxiang You and Yuxuan Liu and Yuyang Zhou and Y. X. Zhu and Yanhong Xu and Yanping Huang and Yaohui Li and Yi Zheng and Yuchen Zhu and Yunxian Ma and Ying Tang and Yukun Zha and Yuting Yan and Z. Z. Ren and Zehui Ren and Zhangli Sha and Zhe Fu and Zhean Xu and Zhenda Xie and Zhengyan Zhang and Zhewen Hao and Zhicheng Ma and Zhigang Yan and Zhiyu Wu and Zihui Gu and Zijia Zhu and Zijun Liu and Zilin Li and Ziwei Xie and Ziyang Song and Zizheng Pan and Zhen Huang and Zhipeng Xu and Zhongyu Zhang and Zhen Zhang},
      year={2025},
      eprint={2501.12948},
      archivePrefix={arXiv},
      primaryClass={cs.CL},
      url={https://arxiv.org/abs/2501.12948}, 
}

@article{ding2024cycle,
  title={Cycle: Learning to self-refine the code generation},
  author={Ding, Yangruibo and Min, Marcus J and Kaiser, Gail and Ray, Baishakhi},
  journal={Proceedings of the ACM on Programming Languages},
  volume={8},
  number={OOPSLA1},
  pages={392--418},
  year={2024},
  publisher={ACM New York, NY, USA}
}

@inproceedings{ding2024traced,
  title={Traced: Execution-aware pre-training for source code},
  author={Ding, Yangruibo and Steenhoek, Benjamin and Pei, Kexin and Kaiser, Gail and Le, Wei and Ray, Baishakhi},
  booktitle={Proceedings of the 46th IEEE/ACM International Conference on Software Engineering},
  pages={1--12},
  year={2024}
}

@article{graves2014neural,
  title={Neural Turing Machines},
  author={Graves, Alex and Wayne, Greg and Danihelka, Ivo},
  journal={arXiv preprint arXiv:1410.5401},
  year={2014}
}

@InProceedings{gu2024cruxeval,
  title = 	 {{CRUXE}val: A Benchmark for Code Reasoning, Understanding and Execution},
  author =       {Gu, Alex and Roziere, Baptiste and Leather, Hugh James and Solar-Lezama, Armando and Synnaeve, Gabriel and Wang, Sida},
  booktitle = 	 {Proceedings of the 41st International Conference on Machine Learning},
  pages = 	 {16568--16621},
  year = 	 {2024},
  editor = 	 {Salakhutdinov, Ruslan and Kolter, Zico and Heller, Katherine and Weller, Adrian and Oliver, Nuria and Scarlett, Jonathan and Berkenkamp, Felix},
  volume = 	 {235},
  series = 	 {Proceedings of Machine Learning Research},
  month = 	 {21--27 Jul},
  publisher =    {PMLR},
  pdf = 	 {https://raw.githubusercontent.com/mlresearch/v235/main/assets/gu24c/gu24c.pdf},
  url = 	 {https://proceedings.mlr.press/v235/gu24c.html}

@inproceedings{gururangan2020don,
  title={Donâ€™t Stop Pretraining: Adapt Language Models to Domains and Tasks},
  author={Gururangan, Suchin and Marasovi{\'c}, Ana and Swayamdipta, Swabha and Lo, Kyle and Beltagy, Iz and Downey, Doug and Smith, Noah A},
  booktitle={Proceedings of the 58th Annual Meeting of the Association for Computational Linguistics},
  pages={8342--8360},
  year={2020}
}

@article{huang2024opencoder,
  title={Opencoder: The open cookbook for top-tier code large language models},
  author={Huang, Siming and Cheng, Tianhao and Liu, Jason Klein and Hao, Jiaran and Song, Liuyihan and Xu, Yang and Yang, J and Liu, JH and Zhang, Chenchen and Chai, Linzheng and others},
  journal={arXiv preprint arXiv:2411.04905},
  year={2024}
}

@article{hui2024qwen25coder,
      title={Qwen2. 5-Coder Technical Report},
      author={Hui, Binyuan and Yang, Jian and Cui, Zeyu and Yang, Jiaxi and Liu, Dayiheng and Zhang, Lei and Liu, Tianyu and Zhang, Jiajun and Yu, Bowen and Dang, Kai and others},
      journal={arXiv preprint arXiv:2409.12186},
      year={2024}
}

@article{jaech2024openaio1,
  title={OpenAI o1 System Card},
  author={Jaech, Aaron and Kalai, Adam and Lerer, Adam and Richardson, Adam and El-Kishky, Ahmed and Low, Aiden and Helyar, Alec and Madry, Aleksander and Beutel, Alex and Carney, Alex and others},
  journal={arXiv preprint arXiv:2412.16720},
  year={2024}
}

@article{jain2024livecodebench,
  title={Livecodebench: Holistic and contamination free evaluation of large language models for code},
  author={Jain, Naman and Han, King and Gu, Alex and Li, Wen-Ding and Yan, Fanjia and Zhang, Tianjun and Wang, Sida and Solar-Lezama, Armando and Sen, Koushik and Stoica, Ion},
  journal={arXiv preprint arXiv:2403.07974},
  year={2024}
}

@inproceedings{liu2023code,
  title={Code Execution with Pre-trained Language Models},
  author={Liu, Chenxiao and Lu, Shuai and Chen, Weizhu and Jiang, Daxin and Svyatkovskiy, Alexey and Fu, Shengyu and Sundaresan, Neel and Duan, Nan},
  booktitle={Findings of the Association for Computational Linguistics: ACL 2023},
  pages={4984--4999},
  year={2023}
}

@article{nye2021show,
  title={Show your work: Scratchpads for intermediate computation with language models},
  author={Nye, Maxwell and Andreassen, Anders Johan and Gur-Ari, Guy and Michalewski, Henryk and Austin, Jacob and Bieber, David and Dohan, David and Lewkowycz, Aitor and Bosma, Maarten and Luan, David and others},
  journal={arXiv preprint arXiv:2112.00114},
  year={2021}
}

@article{roziere2023code,
  title={Code llama: Open foundation models for code},
  author={Roziere, Baptiste and Gehring, Jonas and Gloeckle, Fabian and Sootla, Sten and Gat, Itai and Tan, Xiaoqing Ellen and Adi, Yossi and Liu, Jingyu and Sauvestre, Romain and Remez, Tal and others},
  journal={arXiv preprint arXiv:2308.12950},
  year={2023}
}

@article{shao2024deepseekmath,
  title={Deepseekmath: Pushing the limits of mathematical reasoning in open language models},
  author={Shao, Zhihong and Wang, Peiyi and Zhu, Qihao and Xu, Runxin and Song, Junxiao and Bi, Xiao and Zhang, Haowei and Zhang, Mingchuan and Li, YK and Wu, Y and others},
  journal={arXiv preprint arXiv:2402.03300},
  year={2024}
}

@inproceedings{suzgun2023bbh,
  title={Challenging BIG-Bench Tasks and Whether Chain-of-Thought Can Solve Them},
  author={Suzgun, Mirac and Scales, Nathan and Sch{\"a}rli, Nathanael and Gehrmann, Sebastian and Tay, Yi and Chung, Hyung Won and Chowdhery, Aakanksha and Le, Quoc and Chi, Ed and Zhou, Denny and others},
  booktitle={Findings of the Association for Computational Linguistics: ACL 2023},
  pages={13003--13051},
  year={2023}
}

@inproceedings{wang2024leti,
  title={LETI: Learning to Generate from Textual Interactions},
  author={Wang, Xingyao and Peng, Hao and Jabbarvand, Reyhaneh and Ji, Heng},
  booktitle={Findings of the Association for Computational Linguistics: NAACL 2024},
  pages={223--239},
  year={2024}
}

@article{yang2024qwen25math,
  title={Qwen2.5-math technical report: Toward mathematical expert model via self-improvement},
  author={Yang, An and Zhang, Beichen and Hui, Binyuan and Gao, Bofei and Yu, Bowen and Li, Chengpeng and Liu, Dayiheng and Tu, Jianhong and Zhou, Jingren and Lin, Junyang and others},
  journal={arXiv preprint arXiv:2409.12122},
  year={2024}
}

@article{ying2024internlmmath,
  title={Internlm-math: Open math large language models toward verifiable reasoning},
  author={Ying, Huaiyuan and Zhang, Shuo and Li, Linyang and Zhou, Zhejian and Shao, Yunfan and Fei, Zhaoye and Ma, Yichuan and Hong, Jiawei and Liu, Kuikun and Wang, Ziyi and others},
  journal={arXiv preprint arXiv:2402.06332},
  year={2024}
}

@article{yue2024mammoth2,
  title={Mammoth2: Scaling instructions from the web},
  author={Yue, Xiang and Zheng, Tuney and Zhang, Ge and Chen, Wenhu},
  journal={arXiv preprint arXiv:2405.03548},
  year={2024}
}

@article{zaremba2014learning,
  title={Learning to execute},
  author={Zaremba, Wojciech and Sutskever, Ilya},
  journal={arXiv preprint arXiv:1410.4615},
  year={2014}
}

@article{zeng2024skyworkmath,
  title={Skywork-Math: Data Scaling Laws for Mathematical Reasoning in Large Language Models--The Story Goes On},
  author={Zeng, Liang and Zhong, Liangjun and Zhao, Liang and Wei, Tianwen and Yang, Liu and He, Jujie and Cheng, Cheng and Hu, Rui and Liu, Yang and Yan, Shuicheng and others},
  journal={arXiv preprint arXiv:2407.08348},
  year={2024}
}

@article{zhu2024deepseekcoder,
  title={DeepSeek-Coder-V2: Breaking the Barrier of Closed-Source Models in Code Intelligence},
  author={Zhu, Qihao and Guo, Daya and Shao, Zhihong and Yang, Dejian and Wang, Peiyi and Xu, Runxin and Wu, Y and Li, Yukun and Gao, Huazuo and Ma, Shirong and others},
  journal={arXiv preprint arXiv:2406.11931},
  year={2024}
}

