@article{bradley1952rank,
  title={Rank analysis of incomplete block designs: I. The method of paired comparisons},
  author={Bradley, Ralph Allan and Terry, Milton E},
  journal={Biometrika},
  volume={39},
  number={3/4},
  pages={324--345},
  year={1952},
  publisher={JSTOR}
}

@article{xu2020simultaneous,
  title={Simultaneous preference and metric learning from paired comparisons},
  author={Xu, Austin and Davenport, Mark},
  journal={Advances in Neural Information Processing Systems},
  volume={33},
  pages={454--465},
  year={2020}
}

@inproceedings{singla2016actively,
  title={Actively learning hemimetrics with applications to eliciting user preferences},
  author={Singla, Adish and Tschiatschek, Sebastian and Krause, Andreas},
  booktitle={International Conference on Machine Learning},
  pages={412--420},
  year={2016},
  organization={PMLR}
}

@article{jamieson2011active,
  title={Active ranking using pairwise comparisons},
  author={Jamieson, Kevin G and Nowak, Robert},
  journal={Advances in neural information processing systems},
  volume={24},
  year={2011}
}

@article{coombs2017psychological,
  title={Psychological scaling without a unit of measurement},
  author={Coombs, Clyde Hamilton},
  journal={Psychological review},
  volume={57},
  number={3},
  year={1950}
}

@article{bakker2022fine,
  title={Fine-tuning language models to find agreement among humans with diverse preferences},
  author={Bakker, Michiel and Chadwick, Martin and Sheahan, Hannah and Tessler, Michael and Campbell-Gillingham, Lucy and Balaguer, Jan and McAleese, Nat and Glaese, Amelia and Aslanides, John and Botvinick, Matt and others},
  journal={Advances in Neural Information Processing Systems},
  volume={35},
  pages={38176--38189},
  year={2022}
}

@inproceedings{santurkar2023whose,
  title={Whose opinions do language models reflect?},
  author={Santurkar, Shibani and Durmus, Esin and Ladhak, Faisal and Lee, Cinoo and Liang, Percy and Hashimoto, Tatsunori},
  booktitle={International Conference on Machine Learning},
  pages={29971--30004},
  year={2023},
  organization={PMLR}
}

@article{chen2024pal,
  title={PAL: Pluralistic Alignment Framework for Learning from Heterogeneous Preferences},
  author={Chen, Daiwei and Chen, Yi and Rege, Aniket and Vinayak, Ramya Vinayak},
  journal={arXiv preprint arXiv:2406.08469},
  year={2024}
}

@book{boyd2004convex,
  author = {Boyd, Stephen and Vandenberghe, Lieven},
  publisher = {{Cambridge University Press}},
  title = {Convex Optimization},
  year = 2004
}

@article{ouyang2022training,
  title={Training language models to follow instructions with human feedback},
  author={Ouyang, Long and Wu, Jeffrey and Jiang, Xu and Almeida, Diogo and Wainwright, Carroll and Mishkin, Pamela and Zhang, Chong and Agarwal, Sandhini and Slama, Katarina and Ray, Alex and others},
  journal={Advances in neural information processing systems},
  volume={35},
  pages={27730--27744},
  year={2022}
}

@article{rafailov2024direct,
  title={Direct preference optimization: Your language model is secretly a reward model},
  author={Rafailov, Rafael and Sharma, Archit and Mitchell, Eric and Manning, Christopher D and Ermon, Stefano and Finn, Chelsea},
  journal={Advances in Neural Information Processing Systems},
  volume={36},
  year={2024}
}

@article{ji2023ai,
  title={Ai alignment: A comprehensive survey},
  author={Ji, Jiaming and Qiu, Tianyi and Chen, Boyuan and Zhang, Borong and Lou, Hantao and Wang, Kaile and Duan, Yawen and He, Zhonghao and Zhou, Jiayi and Zhang, Zhaowei and others},
  journal={arXiv preprint arXiv:2310.19852},
  year={2023}
}

@article{casper2023open,
  title={Open problems and fundamental limitations of reinforcement learning from human feedback},
  author={Casper, Stephen and Davies, Xander and Shi, Claudia and Gilbert, Thomas Krendl and Scheurer, J{\'e}r{\'e}my and Rando, Javier and Freedman, Rachel and Korbak, Tomasz and Lindner, David and Freire, Pedro and others},
  journal={arXiv preprint arXiv:2307.15217},
  year={2023}
}

@article{morris2023text,
  title={Text embeddings reveal (almost) as much as text},
  author={Morris, John X and Kuleshov, Volodymyr and Shmatikov, Vitaly and Rush, Alexander M},
  journal={arXiv preprint arXiv:2310.06816},
  year={2023}
}

@article{neyman1997correlated,
  title={Correlated equilibrium and potential games},
  author={Neyman, Abraham},
  journal={International Journal of Game Theory},
  volume={26},
  number={2},
  pages={223--227},
  year={1997},
  publisher={Springer}
}

@inproceedings{langley00,
 author    = {P. Langley},
 title     = {Crafting Papers on Machine Learning},
 year      = {2000},
 pages     = {1207--1216},
 editor    = {Pat Langley},
 booktitle     = {Proceedings of the 17th International Conference
              on Machine Learning (ICML 2000)},
 address   = {Stanford, CA},
 publisher = {Morgan Kaufmann}
}

@TechReport{mitchell80,
  author = 	 "T. M. Mitchell",
  title = 	 "The Need for Biases in Learning Generalizations",
  institution =  "Computer Science Department, Rutgers University",
  year = 	 "1980",
  address =	 "New Brunswick, MA",
}

@phdthesis{kearns89,
  author = {M. J. Kearns},
  title =  {Computational Complexity of Machine Learning},
  school = {Department of Computer Science, Harvard University},
  year =   {1989}
}

@Book{MachineLearningI,
  editor = 	 "R. S. Michalski and J. G. Carbonell and T.
		  M. Mitchell",
  title = 	 "Machine Learning: An Artificial Intelligence
		  Approach, Vol. I",
  publisher = 	 "Tioga",
  year = 	 "1983",
  address =	 "Palo Alto, CA"
}

@Book{DudaHart2nd,
  author =       "R. O. Duda and P. E. Hart and D. G. Stork",
  title =        "Pattern Classification",
  publisher =    "John Wiley and Sons",
  edition =      "2nd",
  year =         "2000"
}

@misc{anonymous,
  title= {Suppressed for Anonymity},
  author= {Author, N. N.},
  year= {2021}
}

@InCollection{Newell81,
  author =       "A. Newell and P. S. Rosenbloom",
  title =        "Mechanisms of Skill Acquisition and the Law of
                  Practice", 
  booktitle =    "Cognitive Skills and Their Acquisition",
  pages =        "1--51",
  publisher =    "Lawrence Erlbaum Associates, Inc.",
  year =         "1981",
  editor =       "J. R. Anderson",
  chapter =      "1",
  address =      "Hillsdale, NJ"
}


@Article{Samuel59,
  author = 	 "A. L. Samuel",
  title = 	 "Some Studies in Machine Learning Using the Game of
		  Checkers",
  journal =	 "IBM Journal of Research and Development",
  year =	 "1959",
  volume =	 "3",
  number =	 "3",
  pages =	 "211--229"
}


@article{cortes2014self,
  title={Self-triggered best-response dynamics for continuous games},
  author={Cort{\'e}s, Andres and Mart{\'\i}nez, Sonia},
  journal={IEEE Transactions on Automatic Control},
  volume={60},
  number={4},
  pages={1115--1120},
  year={2014},
  publisher={IEEE}
}

@book{wright2022optimization,
  title={Optimization for data analysis},
  author={Wright, Stephen J and Recht, Benjamin},
  year={2022},
  publisher={Cambridge University Press}
}

@article{roughgarden2010algorithmic,
  title={Algorithmic game theory},
  author={Roughgarden, Tim},
  journal={Communications of the ACM},
  volume={53},
  number={7},
  pages={78--86},
  year={2010},
  publisher={ACM New York, NY, USA}
}

@book{osborne1994course,
  title={A course in game theory},
  author={Osborne, Martin J},
  year={1994},
  publisher={MIT Press}
}

@book{tadelis2013game,
  title={Game Theory: An Introduction},
  author={Tadelis, Steven},
  year={2013},
  publisher={Princeton University Press}
}

@inproceedings{park2024rlhf,
  title={Rlhf from heterogeneous feedback via personalization and preference aggregation},
  author={Park, Chanwoo and Liu, Mingyang and Kong, Dingwen and Zhang, Kaiqing and Ozdaglar, Asuman E},
  booktitle={ICML 2024 Workshop: Aligning Reinforcement Learning Experimentalists and Theorists},
  year={2024}
}

@article{hao2024online,
  title={Online Learning from Strategic Human Feedback in LLM Fine-Tuning},
  author={Hao, Shugang and Duan, Lingjie},
  journal={arXiv preprint arXiv:2412.16834},
  year={2024}
}

@article{sun2024mechanism,
  title={Mechanism Design for LLM Fine-tuning with Multiple Reward Models},
  author={Sun, Haoran and Chen, Yurong and Wang, Siwei and Chen, Wei and Deng, Xiaotie},
  journal={arXiv preprint arXiv:2405.16276},
  year={2024}
}

@article{soumalias2024truthful,
  title={Truthful Aggregation of LLMs with an Application to Online Advertising},
  author={Soumalias, Ermis and Curry, Michael J and Seuken, Sven},
  journal={arXiv preprint arXiv:2405.05905},
  year={2024}
}

@article{conitzer2024social,
  title={Social Choice Should Guide AI Alignment in Dealing with Diverse Human Feedback},
  author={Conitzer, Vincent and Freedman, Rachel and Heitzig, Jobst and Holliday, Wesley H and Jacobs, Bob M and Lambert, Nathan and Moss{\'e}, Milan and Pacuit, Eric and Russell, Stuart and Schoelkopf, Hailey and others},
  journal={arXiv preprint arXiv:2404.10271},
  year={2024}
}

@article{roughgarden2017online,
  title={Online prediction with selfish experts},
  author={Roughgarden, Tim and Schrijvers, Okke},
  journal={Advances in Neural Information Processing Systems},
  volume={30},
  year={2017}
}

@article{rosset2024direct,
  title={Direct nash optimization: Teaching language models to self-improve with general preferences},
  author={Rosset, Corby and Cheng, Ching-An and Mitra, Arindam and Santacroce, Michael and Awadallah, Ahmed and Xie, Tengyang},
  journal={arXiv preprint arXiv:2404.03715},
  year={2024}
}

@article{munos2023nash,
  title={Nash learning from human feedback},
  author={Munos, R{\'e}mi and Valko, Michal and Calandriello, Daniele and Azar, Mohammad Gheshlaghi and Rowland, Mark and Guo, Zhaohan Daniel and Tang, Yunhao and Geist, Matthieu and Mesnard, Thomas and Michi, Andrea and others},
  journal={arXiv preprint arXiv:2312.00886},
  year={2023}
}

@article{swamy2024minimaximalist,
  title={A minimaximalist approach to reinforcement learning from human feedback},
  author={Swamy, Gokul and Dann, Christoph and Kidambi, Rahul and Wu, Zhiwei Steven and Agarwal, Alekh},
  journal={arXiv preprint arXiv:2401.04056},
  year={2024}
}