@inproceedings{almalik2022self,
  title={Self-ensembling vision transformer (sevit) for robust medical image classification},
  author={Almalik, Faris and Yaqub, Mohammad and Nandakumar, Karthik},
  booktitle={International Conference on Medical Image Computing and Computer-Assisted Intervention},
  pages={376--386},
  year={2022},
  organization={Springer}
}

@article{buda2018systematic,
  title={A systematic study of the class imbalance problem in convolutional neural networks},
  author={Buda, Mateusz and Maki, Atsuto and Mazurowski, Maciej A},
  journal={Neural networks},
  volume={106},
  pages={249--259},
  year={2018},
  publisher={Elsevier}
}

@article{cao2019learning,
  title={Learning imbalanced datasets with label-distribution-aware margin loss},
  author={Cao, Kaidi and Wei, Colin and Gaidon, Adrien and Arechiga, Nikos and Ma, Tengyu},
  journal={NeurIPS},
  volume={32},
  year={2019}
}

@inproceedings{chen2020joint,
  title={Joint spatial-wavelet dual-stream network for super-resolution},
  author={Chen, Zhen and Guo, Xiaoqing and Yang, Chen and Ibragimov, Bulat and Yuan, Yixuan},
  booktitle={MICCAI},
  pages={184--193},
  year={2020},
  organization={Springer}
}

@inproceedings{chen2021diagnose,
  title={Diagnose like a pathologist: Weakly-supervised pathologist-tree network for slide-level immunohistochemical scoring},
  author={Chen, Zhen and Zhang, Jun and Che, Shuanlong and Huang, Junzhou and Han, Xiao and Yuan, Yixuan},
  booktitle={Proceedings of the AAAI Conference on Artificial Intelligence},
  volume={35},
  number={1},
  pages={47--54},
  year={2021}
}

@inproceedings{chen2021self,
  title={Self-supervised Learning for Medical Image Classification Using Imbalanced Training Data},
  author={Chen, Weilin and Li, Kangshun},
  booktitle={International Symposium on Intelligence Computation and Applications},
  pages={242--252},
  year={2021},
  organization={Springer}
}

@article{chen2022instance,
  title={Instance importance-aware graph convolutional network for 3D medical diagnosis},
  author={Chen, Zhen and Liu, Jie and Zhu, Meilu and Woo, Peter YM and Yuan, Yixuan},
  journal={Medical Image Analysis},
  volume={78},
  pages={102421},
  year={2022},
  publisher={Elsevier}
}

@article{chen2023medical,
  title={Medical federated learning with joint graph purification for noisy label learning},
  author={Chen, Zhen and Li, Wuyang and Xing, Xiaohan and Yuan, Yixuan},
  journal={Medical Image Analysis},
  volume={90},
  pages={102976},
  year={2023},
  publisher={Elsevier}
}

@article{chen2023pcct,
  title={PCCT: Progressive class-center triplet loss for imbalanced medical image classification},
  author={Chen, Kanghao and Lei, Weixian and Zhao, Shen and Zheng, Wei-Shi and Wang, Ruixuan},
  journal={IEEE Journal of Biomedical and Health Informatics},
  volume={27},
  number={4},
  pages={2026--2036},
  year={2023},
  publisher={IEEE}
}

@inproceedings{chen2023star,
  title={Surgical Temporal Action-aware Network with Sequence Regularization for Phase Recognition},
  author={Chen, Zhen and Zhai, Yuhao and Zhang, Jun and Wang, Jinqiao},
  booktitle={BIBM},
  year={2023},
  organization={IEEE}
}

@inproceedings{chen2023surgical,
  title={Surgical video captioning with mutual-modal concept alignment},
  author={Chen, Zhen and Guo, Qingyu and Yeung, Leo KT and Chan, Danny TM and Lei, Zhen and Liu, Hongbin and Wang, Jinqiao},
  booktitle={MICCAI},
  pages={24--34},
  year={2023},
  organization={Springer}
}

@article{chen2024sam,
  title={UN-SAM: Universal Prompt-Free Segmentation for Generalized Nuclei Images},
  author={Chen, Zhen and Xu, Qing and Liu, Xinyu and Yuan, Yixuan},
  journal={arXiv preprint arXiv:2402.16663},
  year={2024}
}

@inproceedings{galdran2021balanced,
  title={Balanced-mixup for highly imbalanced medical image classification},
  author={Galdran, Adrian and Carneiro, Gustavo and Gonz{\'a}lez Ballester, Miguel A},
  booktitle={MICCAI},
  pages={323--333},
  year={2021},
  organization={Springer}
}

@article{islam2021review,
  title={A review on deep learning techniques for the diagnosis of novel coronavirus (COVID-19)},
  author={Islam, Md Milon and Karray, Fakhri and Alhajj, Reda and Zeng, Jia},
  journal={Ieee Access},
  volume={9},
  pages={30551--30572},
  year={2021},
  publisher={IEEE}
}

@inproceedings{jin2023long,
  title={Long-tailed visual recognition via self-heterogeneous integration with knowledge excavation},
  author={Jin, Yan and Li, Mengke and Lu, Yang and Cheung, Yiu-ming and Wang, Hanzi},
  booktitle={Proceedings of the IEEE/CVF conference on computer vision and pattern recognition},
  pages={23695--23704},
  year={2023}
}

@inproceedings{ju2022flexible,
  title={Flexible Sampling for Long-Tailed Skin Lesion Classification},
  author={Ju, Lie and Wu, Yicheng and Wang, Lin and Yu, Zhen and Zhao, Xin and Wang, Xin and Bonnington, Paul and Ge, Zongyuan},
  booktitle={MICCAI},
  pages={462--471},
  year={2022},
  organization={Springer}
}

@article{kang2019decoupling,
  title={Decoupling representation and classifier for long-tailed recognition},
  author={Kang, Bingyi and Xie, Saining and Rohrbach, Marcus and Yan, Zhicheng and Gordo, Albert and Feng, Jiashi and Kalantidis, Yannis},
  journal={ICLR},
  year={2020}
}

@article{khushi2021comparative,
  title={A comparative performance analysis of data resampling methods on imbalance medical data},
  author={Khushi, Matloob and Shaukat, Kamran and Alam, Talha Mahboob and Hameed, Ibrahim A and Uddin, Shahadat and Luo, Suhuai and Yang, Xiaoyan and Reyes, Maranatha Consuelo},
  journal={IEEE Access},
  volume={9},
  pages={109960--109975},
  year={2021},
  publisher={IEEE}
}

@inproceedings{li2022flat,
  title={Flat-Aware Cross-Stage Distilled Framework for Imbalanced Medical Image Classification},
  author={Li, Jinpeng and Chen, Guangyong and Mao, Hangyu and Deng, Danruo and Li, Dong and Hao, Jianye and Dou, Qi and Heng, Pheng-Ann},
  booktitle={MICCAI},
  pages={217--226},
  year={2022},
  organization={Springer}
}

@inproceedings{li2022long,
  title={Long-tailed visual recognition via gaussian clouded logit adjustment},
  author={Li, Mengke and Cheung, Yiu-ming and Lu, Yang},
  booktitle={Proceedings of the IEEE/CVF Conference on Computer Vision and Pattern Recognition},
  pages={6929--6938},
  year={2022}
}

@inproceedings{lin2017focal,
  title={Focal loss for dense object detection},
  author={Lin, Tsung-Yi and Goyal, Priya and Girshick, Ross and He, Kaiming and Doll{\'a}r, Piotr},
  booktitle={ICCV},
  pages={2980--2988},
  year={2017}
}

@article{liu2021medical,
  title={Medical image classification based on an adaptive size deep learning model},
  author={Liu, Xiangbin and He, Jiesheng and Song, Liping and Liu, Shuai and Srivastava, Gautam},
  journal={ACM Transactions on Multimedia Computing, Communications, and Applications (TOMM)},
  volume={17},
  number={3s},
  pages={1--18},
  year={2021},
  publisher={ACM New York, NY}
}

@inproceedings{lu2023label,
  title={Label-noise learning with intrinsically long-tailed data},
  author={Lu, Yang and Zhang, Yiliang and Han, Bo and Cheung, Yiu-ming and Wang, Hanzi},
  booktitle={Proceedings of the IEEE/CVF International Conference on Computer Vision},
  pages={1369--1378},
  year={2023}
}

@inproceedings{luo2024surgplan,
  title={Surgplan: Surgical phase localization network for phase recognition},
  author={Luo, Xingjian and Pang, You and Chen, Zhen and Wu, Jinlin and Zhang, Zongmin and Lei, Zhen and Liu, Hongbin},
  booktitle={ISBI},
  pages={1--5},
  year={2024},
  organization={IEEE}
}

@inproceedings{marrakchi2021fighting,
  title={Fighting class imbalance with contrastive learning},
  author={Marrakchi, Yassine and Makansi, Osama and Brox, Thomas},
  booktitle={MICCAI},
  pages={466--476},
  year={2021},
  organization={Springer}
}

@article{more2016survey,
  title={Survey of resampling techniques for improving classification performance in unbalanced datasets},
  author={More, Ajinkya},
  journal={arXiv:1608.06048},
  year={2016}
}

@article{nam2023decoupled,
  title={Decoupled Training for Long-Tailed Classification With Stochastic Representations},
  author={Nam, Giung and Jang, Sunguk and Lee, Juho},
  journal={arXiv:2304.09426},
  year={2023}
}

@inproceedings{pan2024focus,
  title={Focus on Focus: Focus-oriented Representation Learning and Multi-view Cross-modal Alignment for Glioma Grading},
  author={Pan, Li and Zhang, Yupei and Yang, Qiushi and Li, Tan and Xing, Xiaohan and Yeung, Maximus CF and Chen, Zhen},
  booktitle={BIBM},
  pages={3619--3624},
  year={2024},
  organization={IEEE}
}

@inproceedings{rezaei2020addressing,
  title={Addressing imbalance in multi-label classification using weighted cross entropy loss function},
  author={Rezaei-Dastjerdehei, Mohammad Reza and Mijani, Amirmohammad and Fatemizadeh, Emad},
  booktitle={ICBME},
  pages={333--338},
  year={2020},
  organization={IEEE}
}

@article{tang2020long,
  title={Long-tailed classification by keeping the good and removing the bad momentum causal effect},
  author={Tang, Kaihua and Huang, Jianqiang and Zhang, Hanwang},
  journal={NeurIPS},
  volume={33},
  pages={1513--1524},
  year={2020}
}

@inproceedings{wang2021seesaw,
  title={Seesaw loss for long-tailed instance segmentation},
  author={Wang, Jiaqi and Zhang, Wenwei and Zang, Yuhang and Cao, Yuhang and Pang, Jiangmiao and Gong, Tao and Chen, Kai and Liu, Ziwei and Loy, Chen Change and Lin, Dahua},
  booktitle={CVPR},
  pages={9695--9704},
  year={2021}
}

@article{yang2020rethinking,
  title={Rethinking the value of labels for improving class-imbalanced learning},
  author={Yang, Yuzhe and Xu, Zhi},
  journal={NeurIPS},
  volume={33},
  pages={19290--19301},
  year={2020}
}

@article{yang2022d,
  title={D2-Net: Dual disentanglement network for brain tumor segmentation with missing modalities},
  author={Yang, Qiushi and Guo, Xiaoqing and Chen, Zhen and Woo, Peter YM and Yuan, Yixuan},
  journal={IEEE Transactions on Medical Imaging},
  volume={41},
  number={10},
  pages={2953--2964},
  year={2022},
  publisher={IEEE}
}

@article{yang2023hierarchical,
  title={Hierarchical bias mitigation for semi-supervised medical image classification},
  author={Yang, Qiushi and Chen, Zhen and Yuan, Yixuan},
  journal={IEEE Transactions on Medical Imaging},
  volume={42},
  number={8},
  pages={2200--2210},
  year={2023},
  publisher={IEEE}
}

@article{zhao2022reasoning,
  title={Reasoning discriminative dictionary-embedded network for fully automatic vertebrae tumor diagnosis},
  author={Zhao, Shen and Chen, Bin and Chang, Heyou and Chen, Bo and Li, Shuo},
  journal={Medical Image Analysis},
  volume={79},
  pages={102456},
  year={2022},
  publisher={Elsevier}
}

@inproceedings{zhou2023class,
  title={Class-Conditional Sharpness-Aware Minimization for Deep Long-Tailed Recognition},
  author={Zhou, Zhipeng and Li, Lanqing and Zhao, Peilin and Heng, Pheng-Ann and Gong, Wei},
  booktitle={CVPR},
  pages={3499--3509},
  year={2023}
}

@article{zhu2023feddm,
  title={FedDM: Federated weakly supervised segmentation via annotation calibration and gradient de-conflicting},
  author={Zhu, Meilu and Chen, Zhen and Yuan, Yixuan},
  journal={IEEE Transactions on Medical Imaging},
  volume={42},
  number={6},
  pages={1632--1643},
  year={2023},
  publisher={IEEE}
}

