

@article{tschandl2018ham10000,
  title={The HAM10000 dataset, a large collection of multi-source dermatoscopic images of common pigmented skin lesions},
  author={Tschandl, Philipp and Rosendahl, Cliff and Kittler, Harald},
  journal={Scientific data},
  volume={5},
  number={1},
  pages={1--9},
  year={2018},
}

@inproceedings{cui2019class,
  title={Class-balanced loss based on effective number of samples},
  author={Cui, Yin and Jia, Menglin and Lin, Tsung-Yi and Song, Yang and Belongie, Serge},
  booktitle={CVPR},
  pages={9268--9277},
  year={2019}
}

@article{paszke2019pytorch,
  title={Pytorch: An imperative style, high-performance deep learning library},
  author={Paszke, Adam and Gross, Sam and Massa, Francisco and Lerer, Adam and Bradbury, James and Chanan, Gregory and Killeen, Trevor and Lin, Zeming and Gimelshein, Natalia and Antiga, Luca and others},
  journal={NeurIPS},
  volume={32},
  year={2019}
}

@inproceedings{he2016deep,
  title={Deep residual learning for image recognition},
  author={He, Kaiming and Zhang, Xiangyu and Ren, Shaoqing and Sun, Jian},
  booktitle={CVPR},
  pages={770--778},
  year={2016}
}

@Article{info11020125,
    AUTHOR = {Buslaev, Alexander and Iglovikov, Vladimir I. and Khvedchenya, Eugene and Parinov, Alex and Druzhinin, Mikhail and Kalinin, Alexandr A.},
    TITLE = {Albumentations: Fast and Flexible Image Augmentations},
    JOURNAL = {Information},
    VOLUME = {11},
    YEAR = {2020},
    NUMBER = {2},
    ARTICLE-NUMBER = {125},
    ISSN = {2078-2489},
}

@article{ravi2016deep,
  title={Deep learning for health informatics},
  author={Rav{\`\i}, Daniele and Wong, Charence and Deligianni, Fani and Berthelot, Melissa and Andreu-Perez, Javier and Lo, Benny and Yang, Guang-Zhong},
  journal={IEEE J. Biomed. Health Inform.},
  volume={21},
  number={1},
  pages={4--21},
  year={2016},
  publisher={IEEE}
}

@article{de2018clinically,
  title={Clinically applicable deep learning for diagnosis and referral in retinal disease},
  author={De Fauw, Jeffrey and Ledsam, Joseph R and Romera-Paredes, Bernardino and Nikolov, Stanislav and Tomasev, Nenad and Blackwell, Sam and Askham, Harry and Glorot, Xavier and Oâ€™Donoghue, Brendan and Visentin, Daniel and others},
  journal={Nature medicine},
  volume={24},
  number={9},
  pages={1342--1350},
  year={2018},
  publisher={Nature Publishing Group}
}

@article{srinidhi2021deep,
  title={Deep neural network models for computational histopathology: A survey},
  author={Srinidhi, Chetan L and Ciga, Ozan and Martel, Anne L},
  journal={Med. Image Anal.},
  volume={67},
  pages={101813},
  year={2021},
  publisher={Elsevier}
}

@inproceedings{li2014medical,
  title={Medical image classification with convolutional neural network},
  author={Li, Qing and Cai, Weidong and Wang, Xiaogang and Zhou, Yun and Feng, David Dagan and Chen, Mei},
  booktitle={ICARCV},
  pages={844--848},
  year={2014},
  organization={IEEE}
}

@article{van1993medical,
  title={Medical image matching-a review with classification},
  author={Van den Elsen, Petra A and Pol, E-JD and Viergever, Max A},
  journal={IEEE Eng. Med. Biol. Mag.},
  volume={12},
  number={1},
  pages={26--39},
  year={1993},
  publisher={IEEE}
}

@article{esteva2017dermatologist,
  title={Dermatologist-level classification of skin cancer with deep neural networks},
  author={Esteva, Andre and Kuprel, Brett and Novoa, Roberto A and Ko, Justin and Swetter, Susan M and Blau, Helen M and Thrun, Sebastian},
  journal={Nature},
  volume={542},
  number={7639},
  pages={115--118},
  year={2017},
}

@inproceedings{liu2019large,
  title={Large-scale long-tailed recognition in an open world},
  author={Liu, Ziwei and Miao, Zhongqi and Zhan, Xiaohang and Wang, Jiayun and Gong, Boqing and Yu, Stella X},
  booktitle={CVPR},
  pages={2537--2546},
  year={2019}
}

@inproceedings{lin2017focal,
  title={Focal loss for dense object detection},
  author={Lin, Tsung-Yi and Goyal, Priya and Girshick, Ross and He, Kaiming and Doll{\'a}r, Piotr},
  booktitle={ICCV},
  pages={2980--2988},
  year={2017}
}

@inproceedings{zhang2021bag,
  title={Bag of tricks for long-tailed visual recognition with deep convolutional neural networks},
  author={Zhang, Yongshun and Wei, Xiu-Shen and Zhou, Boyan and Wu, Jianxin},
  booktitle={AAAI},
  volume={35},
  number={4},
  pages={3447--3455},
  year={2021}
}

@article{buda2018systematic,
  title={A systematic study of the class imbalance problem in convolutional neural networks},
  author={Buda, Mateusz and Maki, Atsuto and Mazurowski, Maciej A},
  journal={Neural networks},
  volume={106},
  pages={249--259},
  year={2018},
  publisher={Elsevier}
}

@article{zhang2017mixup,
  title={mixup: Beyond empirical risk minimization},
  author={Zhang, Hongyi and Cisse, Moustapha and Dauphin, Yann N and Lopez-Paz, David},
  journal={arXiv preprint arXiv:1710.09412},
  year={2017}
}

@inproceedings{wang2021seesaw,
  title={Seesaw loss for long-tailed instance segmentation},
  author={Wang, Jiaqi and Zhang, Wenwei and Zang, Yuhang and Cao, Yuhang and Pang, Jiangmiao and Gong, Tao and Chen, Kai and Liu, Ziwei and Loy, Chen Change and Lin, Dahua},
  booktitle={CVPR},
  pages={9695--9704},
  year={2021}
}

@article{more2016survey,
  title={Survey of resampling techniques for improving classification performance in unbalanced datasets},
  author={More, Ajinkya},
  journal={arXiv:1608.06048},
  year={2016}
}

@inproceedings{zhou2021learning,
  title={Learning with noisy labels via sparse regularization},
  author={Zhou, Xiong and Liu, Xianming and Wang, Chenyang and Zhai, Deming and Jiang, Junjun and Ji, Xiangyang},
  booktitle={ICCV},
  pages={72--81},
  year={2021}
}

@article{kang2019decoupling,
  title={Decoupling representation and classifier for long-tailed recognition},
  author={Kang, Bingyi and Xie, Saining and Rohrbach, Marcus and Yan, Zhicheng and Gordo, Albert and Feng, Jiashi and Kalantidis, Yannis},
  journal={ICLR},
  year={2020}
}

@inproceedings{zhou2020bbn,
  title={Bbn: Bilateral-branch network with cumulative learning for long-tailed visual recognition},
  author={Zhou, Boyan and Cui, Quan and Wei, Xiu-Shen and Chen, Zhao-Min},
  booktitle={CVPR},
  pages={9719--9728},
  year={2020}
}

@article{cao2019learning,
  title={Learning imbalanced datasets with label-distribution-aware margin loss},
  author={Cao, Kaidi and Wei, Colin and Gaidon, Adrien and Arechiga, Nikos and Ma, Tengyu},
  journal={NeurIPS},
  volume={32},
  year={2019}
}

@article{luo2021no,
  title={No fear of heterogeneity: Classifier calibration for federated learning with non-iid data},
  author={Luo, Mi and Chen, Fei and Hu, Dapeng and Zhang, Yifan and Liang, Jian and Feng, Jiashi},
  journal={NeurIPS},
  volume={34},
  pages={5972--5984},
  year={2021}
}

@inproceedings{li2022flat,
  title={Flat-Aware Cross-Stage Distilled Framework for Imbalanced Medical Image Classification},
  author={Li, Jinpeng and Chen, Guangyong and Mao, Hangyu and Deng, Danruo and Li, Dong and Hao, Jianye and Dou, Qi and Heng, Pheng-Ann},
  booktitle={MICCAI},
  pages={217--226},
  year={2022},
  organization={Springer}
}

@inproceedings{ju2022flexible,
  title={Flexible Sampling for Long-Tailed Skin Lesion Classification},
  author={Ju, Lie and Wu, Yicheng and Wang, Lin and Yu, Zhen and Zhao, Xin and Wang, Xin and Bonnington, Paul and Ge, Zongyuan},
  booktitle={MICCAI},
  pages={462--471},
  year={2022},
  organization={Springer}
}

@inproceedings{kang2021exploring,
  title={Exploring balanced feature spaces for representation learning},
  author={Kang, Bingyi and Li, Yu and Xie, Sa and Yuan, Zehuan and Feng, Jiashi},
  booktitle={ICLR},
  year={2021}
}

@article{zhang2021deep,
  title={Deep long-tailed learning: A survey},
  author={Zhang, Yifan and Kang, Bingyi and Hooi, Bryan and Yan, Shuicheng and Feng, Jiashi},
  journal={arXiv preprint arXiv:2110.04596},
  year={2021}
}

@article{liu2020semi,
  title={Semi-supervised medical image classification with relation-driven self-ensembling model},
  author={Liu, Quande and Yu, Lequan and Luo, Luyang and Dou, Qi and Heng, Pheng Ann},
  journal={IEEE Trans. Med. Imaging},
  volume={39},
  number={11},
  pages={3429--3440},
  year={2020},
  publisher={IEEE}
}

@inproceedings{li2022targeted,
  title={Targeted supervised contrastive learning for long-tailed recognition},
  author={Li, Tianhong and Cao, Peng and Yuan, Yuan and Fan, Lijie and Yang, Yuzhe and Feris, Rogerio S and Indyk, Piotr and Katabi, Dina},
  booktitle={CVPR},
  pages={6918--6928},
  year={2022}
}

@article{zhang2018generalized,
  title={Generalized cross entropy loss for training deep neural networks with noisy labels},
  author={Zhang, Zhilu and Sabuncu, Mert},
  journal={NeurIPS},
  volume={31},
  year={2018}
}

@inproceedings{liu2020deep,
  title={Deep representation learning on long-tailed data: A learnable embedding augmentation perspective},
  author={Liu, Jialun and Sun, Yifan and Han, Chuchu and Dou, Zhaopeng and Li, Wenhui},
  booktitle={CVPR},
  pages={2970--2979},
  year={2020}
}

@article{yang2020rethinking,
  title={Rethinking the value of labels for improving class-imbalanced learning},
  author={Yang, Yuzhe and Xu, Zhi},
  journal={NeurIPS},
  volume={33},
  pages={19290--19301},
  year={2020}
}

@article{yanase2019systematic,
  title={A systematic survey of computer-aided diagnosis in medicine: Past and present developments},
  author={Yanase, Juri and Triantaphyllou, Evangelos},
  journal={Expert Syst. Appl.},
  volume={138},
  pages={112821},
  year={2019},
  publisher={Elsevier}
}

@article{pereira2019survey,
  title={A survey on computer-assisted Parkinson's disease diagnosis},
  author={Pereira, Clayton R and Pereira, Danilo R and Weber, Silke AT and Hook, Christian and De Albuquerque, Victor Hugo C and Papa, Joao P},
  journal={Artif. Intell. Med.},
  volume={95},
  pages={48--63},
  year={2019},
  publisher={Elsevier}
}

@article{yan2021survey,
  title={A survey of computer-aided tumor diagnosis based on convolutional neural network},
  author={Yan, Yan and Yao, Xu-Jing and Wang, Shui-Hua and Zhang, Yu-Dong},
  journal={Biology},
  volume={10},
  number={11},
  pages={1084},
  year={2021}
}

@inproceedings{galdran2021balanced,
  title={Balanced-mixup for highly imbalanced medical image classification},
  author={Galdran, Adrian and Carneiro, Gustavo and Gonz{\'a}lez Ballester, Miguel A},
  booktitle={MICCAI},
  pages={323--333},
  year={2021},
  organization={Springer}
}

@article{islam2021review,
  title={A review on deep learning techniques for the diagnosis of novel coronavirus (COVID-19)},
  author={Islam, Md Milon and Karray, Fakhri and Alhajj, Reda and Zeng, Jia},
  journal={Ieee Access},
  volume={9},
  pages={30551--30572},
  year={2021},
  publisher={IEEE}
}

@article{munir2019cancer,
  title={Cancer diagnosis using deep learning: a bibliographic review},
  author={Munir, Khushboo and Elahi, Hassan and Ayub, Afsheen and Frezza, Fabrizio and Rizzi, Antonello},
  journal={Cancers},
  volume={11},
  number={9},
  pages={1235},
  year={2019},
  publisher={MDPI}
}

@article{cheng2016computer,
  title={Computer-aided diagnosis with deep learning architecture: applications to breast lesions in US images and pulmonary nodules in CT scans},
  author={Cheng, Jie-Zhi and Ni, Dong and Chou, Yi-Hong and Qin, Jing and Tiu, Chui-Mei and Chang, Yeun-Chung and Huang, Chiun-Sheng and Shen, Dinggang and Chen, Chung-Ming},
  journal={Scientific reports},
  volume={6},
  number={1},
  pages={1--13},
  year={2016},
  publisher={Springer}
}

@article{khushi2021comparative,
  title={A comparative performance analysis of data resampling methods on imbalance medical data},
  author={Khushi, Matloob and Shaukat, Kamran and Alam, Talha Mahboob and Hameed, Ibrahim A and Uddin, Shahadat and Luo, Suhuai and Yang, Xiaoyan and Reyes, Maranatha Consuelo},
  journal={IEEE Access},
  volume={9},
  pages={109960--109975},
  year={2021},
  publisher={IEEE}
}

@article{zhang2022self,
  title={Self-supervised aggregation of diverse experts for test-agnostic long-tailed recognition},
  author={Zhang, Yifan and Hooi, Bryan and Hong, Lanqing and Feng, Jiashi},
  journal={NeurIPS},
  volume={35},
  pages={34077--34090},
  year={2022}
}

@article{tang2020long,
  title={Long-tailed classification by keeping the good and removing the bad momentum causal effect},
  author={Tang, Kaihua and Huang, Jianqiang and Zhang, Hanwang},
  journal={NeurIPS},
  volume={33},
  pages={1513--1524},
  year={2020}
}

@article{zhang2019study,
  title={A study on action detection in the wild},
  author={Zhang, Yubo and Tokmakov, Pavel and Hebert, Martial and Schmid, Cordelia},
  journal={arXiv preprint arXiv:1904.12993},
  year={2019}
}

@inproceedings{marrakchi2021fighting,
  title={Fighting class imbalance with contrastive learning},
  author={Marrakchi, Yassine and Makansi, Osama and Brox, Thomas},
  booktitle={MICCAI},
  pages={466--476},
  year={2021},
  organization={Springer}
}

@inproceedings{rezaei2020addressing,
  title={Addressing imbalance in multi-label classification using weighted cross entropy loss function},
  author={Rezaei-Dastjerdehei, Mohammad Reza and Mijani, Amirmohammad and Fatemizadeh, Emad},
  booktitle={ICBME},
  pages={333--338},
  year={2020},
  organization={IEEE}
}

@inproceedings{chen2021self,
  title={Self-supervised Learning for Medical Image Classification Using Imbalanced Training Data},
  author={Chen, Weilin and Li, Kangshun},
  booktitle={International Symposium on Intelligence Computation and Applications},
  pages={242--252},
  year={2021},
  organization={Springer}
}

@article{ur2017adaptive,
  title={Adaptive efficient global optimization of systems with independent components},
  author={Ur Rehman, Samee and Langelaar, Matthijs},
  journal={Structural and Multidisciplinary Optimization},
  volume={55},
  pages={1143--1157},
  year={2017},
  publisher={Springer}
}

@article{eryilmaz2020optimization,
  title={Optimization problems for a parallel system with multiple types of dependent components},
  author={Eryilmaz, Serkan and Ozkut, Murat},
  journal={Reliability Engineering \& System Safety},
  volume={199},
  pages={106911},
  year={2020},
  publisher={Elsevier}
}

@article{Borgli2020,
  title = {{HyperKvasir, a comprehensive multi-class
    image and video dataset for gastrointestinal endoscopy}},
  author = {
    Borgli, Hanna and Thambawita, Vajira and
    Smedsrud, Pia H and Hicks, Steven and Jha, Debesh and
    Eskeland, Sigrun L and Randel, Kristin Ranheim and
    Pogorelov, Konstantin and Lux, Mathias and
    Nguyen, Duc Tien Dang and Johansen, Dag and
    Griwodz, Carsten and Stensland, H{\aa}kon K and
    Garcia-Ceja, Enrique and Schmidt, Peter T and
    Hammer, Hugo L and Riegler, Michael A and
    Halvorsen, P{\aa}l and de Lange, Thomas
  },
  issn = {2052-4463},
  journal = {Scientific Data},
  number = {1},
  pages = {283},
  volume = {7},
  year = {2020}
}

@article{chen2023symbolic,
  title={Symbolic discovery of optimization algorithms},
  author={Chen, Xiangning and Liang, Chen and Huang, Da and Real, Esteban and Wang, Kaiyuan and Liu, Yao and Pham, Hieu and Dong, Xuanyi and Luong, Thang and Hsieh, Cho-Jui and others},
  journal={arXiv preprint arXiv:2302.06675},
  year={2023}
}

@article{yu2022coca,
  title={Coca: Contrastive captioners are image-text foundation models},
  author={Yu, Jiahui and Wang, Zirui and Vasudevan, Vijay and Yeung, Legg and Seyedhosseini, Mojtaba and Wu, Yonghui},
  journal={arXiv preprint arXiv:2205.01917},
  year={2022}
}

@inproceedings{wortsman2022model,
  title={Model soups: averaging weights of multiple fine-tuned models improves accuracy without increasing inference time},
  author={Wortsman, Mitchell and Ilharco, Gabriel and Gadre, Samir Ya and Roelofs, Rebecca and Gontijo-Lopes, Raphael and Morcos, Ari S and Namkoong, Hongseok and Farhadi, Ali and Carmon, Yair and Kornblith, Simon and others},
  booktitle={ICML},
  pages={23965--23998},
  year={2022},
  organization={PMLR}
}

@inproceedings{deng2009imagenet,
  title={Imagenet: A large-scale hierarchical image database},
  author={Deng, Jia and Dong, Wei and Socher, Richard and Li, Li-Jia and Li, Kai and Fei-Fei, Li},
  booktitle={CVPR},
  pages={248--255},
  year={2009},
  organization={Ieee}
}

@article{krizhevsky2009learning,
  title={Learning multiple layers of features from tiny images},
  author={Krizhevsky, Alex and Hinton, Geoffrey and others},
  year={2009},
  publisher={Toronto, ON, Canada}
}

@article{menon2020long,
  title={Long-tail learning via logit adjustment},
  author={Menon, Aditya Krishna and Jayasumana, Sadeep and Rawat, Ankit Singh and Jain, Himanshu and Veit, Andreas and Kumar, Sanjiv},
  journal={arXiv preprint arXiv:2007.07314},
  year={2020}
}

@inproceedings{alshammari2022long,
  title={Long-tailed recognition via weight balancing},
  author={Alshammari, Shaden and Wang, Yu-Xiong and Ramanan, Deva and Kong, Shu},
  booktitle={CVPR},
  pages={6897--6907},
  year={2022}
}

@inproceedings{wei2023towards,
  title={Towards Realistic Long-Tailed Semi-Supervised Learning: Consistency Is All You Need},
  author={Wei, Tong and Gan, Kai},
  booktitle={CVPR},
  pages={3469--3478},
  year={2023}
}

@inproceedings{zhou2023class,
  title={Class-Conditional Sharpness-Aware Minimization for Deep Long-Tailed Recognition},
  author={Zhou, Zhipeng and Li, Lanqing and Zhao, Peilin and Heng, Pheng-Ann and Gong, Wei},
  booktitle={CVPR},
  pages={3499--3509},
  year={2023}
}

@inproceedings{wang2022balanced,
  title={Balanced gradient penalty improves deep long-tailed learning},
  author={Wang, Dong and Liu, Yicheng and Fang, Liangji and Shang, Fanhua and Liu, Yuanyuan and Liu, Hongying},
  booktitle={ACM MM},
  pages={5093--5101},
  year={2022}
}

@article{zhang2023deep,
  title={Deep long-tailed learning: A survey},
  author={Zhang, Yifan and Kang, Bingyi and Hooi, Bryan and Yan, Shuicheng and Feng, Jiashi},
  journal={IEEE Trans. Pattern Anal. Mach. Intell.},
  year={2023},
  publisher={IEEE}
}

@inproceedings{shuai2022balancefl,
  title={BalanceFL: Addressing class imbalance in long-tail federated learning},
  author={Shuai, Xian and Shen, Yulin and Jiang, Siyang and Zhao, Zhihe and Yan, Zhenyu and Xing, Guoliang},
  booktitle={IPSN},
  pages={271--284},
  year={2022},
  organization={IEEE}
}

@inproceedings{parisot2022long,
  title={Long-tail recognition via compositional knowledge transfer},
  author={Parisot, Sarah and Esperan{\c{c}}a, Pedro M and McDonagh, Steven and Madarasz, Tamas J and Yang, Yongxin and Li, Zhenguo},
  booktitle={CVPR},
  pages={6939--6948},
  year={2022}
}

@article{zhou2019semantic,
  title={Semantic understanding of scenes through the ade20k dataset},
  author={Zhou, Bolei and Zhao, Hang and Puig, Xavier and Xiao, Tete and Fidler, Sanja and Barriuso, Adela and Torralba, Antonio},
  journal={Int. J. Comput. Vis.},
  volume={127},
  pages={302--321},
  year={2019},
  publisher={Springer}
}

@inproceedings{zhou2017scene,
  title={Scene parsing through ade20k dataset},
  author={Zhou, Bolei and Zhao, Hang and Puig, Xavier and Fidler, Sanja and Barriuso, Adela and Torralba, Antonio},
  booktitle={CVPR},
  pages={633--641},
  year={2017}
}

@article{kukleva2023temperature,
  title={Temperature schedules for self-supervised contrastive methods on long-tail data},
  author={Kukleva, Anna and B{\"o}hle, Moritz and Schiele, Bernt and Kuehne, Hilde and Rupprecht, Christian},
  journal={arXiv preprint arXiv:2303.13664},
  year={2023}
}

@article{dong2022lpt,
  title={Lpt: Long-tailed prompt tuning for image classification},
  author={Dong, Bowen and Zhou, Pan and Yan, Shuicheng and Zuo, Wangmeng},
  journal={arXiv preprint arXiv:2210.01033},
  year={2022}
}

@inproceedings{gouabou2022rethinking,
  title={Rethinking decoupled training with bag of tricks for long-tailed recognition},
  author={Gouabou, Arthur C Foahom and Iguernaissi, Rabah and Damoiseaux, Jean-Luc and Moudafi, Abdellatif and Merad, Djamal},
  booktitle={DICTA},
  pages={1--8},
  year={2022},
  organization={IEEE}
}

@article{yang2022survey,
  title={A survey on long-tailed visual recognition},
  author={Yang, Lu and Jiang, He and Song, Qing and Guo, Jun},
  journal={Int. J. Comput. Vis.},
  volume={130},
  number={7},
  pages={1837--1872},
  year={2022},
  publisher={Springer}
}

@article{nam2023decoupled,
  title={Decoupled Training for Long-Tailed Classification With Stochastic Representations},
  author={Nam, Giung and Jang, Sunguk and Lee, Juho},
  journal={arXiv:2304.09426},
  year={2023}
}

@article{li2023long,
  title={Long-tailed Visual Recognition via Gaussian Clouded Logit Adjustment},
  author={Li, Mengke and Cheung, Yiu-ming and Lu, Yang},
  journal={arXiv preprint arXiv:2305.11733},
  year={2023}
}

@article{fang2023revisiting,
  title={Revisiting Long-tailed Image Classification: Survey and Benchmarks with New Evaluation Metrics},
  author={Fang, Chaowei and Zhang, Dingwen and Zheng, Wen and Li, Xue and Yang, Le and Cheng, Lechao and Han, Junwei},
  journal={arXiv preprint arXiv:2302.01507},
  year={2023}
}

@article{tarvainen2017mean,
  title={Mean teachers are better role models: Weight-averaged consistency targets improve semi-supervised deep learning results},
  author={Tarvainen, Antti and Valpola, Harri},
  journal={NeurIPS},
  volume={30},
  year={2017}
}

@article{de2000mahalanobis,
  title={The mahalanobis distance},
  author={De Maesschalck, Roy and Jouan-Rimbaud, Delphine and Massart, D{\'e}sir{\'e} L},
  journal={Chemometrics and intelligent laboratory systems},
  volume={50},
  number={1},
  pages={1--18},
  year={2000},
  publisher={Elsevier}
}

@article{van2008visualizing,
  title={Visualizing data using t-SNE.},
  author={Van der Maaten, Laurens and Hinton, Geoffrey},
  journal={Journal of machine learning research},
  volume={9},
  number={11},
  year={2008}
}


@inproceedings{codella2018skin,
  title={Skin lesion analysis toward melanoma detection: A challenge at the 2017 international symposium on biomedical imaging (isbi), hosted by the international skin imaging collaboration (isic)},
  author={Codella, Noel CF and Gutman, David and Celebi, M Emre and Helba, Brian and Marchetti, Michael A and Dusza, Stephen W and Kalloo, Aadi and Liopyris, Konstantinos and Mishra, Nabin and Kittler, Harald and others},
  booktitle={ISBI},
  pages={168--172},
  year={2018},
  organization={IEEE}
}

@article{combalia2019bcn20000,
  title={Bcn20000: Dermoscopic lesions in the wild},
  author={Combalia, Marc and Codella, Noel CF and Rotemberg, Veronica and Helba, Brian and Vilaplana, Veronica and Reiter, Ofer and Carrera, Cristina and Barreiro, Alicia and Halpern, Allan C and Puig, Susana and others},
  journal={arXiv preprint arXiv:1908.02288},
  year={2019}
}

@article{yue2022toward,
  title={Toward multicenter skin lesion classification using deep neural network with adaptively weighted balance loss},
  author={Yue, Guanghui and Wei, Peishan and Zhou, Tianwei and Jiang, Qiuping and Yan, Weiqing and Wang, Tianfu},
  journal={IEEE Trans. Med. Imaging},
  volume={42},
  number={1},
  pages={119--131},
  year={2022},
  publisher={IEEE}
}

@article{liu2024lcreg,
  title={LCReg: Long-tailed image classification with Latent Categories based Recognition},
  author={Liu, Weide and Wu, Zhonghua and Wang, Yiming and Ding, Henghui and Liu, Fayao and Lin, Jie and Lin, Guosheng},
  journal={Pattern Recognition},
  volume={145},
  pages={109971},
  year={2024},
  publisher={Elsevier}
}

@article{zhang2014rwo,
  title={RWO-Sampling: A random walk over-sampling approach to imbalanced data classification},
  author={Zhang, Huaxiang and Li, Mingfang},
  journal={Information Fusion},
  volume={20},
  pages={99--116},
  year={2014},
  publisher={Elsevier}
}

@inproceedings{li2024feature,
  title={Feature Fusion from Head to Tail for Long-Tailed Visual Recognition},
  author={Li, Mengke and Zhikai, HU and Lu, Yang and Lan, Weichao and Cheung, Yiu-ming and Huang, Hui},
  booktitle={Proceedings of the AAAI Conference on Artificial Intelligence},
  volume={38},
  number={12},
  pages={13581--13589},
  year={2024}
}

@inproceedings{jin2023long,
  title={Long-tailed visual recognition via self-heterogeneous integration with knowledge excavation},
  author={Jin, Yan and Li, Mengke and Lu, Yang and Cheung, Yiu-ming and Wang, Hanzi},
  booktitle={Proceedings of the IEEE/CVF conference on computer vision and pattern recognition},
  pages={23695--23704},
  year={2023}
}

@inproceedings{lu2023label,
  title={Label-noise learning with intrinsically long-tailed data},
  author={Lu, Yang and Zhang, Yiliang and Han, Bo and Cheung, Yiu-ming and Wang, Hanzi},
  booktitle={Proceedings of the IEEE/CVF International Conference on Computer Vision},
  pages={1369--1378},
  year={2023}
}

@inproceedings{li2022long,
  title={Long-tailed visual recognition via gaussian clouded logit adjustment},
  author={Li, Mengke and Cheung, Yiu-ming and Lu, Yang},
  booktitle={Proceedings of the IEEE/CVF Conference on Computer Vision and Pattern Recognition},
  pages={6929--6938},
  year={2022}
}

@article{li2024adjusting,
  title={Adjusting Logit in Gaussian Form for Long-Tailed Visual Recognition},
  author={Li, Mengke and Cheung, Yiu-ming and Lu, Yang and Hu, Zhikai and Lan, Weichao and Huang, Hui},
  journal={IEEE Transactions on Artificial Intelligence},
  year={2024},
  publisher={IEEE}
}

@article{zhao2022reasoning,
  title={Reasoning discriminative dictionary-embedded network for fully automatic vertebrae tumor diagnosis},
  author={Zhao, Shen and Chen, Bin and Chang, Heyou and Chen, Bo and Li, Shuo},
  journal={Medical Image Analysis},
  volume={79},
  pages={102456},
  year={2022},
  publisher={Elsevier}
}

@inproceedings{almalik2022self,
  title={Self-ensembling vision transformer (sevit) for robust medical image classification},
  author={Almalik, Faris and Yaqub, Mohammad and Nandakumar, Karthik},
  booktitle={International Conference on Medical Image Computing and Computer-Assisted Intervention},
  pages={376--386},
  year={2022},
  organization={Springer}
}

@article{chen2023pcct,
  title={PCCT: Progressive class-center triplet loss for imbalanced medical image classification},
  author={Chen, Kanghao and Lei, Weixian and Zhao, Shen and Zheng, Wei-Shi and Wang, Ruixuan},
  journal={IEEE Journal of Biomedical and Health Informatics},
  volume={27},
  number={4},
  pages={2026--2036},
  year={2023},
  publisher={IEEE}
}

@article{liu2021medical,
  title={Medical image classification based on an adaptive size deep learning model},
  author={Liu, Xiangbin and He, Jiesheng and Song, Liping and Liu, Shuai and Srivastava, Gautam},
  journal={ACM Transactions on Multimedia Computing, Communications, and Applications (TOMM)},
  volume={17},
  number={3s},
  pages={1--18},
  year={2021},
  publisher={ACM New York, NY}
}


@article{chen2023medical,
  title={Medical federated learning with joint graph purification for noisy label learning},
  author={Chen, Zhen and Li, Wuyang and Xing, Xiaohan and Yuan, Yixuan},
  journal={Medical Image Analysis},
  volume={90},
  pages={102976},
  year={2023},
  publisher={Elsevier}
}

@inproceedings{chen2023surgical,
  title={Surgical video captioning with mutual-modal concept alignment},
  author={Chen, Zhen and Guo, Qingyu and Yeung, Leo KT and Chan, Danny TM and Lei, Zhen and Liu, Hongbin and Wang, Jinqiao},
  booktitle={MICCAI},
  pages={24--34},
  year={2023},
  organization={Springer}
}

@inproceedings{chen2020joint,
  title={Joint spatial-wavelet dual-stream network for super-resolution},
  author={Chen, Zhen and Guo, Xiaoqing and Yang, Chen and Ibragimov, Bulat and Yuan, Yixuan},
  booktitle={MICCAI},
  pages={184--193},
  year={2020},
  organization={Springer}
}

@article{chen2022instance,
  title={Instance importance-aware graph convolutional network for 3D medical diagnosis},
  author={Chen, Zhen and Liu, Jie and Zhu, Meilu and Woo, Peter YM and Yuan, Yixuan},
  journal={Medical Image Analysis},
  volume={78},
  pages={102421},
  year={2022},
  publisher={Elsevier}
}

@inproceedings{chen2021diagnose,
  title={Diagnose like a pathologist: Weakly-supervised pathologist-tree network for slide-level immunohistochemical scoring},
  author={Chen, Zhen and Zhang, Jun and Che, Shuanlong and Huang, Junzhou and Han, Xiao and Yuan, Yixuan},
  booktitle={Proceedings of the AAAI Conference on Artificial Intelligence},
  volume={35},
  number={1},
  pages={47--54},
  year={2021}
}

@article{chen2022personalized,
  title={Personalized retrogress-resilient federated learning toward imbalanced medical data},
  author={Chen, Zhen and Yang, Chen and Zhu, Meilu and Peng, Zhe and Yuan, Yixuan},
  journal={IEEE Transactions on Medical Imaging},
  volume={41},
  number={12},
  pages={3663--3674},
  year={2022},
  publisher={IEEE}
}

@article{chen2021super,
  title={Super-resolution enhanced medical image diagnosis with sample affinity interaction},
  author={Chen, Zhen and Guo, Xiaoqing and Woo, Peter YM and Yuan, Yixuan},
  journal={IEEE Transactions on Medical Imaging},
  volume={40},
  number={5},
  pages={1377--1389},
  year={2021},
  publisher={IEEE}
}

@article{chen2024sam,
  title={UN-SAM: Universal Prompt-Free Segmentation for Generalized Nuclei Images},
  author={Chen, Zhen and Xu, Qing and Liu, Xinyu and Yuan, Yixuan},
  journal={arXiv preprint arXiv:2402.16663},
  year={2024}
}

@inproceedings{yang2022semi,
  title={Semi-supervised medical image classification with temporal knowledge-aware regularization},
  author={Yang, Qiushi and Liu, Xinyu and Chen, Zhen and Ibragimov, Bulat and Yuan, Yixuan},
  booktitle={MICCAI},
  pages={119--129},
  year={2022},
  organization={Springer}
}

@article{yang2022d,
  title={D2-Net: Dual disentanglement network for brain tumor segmentation with missing modalities},
  author={Yang, Qiushi and Guo, Xiaoqing and Chen, Zhen and Woo, Peter YM and Yuan, Yixuan},
  journal={IEEE Transactions on Medical Imaging},
  volume={41},
  number={10},
  pages={2953--2964},
  year={2022},
  publisher={IEEE}
}

@article{yang2023hierarchical,
  title={Hierarchical bias mitigation for semi-supervised medical image classification},
  author={Yang, Qiushi and Chen, Zhen and Yuan, Yixuan},
  journal={IEEE Transactions on Medical Imaging},
  volume={42},
  number={8},
  pages={2200--2210},
  year={2023},
  publisher={IEEE}
}

@inproceedings{luo2024surgplan,
  title={Surgplan: Surgical phase localization network for phase recognition},
  author={Luo, Xingjian and Pang, You and Chen, Zhen and Wu, Jinlin and Zhang, Zongmin and Lei, Zhen and Liu, Hongbin},
  booktitle={ISBI},
  pages={1--5},
  year={2024},
  organization={IEEE}
}

@inproceedings{chen2023star,
  title={Surgical Temporal Action-aware Network with Sequence Regularization for Phase Recognition},
  author={Chen, Zhen and Zhai, Yuhao and Zhang, Jun and Wang, Jinqiao},
  booktitle={BIBM},
  year={2023},
  organization={IEEE}
}

@article{zhu2023feddm,
  title={FedDM: Federated weakly supervised segmentation via annotation calibration and gradient de-conflicting},
  author={Zhu, Meilu and Chen, Zhen and Yuan, Yixuan},
  journal={IEEE Transactions on Medical Imaging},
  volume={42},
  number={6},
  pages={1632--1643},
  year={2023},
  publisher={IEEE}
}

@inproceedings{pan2024focus,
  title={Focus on Focus: Focus-oriented Representation Learning and Multi-view Cross-modal Alignment for Glioma Grading},
  author={Pan, Li and Zhang, Yupei and Yang, Qiushi and Li, Tan and Xing, Xiaohan and Yeung, Maximus CF and Chen, Zhen},
  booktitle={BIBM},
  pages={3619--3624},
  year={2024},
  organization={IEEE}
}

@article{zhang2024unified,
  title={Unified Multi-modal Diagnostic Framework with Reconstruction Pre-training and Heterogeneity-combat Tuning},
  author={Zhang, Yupei and Pan, Li and Yang, Qiushi and Li, Tan and Chen, Zhen},
  journal={IEEE Journal of Biomedical and Health Informatics},
  year={2024},
  publisher={IEEE}
}

@inproceedings{pan2023combat,
  title={Combat Long-Tails in Medical Classification with Relation-Aware Consistency and Virtual Features Compensation},
  author={Pan, Li and Zhang, Yupei and Yang, Qiushi and Li, Tan and Chen, Zhen},
  booktitle={International Conference on Medical Image Computing and Computer-Assisted Intervention},
  pages={14--23},
  year={2023},
  organization={Springer}
}