@article{BENLARBI20213598,
title = {Towards the automated operations of large distributed satellite systems. {P}art 1: Review and paradigm shifts},
journal = {Advances in Space Research},
volume = {67},
number = {11},
pages = {3598--3619},
year = {2021},
doi = "10.1016/j.asr.2020.08.009",
author = {Mohamed Khalil Ben-Larbi and Kattia {Flores Pozo} and Tom Haylok and Mirue Choi and Benjamin Grzesik and Andreas Haas and Dominik Krupke and Harald Konstanski and Volker Schaus and Sándor P. Fekete and Christian Schurig and Enrico Stoll},
}

@article{bfh+-cgur-17,
  title={Tilt Assembly: Algorithms for Micro-Factories that Build Objects with Uniform External Forces},
  author={Aaron T. Becker and S{\'a}ndor P. Fekete and Phillip Keldenich and Dominik Krupke and Christian Rieck and Christian Scheffer and Arne Schmidt},
  journal={Algorithmica},
  volume={82},
  number={2},
  pages={165--187},
  year={2020},
  doi = "10.1007/S00453-018-0483-9"
}

@article {Cheung1219,
        author = {Cheung, Kenneth C. and Gershenfeld, Neil},
        title = {Reversibly Assembled Cellular Composite Materials},
        volume = {341},
        number = {6151},
        pages = {1219--1221},
        year = {2013},
        doi = "10.1126/science.1240889",
        journal = {Science}
}

@article{gregg2018ultra,
        Author = {Gregg, Christine E. and Kim, Joseph H. and Cheung, Kenneth C.},
        Journal = {Advanced Engineering Materials},
        Number = {9},
        Pages = {1800213},
        Title = {Ultra-Light and Scalable Composite Lattice Materials},
        Volume = {20},
        Year = {2018},
        doi = "10.1002/adem.201800213"
 }

@inproceedings{jenett2016meso,
        Author = {Jenett, Benjamin and Cellucci, Daniel and Gregg, Christine and Cheung, Kenneth},
        Booktitle = {International Manufacturing Science and Engineering Conference (MSEC)},
        Title = {Meso-scale digital materials: modular, reconfigurable, lattice-based structures},
        Year = {2016},
        doi = "10.1115/MSEC2016-8767"
}

@article{zhang2019robotic,
  title={Robotic micromanipulation: Fundamentals and applications},
  author={Zhang, Zhuoran and Wang, Xian and Liu, Jun and Dai, Changsheng and Sun, Yu},
  journal={Annual Review of Control, Robotics, and Autonomous Systems},
  volume={2},
  pages={181--203},
  year={2019},
  doi = "10.1146/ANNUREV-CONTROL-053018-023755"
}

@article{santos2022light,
  title={Light-activated molecular machines are fast-acting broad-spectrum antibacterials that target the membrane},
  author={Ana L. Santos  and Dongdong Liu  and Anna K. Reed  and Aaron M. Wyderka  and Alexis van Venrooy  and John T. Li  and Victor D. Li  and Mikita Misiura  and Olga Samoylova  and Jacob L. Beckham  and Ciceron Ayala-Orozco  and Anatoly B. Kolomeisky  and Lawrence B. Alemany  and Antonio Oliver  and George P. Tegos  and James M. Tour},
  journal={Science Advances},
  volume={8},
  number={22},
  pages={eabm2055},
  year={2022},
  doi = "10.1126/sciadv.abm2055"
}

@inproceedings{2020-Targeted_ICRA,
    author = {Becker, Aaron T. and Fekete, Sándor P. and Huang, Li and Keldenich, Phillip and Kleist, Linda and Krupke, Dominik and Rieck, Christian and Schmidt, Arne},
booktitle = {International Conference on Robotics and Automation (ICRA)},
title = {Targeted Drug Delivery: Algorithmic Methods for Collecting a Swarm of Particles with Uniform, External Forces},
year = {2020},
pages = {2508--2514},
doi = "10.1109/ICRA40945.2020.9196551"
}

@INPROCEEDINGS{2022-gather_IROS,
    title={Gathering physical particles with a global magnetic field using reinforcement learning},
author={Konitzny, Matthias and Lu, Yitong and Leclerc, Julien and Fekete, S{\'a}ndor P. and Becker, Aaron T.},
booktitle={International Conference on Intelligent Robots and Systems (IROS)},
pages={10126--10132},
year={2022},
doi = "10.1109/IROS47612.2022.9982256"
}

@inproceedings{2020-Coordinating_IWOCA,
author={S{\'a}ndor P. Fekete},
year={2020},
title={Coordinating Swarms of Objects at Extreme Dimensions},
booktitle={International Workshop on Combinatorial Algorithms (IWOCA)},
pages={3--13},
doi = "10.1007/978-3-030-48966-3_1"
}

@article{Yangsheng:five_mm_robot,
  author={Zhu, Yangsheng and Qi, Mingjing and Liu, Zhiwei and Huang, Jianmei and Huang, Dawei and Yan, Xiaojun and Lin, Liwei},
  journal={IEEE Transactions on Robotics},
  title={A 5-mm Untethered Crawling Robot via Self-Excited Electrostatic Vibration},
  year={2022},
  volume={38},
  number={2},
  pages={719--730},
  doi="10.1109/TRO.2021.3088053"
 }

@article{ConnorM25,
	author       = {Matthew Connor and
	Othon Michail},
	title        = {Transformation of Modular Robots by Rotation: $3 + 1$ Musketeers for all
	Orthogonally Convex Shapes},
	journal      = {Journal of Computer and System Sciences},
	volume       = {},
	pages        = {},
	year         = {2025},
	doi          = "10.1016/j.jcss.2024.103618"
}


@article{ConnorMP22,
	author       = {Matthew Connor and
	Othon Michail and
	Igor Potapov},
	title        = {Centralised connectivity-preserving transformations for programmable
	matter: {A} minimal seed approach},
	journal      = {Theoretical Computer Science},
	volume       = {936},
	pages        = {77--91},
	year         = {2022},
	doi          = "10.1016/J.TCS.2022.09.016"
}



@article{FeketeGHKSS21,
	author       = {S{\'{a}}ndor P. Fekete and
	Robert Gmyr and
	Sabrina Hugo and
	Phillip Keldenich and
	Christian Scheffer and
	Arne Schmidt},
	title        = {{CADbots}: {A}lgorithmic Aspects of Manipulating Programmable Matter with
	Finite Automata},
	journal      = {Algorithmica},
	volume       = {83},
	number       = {1},
	pages        = {387--412},
	year         = {2021},
	doi          = {10.1007/S00453-020-00761-Z}
}



@inproceedings{ParkCFGOOSSTTC23,
	author       = {In{-}Won Park and
	Damiana Catanoso and
	Olivia Formoso and
	Christine Gregg and
	Megan Ochalek and
	Taiwo Olatunde and
	Frank Sebastianelli and
	Pascal Spino and
	Elizabeth Taylor and
	Greenfield Trinh and
	Kenneth C. Cheung},
	title        = {{SOLL-E:} {A} Module Transport and Placement Robot for Autonomous
	Assembly of Discrete Lattice Structures},
	booktitle    = {International Conference on Intelligent Robots and Systems (IROS)},
	pages        = {10736--10741},
	year         = {2023},
	doi          = "10.1109/IROS55552.2023.10341479"
}


@article{akitaya2021universal,
  title={Universal reconfiguration of facet-connected modular robots by pivots: The ${O}(1)$ musketeers},
  author={Hugo A. Akitaya and
  Esther M. Arkin and
  Mirela Damian and
  Erik D. Demaine and
  Vida Dujmovic and
  Robin Y. Flatland and
  Matias Korman and
  Bel{\'{e}}n Palop and
  Irene Parada and
  Andr{\'{e}} van Renssen and
  Vera Sacrist{\'{a}}n},
  journal={Algorithmica},
  volume={83},
  pages={1316--1351},
  year={2021},
  publisher={Springer},
  doi="10.1007/s00453-020-00784-6"
}

@article{FredmanT87,
	author       = {Michael L. Fredman and
	Robert Endre Tarjan},
	title        = {Fibonacci heaps and their uses in improved network optimization algorithms},
	journal      = {Journal of the {ACM}},
	volume       = {34},
	number       = {3},
	pages        = {596--615},
	year         = {1987},
	doi          = "10.1145/28869.28874"
}


@article{dbk-obspp-10,
	author = {Mark de Berg and Amirali Khosravi},
	title = {Optimal binary space partitions for segments in the plane},
	journal = {International Journal on Computational Geometry and Applications},
	year = {2012},
	volume = {22},
	number = {3},
	pages = {187--206},
	doi = "10.1142/S0218195912500045"
}


@article{DumitrescuP06,
	author       = {Adrian Dumitrescu and
	J{\'{a}}nos Pach},
	title        = {Pushing Squares Around},
	journal      = {Graphs and Combinatorics},
	volume       = {22},
	number       = {1},
	pages        = {37--50},
	year         = {2006},
	doi          = "10.1007/S00373-005-0640-1"
}

@inproceedings{KostitsynaOPPSS24,
	author       = {Irina Kostitsyna and
	Tim Ophelders and
	Irene Parada and
	Tom Peters and
	Willem Sonke and
	Bettina Speckmann},
	title        = {Optimal In-Place Compaction of Sliding Cubes},
	booktitle    = {Scandinavian Symposium on Algorithm Theory (SWAT)},
	pages        = {31:1--31:14},
	year         = {2024},
	doi          = "10.4230/LIPICS.SWAT.2024.31"
}


@inproceedings{TeamBCDDGHK24,
	author       = {{MIT{--}NASA Space Robots Team} and
	Josh Brunner and
	Kenneth C. Cheung and
	Erik D. Demaine and
	Jenny Diomidova and
	Christine Gregg and
	Della H. Hendrickson and
	Irina Kostitsyna},
	title        = {Reconfiguration Algorithms for Cubic Modular Robots with Realistic
	Movement Constraints},
	booktitle    = {Scandinavian Symposium on Algorithm Theory (SWAT)},
	pages        = {34:1--34:18},
	year         = {2024},
	doi          = "10.4230/LIPICS.SWAT.2024.34"
}




@inproceedings{AbelAKKS24,
	author       = {Zachary Abel and
	Hugo A. Akitaya and
	Scott Duke Kominers and
	Matias Korman and
	Frederick Stock},
	title        = {A Universal In-Place Reconfiguration Algorithm for Sliding Cube-Shaped
	Robots in a Quadratic Number of Moves},
	booktitle    = {Symposium on Computational Geometry (SoCG)},
	pages        = {1:1--1:14},
	year         = {2024},
	doi          = "10.4230/LIPICS.SOCG.2024.1"
}



@misc{parallel-sliding-squares,
	author = {Hugo A. Akitaya and Sándor P. Fekete and Peter Kramer and Saba Molaei and Christian Rieck and Frederick Stock and Tobias Wallner},
	title = {Sliding squares in parallel},
	year = {2024},
	note = {Submitted for publication.},
	doi = "10.48550/arXiv.2412.05523"
}

@inproceedings{AkitayaDKKPSSUW22,
    author = {Hugo A. Akitaya and Erik D. Demaine and Matias Korman and Irina Kostitsyna and Irene Parada and Willem Sonke and Bettina Speckmann and Ryuhei Uehara and Jules Wulms},
    title = {Compacting Squares: Input-Sensitive In-Place Reconfiguration of Sliding
	Squares},
    booktitle = {Scandinavian Symposium on Algorithm Theory (SWAT)},
    pages = {4:1--4:19},
    year = {2022},
    doi = "10.4230/LIPICS.SWAT.2022.4"
}


@inproceedings{FitchBR05,
    author = {Robert Fitch and Zack J. Butler and Daniela Rus},
    title = {Reconfiguration Planning Among Obstacles for Heterogeneous Self-Reconfiguring
	Robots},
    booktitle = {International Conference on Robotics and Automation (ICRA)},
    pages = {117--124},
    year = {2005},
    doi = "10.1109/ROBOT.2005.1570106"
}


@inproceedings{FitchBR03,
    author = {Robert Fitch and Zack J. Butler and Daniela Rus},
    title = {Reconfiguration planning for heterogeneous self-reconfiguring robots},
    booktitle = {International Conference on Intelligent Robots and Systems (IROS)},
    pages = {2460--2467},
    year = {2003},
    doi = "10.1109/IROS.2003.1249239"
}


@inproceedings{Karp72,
    author = {Richard M. Karp},
    title = {Reducibility Among Combinatorial Problems},
    booktitle = {Symposium on the Complexity of Computer Computations (CoCo)},
    pages = {85--103},
    year = {1972},
    doi = "10.1007/978-1-4684-2001-2_9"
}


@article{ChalasaniM99,
    author = {Prasad Chalasani and Rajeev Motwani},
    title = {Approximating Capacitated Routing and Delivery Problems},
    journal = {{SIAM} Journal of Computing},
    volume = {28},
    number = {6},
    pages = {2133--2149},
    year = {1999},
    doi = "10.1137/S0097539795295468"
}


@inproceedings{cooperative-bille-reconfig-ICRA,
    author = {Garcia, Javier and Yannuzzi, Michael and Kramer, Peter and Rieck, Christian and Fekete, Sándor P. and Becker, Aaron T.},
    title = {Reconfiguration of a {2D} Structure using spatio-Temporal planning and load transferring},
    booktitle = {International Conference on Robotics and Automation (ICRA)},
    year = {2024},
    pages = {8735--8741},
    doi = "10.1109/ICRA57147.2024.10611057"
}

@INPROCEEDINGS{9836082,
    author = {Cameron, Christopher G. and Fredin, Zach and Gershenfeld, Neil},
    booktitle = {International Conference on Unmanned Aircraft Systems (ICUAS)},
    title = {Discrete Assembly of Unmanned Aerial Systems},
    year = {2022},
    pages = {339-344},
    doi = "10.1109/ICUAS54217.2022.9836082"
}


@article{FeketeKKRS23-journal-connected,
    author = {S{\'{a}}ndor P. Fekete and Phillip Keldenich and Ramin Kosfeld and Christian Rieck and Christian Scheffer},
    title = {Connected coordinated motion planning with bounded stretch},
    journal = {Autonomous Agents and Multi-Agent Systems},
    volume = {37},
    number = {2},
    year = {2023},
    doi = "10.1007/S10458-023-09626-5"
}


@inproceedings{abdel2020space,
    title = {Space ants: {C}onstructing and reconfiguring large-Scale structures with finite automata},
    author = {Abdel-Rahman, Amira and Becker, Aaron T. and Biediger, Daniel E and Cheung, Kenneth C. and Fekete, S{\'a}ndor P. and Gershenfeld, Neil A. and Hugo, Sabrina and Jenett, Benjamin and Keldenich, Phillip and Niehs, Eike and Rieck, Christian and Schmidt, Arne and Scheffer, Christian and Yannuzzi, Michael},
    booktitle = {Symposium on Computational Geometry (SoCG)},
    year = {2020},
    pages = {73:1-73:7},
    doi = "10.4230/LIPIcs.SoCG.2020.73"
}

@article{dfk+-cmprs-19,
    author = {Erik D. Demaine and S{\'a}ndor P. Fekete and Phillip Keldenich and Christian Scheffer and Henk Meijer},
    title = {Coordinated motion planning: {R}econfiguring a swarm of labeled robots with bounded stretch},
    journal = {SIAM Journal on Computing},
    pages = {1727-1762},
    year = {2019},
    volume = {48},
    issue = {6},
    doi = "10.1137/18M1194341"
}


@InProceedings{fekete_et_al:LIPIcs.ISAAC.2021.9,
    author = {Fekete, S\'{a}ndor P. and Keldenich, Phillip and Kosfeld, Ramin and Rieck, Christian and Scheffer, Christian},
    title = {Connected coordinated motion planning with bounded stretch},
    booktitle = {International Symposium on Algorithms and Computation (ISAAC)},
    year = {2021},
    doi = "10.4230/LIPIcs.ISAAC.2021.9",
    pages = {9:1-9:16}
}

@inproceedings{isaac/FeketeKRS022,
    author = {S{\'{a}}ndor P. Fekete and Peter Kramer and Christian Rieck and Christian Scheffer and Arne Schmidt},
    title = {Efficiently reconfiguring a connected swarm of labeled robots},
    booktitle = {International Symposium on Algorithms and Computation (ISAAC)},
    pages = {17:1--17:15},
    year = {2022},
    doi = "10.4230/LIPIcs.ISAAC.2022.17"
}

@article{FeketeKRS022-journal-labeled-connected,
    author = {S{\'{a}}ndor P. Fekete and Peter Kramer and Christian Rieck and Christian Scheffer and Arne Schmidt},
    title = {Efficiently reconfiguring a connected swarm of labeled robots},
    journal={Autonomous Agents and Multi-Agent Systems},
    volume={38},
    number={2},
    year={2024},
    doi = "10.1007/s10458-024-09668-3"
}


@article{fekete2022connected,
    title = {Connected reconfiguration of lattice-based cellular structures by finite-memory robots},
    author = {Fekete, S{\'a}ndor P. and Niehs, Eike and Scheffer, Christian and Schmidt, Arne},
    journal = {Algorithmica},
    volume = {84},
    number = {10},
    pages = {2954--2986},
    year = {2022},
    doi = "10.1007/s00453-022-00995-z"
}

@inproceedings{single-bille-reconfig-IROS,
    author = {Garcia, Javier and Yannuzzi, Michael and Kramer, Peter and Rieck, Christian and Becker, Aaron T.},
    title = {Connected reconfiguration of polyominoes amid obstacles using {RRT}$^*$},
    booktitle = {International Conference on Intelligent Robots and Systems (IROS)},
    year = {2022},
    pages = {6554--6560},
    doi = "10.1109/IROS47612.2022.9981184"
}


@article{ItaiPS82,
    author = {Alon Itai and Christos H. Papadimitriou and Jayme Luiz Szwarcfiter},
    title = {Hamilton paths in grid graphs},
    journal = {{SIAM} Journal on Computing},
    volume = {11},
    number = {4},
    pages = {676--686},
    year = {1982},
    doi = "10.1137/0211056"
}


@article{jenett2019material,
    title = {Material--robot system for assembly of discrete cellular structures},
    author = {Jenett, Benjamin and Abdel-Rahman, Amira and Cheung, Kenneth and Gershenfeld, Neil},
    journal = {IEEE Robotics and Automation Letters},
    volume = {4},
    number = {4},
    year = {2019},
    pages = {4019--4026},
    doi = "10.1109/LRA.2019.2930486",
}


@inproceedings{jenett2017design,
    title = {Design of multifunctional hierarchical space structures},
    author = {Jenett, Benjamin and Gregg, Christine and Cellucci, Daniel and Cheung, Kenneth},
    booktitle = {Aerospace Conference},
    pages = {1--10},
    year = {2017},
    doi = "10.1109/AERO.2017.7943913"
}


@INPROCEEDINGS{NiesReconfig,
    author = {Niehs, Eike and Schmidt, Arne and Scheffer, Christian and Biediger, Daniel E. and Yannuzzi, Michael and Jenett, Benjamin and Abdel-Rahman, Amira and Cheung, Kenneth C. and Becker, Aaron T. and Fekete, Sándor P.},
    booktitle = {International Conference on Robotics and Automation (ICRA)},
    title = {Recognition and reconfiguration of lattice-Based cellular structures by simple robots},
    year = {2020},
    pages = {8252--8259},
    doi = "10.1109/ICRA40945.2020.9196700"
}


@article{Otte2018subspace,
    author = {Otte, Michael and Correll, Nikolaus},
    journal = {Autonomous Robots},
    number = {8},
    pages = {1691--1713},
    title = {Dynamic teams of robots as ad hoc distributed computers: Reducing the complexity of multi-robot motion planning via subspace selection},
    volume = {42},
    year = {2018},
    doi = "10.1007/s10514-018-9714-9"
}


@inproceedings{Peng2015Dstar,
    author = {Peng, Jung-Hao and Li, I-Hsum and Chien, Yi-Hsing and Hsu, Chen-Chien and Wang, Wei-Yen},
    booktitle = {International Conference on Networking, Sensing and Control (ICNSC)},
    pages = {350--353},
    title = {Multi-robot path planning based on improved {D}$^*${L}ite algorithm},
    year = {2015},
    doi = "10.1109/ICNSC.2015.7116061"
}


@article{song2017reconfiguration,
    title = {Reconfiguration of {DNA} molecular arrays driven by information relay},
    author = {Song, Jie and Li, Zhe and Wang, Pengfei and Meyer, Travis and Mao, Chengde and Ke, Yonggang},
    journal = {Science},
    volume = {357},
    number = {6349},
    year = {2017},
    doi = "10.1126/science.aan3377"
}

@article{thalamy2021engineering,
    title = {Engineering efficient and massively parallel {3D} self-reconfiguration using sandboxing, scaffolding and coating},
    author = {Thalamy, Pierre and Piranda, Benoit and Bourgeois, Julien},
    journal = {Robotics and Autonomous Systems},
    volume = {146},
    year = {2021},
    pages = {103875},
    doi = "10.1016/j.robot.2021.103875"
}


@inproceedings{Choset2011Mstar,
    author = {Wagner, Glenn and Choset, Howie},
    booktitle = {International Conference on Intelligent Robots and Systems (IROS)},
    title = {M$^*$: {A} complete multirobot path planning algorithm with performance bounds},
    year = {2011},
    pages = {3260--3267},
    doi = "10.1109/IROS.2011.6095022"
}


@article{Wang2020swap,
    author = {Wang, Hanlin and Rubenstein, Michael},
    journal = {IEEE Transactions on Robotics},
    number = {3},
    pages = {597--612},
    title = {Shape formation in homogeneous swarms using local task swapping},
    volume = {36},
    year = {2020},
    doi = "10.1109/TRO.2020.2967656"
}


%%%%%%%%%%%%%%%%


@article{bellman1952theory,
    title = {On the theory of dynamic programming},
    author = {Bellman, Richard},
    journal = {Proceedings of the National Academy of Sciences},
    volume = {38},
    number = {8},
    pages = {716-719},
    year = {1952},
    publisher = {National Academy of Sciences}
}


@article{gmyr2020forming,
    title = {Forming tile shapes with simple robots},
    author = {Gmyr, Robert and Hinnenthal, Kristian and Kostitsyna, Irina and Kuhn, Fabian and Rudolph, Dorian and Scheideler, Christian and Strothmann, Thim},
    journal = {Natural Computing},
    volume = {19},
    number = {2},
    year = {2020},
    pages = {375--390},
    doi="10.1007/s11047-019-09774-2"
}

@article{feshbach2021reconfiguring,
    title = {Reconfiguring non-Convex holes in pivoting modular cube robots},
    author = {Feshbach, Daniel and Sung, Cynthia},
    journal = {IEEE Robotics and Automation Letters},
    volume = {6},
    number = {4},
    year = {2021}
}


@article{kirk1983,
    title = {Optimization by simulated annealing},
    author = {Kirkpatrick, S. and Gelatt Jr, C. D. and Vecchi, M. P.},
    journal = {Science},
    volume = {220},
    number = {4598},
    year = {1983}
}

@inproceedings{UrmsonC2003Afhb,
    booktitle = {International Conference on Intelligent Robots and Systems (IROS)},
    pages = {1178-1183},
    title = {Approaches for heuristically biasing {RRT} growth},
    volume = {2},
    year = {2003}
}

@article{electrovoxel22,
    title = {ElectroVoxel: Electromagnetically actuated pivoting for scalable modular self-Reconfigurable robots},
    author = {Nisser, Martin and Cheng, Leon and Makaram, Yashaswini and Suzuki, Ryo and Mueller, Stefanie},
    booktitle = {International Conference on Robotics and Automation (ICRA)},
    year = {2022}
}


@article{
ultralight24,
    author = {Christine E. Gregg and Damiana Catanoso and Olivia Irene B. Formoso and Irina Kostitsyna and Megan E. Ochalek and Taiwo J. Olatunde and In Won Park and Frank M. Sebastianelli and Elizabeth M. Taylor and Greenfield T. Trinh and Kenneth C. Cheung },
    title = {Ultralight, strong, and self-reprogrammable mechanical metamaterials},
    journal = {Science Robotics},
    volume = {9},
    number = {86},
    year = {2024},
    doi = "10.1126/scirobotics.adi2746"
}

@article{jensen2001enumerations,
    title = {Enumerations of lattice animals and trees},
    author = {Jensen, Iwan},
    journal = {Journal of Statistical Physics},
    volume = {102},
    number = {3},
    year = {2001}
}

@article{pohl1970first,
    title = {First results on the effect of error in heuristic search},
    author = {Pohl, Ira},
    journal = {Machine Intelligence},
    volume = {5},
    pages = {219--236},
    year = {1970},
    publisher = {Edinburgh University Press}
}

@inproceedings{silver2005cooperative,
    title = {Cooperative pathfinding},
    author = {Silver, David},
    booktitle = {AAAI Conference on Artificial Intelligence and Interactive Digital Entertainment},
    volume = {1},
    number = {1},
    pages = {117--122},
    year = {2005}
}

@article{jensen2000statistics,
    title = {Statistics of lattice animals (polyominoes) and polygons},
    author = {Jensen, Iwan and Guttmann, Anthony J.},
    journal = {Journal of Physics A: Mathematical and General},
    volume = {33},
    number = {29},
    year = {2000}
}

@book{lavalle2006planning,
    title = {Planning algorithms},
    author = {LaValle, Steven M},
    year = {2006},
    doi = "10.1017/CBO9780511546877",
    publisher = {Cambridge University Press}
}


@article{lavalle2001randomized,
    title = {Randomized kinodynamic planning},
    author = {LaValle, Steven M. and Kuffner Jr., James J.},
    journal = {International Journal of Robotics Research},
    volume = {20},
    number = {5},
    year = {2001}
}


@inproceedings{morenoreconfiguring2020,
    title = {Reconfiguring sliding squares in-place by flooding},
    author = {Moreno, Joel and Sacrist{\'a}n, Vera},
    booktitle = {European Workshop on Computational Geometry (EuroCG)},
    year = {2020}
}

@inproceedings{jenett2017bille,
    title = {{BILL-E}: Robotic platform for locomotion and manipulation of lightweight space structures},
    author = {Jenett, Ben and Cheung, Kenneth},
    booktitle = {Adaptive Structures Conference (ASC)},
    pages = {},
    year = {2017},
    doi = "10.2514/6.2017-1876"
}

@inproceedings{costa2019algorithmic,
    title = {Algorithmic approaches to reconfigurable assembly systems},
    author = {Costa, Allan and Abdel-Rahman, Amira and Jenett, Benjamin and Gershenfeld, Neil and Kostitsyna, Irina and Cheung, Kenneth},
    booktitle = {Aerospace Conference},
    pages = {1--8},
    year = {2019},
    doi = "10.1109/AERO.2019.8741572"
}


@InProceedings{spaceants2,
    author = {Bourgeois, Julien and Fekete, S\'{a}ndor P. and Kosfeld, Ramin and Kramer, Peter and Piranda, Beno\^{i}t and Rieck, Christian and Scheffer, Christian},
    title = {{Space ants: Episode {II} - Coordinating connected catoms}},
    booktitle = {Symposium on Computational Geometry (SoCG)},
    year = {2022},
    doi = "10.4230/LIPIcs.SoCG.2022.65"
}


@article{karaman2011sampling,
    title = {Sampling-based algorithms for optimal motion planning},
    author = {Karaman, Sertac and Frazzoli, Emilio},
    journal = {International Journal of Robotics Research},
    volume = {30},
    number = {7},
    year = {2011}
}


@article{Lengiewicz2019Shape,
    Author = {Lengiewicz, Jakub and Ho{\l}obut, Pawe{\l}},
    doi = "10.1007/s10514-018-9709-6",
    Journal = {Autonomous Robots},
    Number = {1},
    Pages = {97--122},
    Title = {Efficient collective shape shifting and locomotion of massively-modular robotic structures},
    Volume = {43},
    Year = {2019}, }


@article{lengiewicz2019efficient,
    title = {Efficient collective shape shifting and locomotion of massively-modular robotic structures},
    author = {Lengiewicz, Jakub and Ho{\l}obut, Pawe{\l}},
    journal = {Autonomous Robots},
    volume = {43},
    pages = {97--122},
    year = {2019},
    publisher = {Springer}
}

@article{kuhn1955hungarian,
author = {Kuhn, Harold W.},
title = {The {Hungarian} method for the assignment problem},
journal = {Naval Research Logistics Quarterly},
volume = {2},
number = {1--2},
pages = {83--97},
doi = "10.1002/nav.3800020109",
year = {1955},
}

@InProceedings{gmyr2018recognition,
  author = {Robert Gmyr and Kristian Hinnenthal and Irina Kostitsyna and Fabian Kuhn and Dorian Rudolph and Christian Scheideler},
  title = {Shape Recognition by a Finite Automaton Robot},
  booktitle = {International Symposium on Mathematical Foundations of Computer Science ({MFCS})},
  pages = {52:1--52:15},
  year = {2018},
  doi = "10.4230/LIPIcs.MFCS.2018.52",
}

@inproceedings{hinnenthal2024efficient,
  author       = {Kristian Hinnenthal and
                  David Liedtke and
                  Christian Scheideler},
  title        = {Efficient Shape Formation by {3D} Hybrid Programmable Matter: An Algorithm for Low Diameter Intermediate Structures},
  booktitle    = {Symposium on Algorithmic Foundations of Dynamic Networks ({SAND})},
  pages        = {15:1--15:20},
  year         = {2024},
  doi          = "10.4230/LIPICS.SAND.2024.15",
}

@article{michail2019transformation,
  title={On the transformation capability of feasible mechanisms for programmable matter},
  author={Michail, Othon and Skretas, George and Spirakis, Paul G.},
  journal={Journal of Computer and System Sciences},
  volume={102},
  pages={18--39},
  year={2019},
  publisher={Elsevier},
  doi="10.1016/j.jcss.2018.12.001"
}

@article{connor2025transformation,
  author    = {Connor, Matthew and Michail, Othon},
  doi       = "10.1016/j.jcss.2024.103618",
  journal   = {Journal of Computer and System Sciences},
  pages     = {103618},
  publisher = {Elsevier},
  title     = {Transformation of Modular Robots by Rotation: $3+1$ Musketeers for all Orthogonally Convex Shapes},
  volume    = {150},
  year      = {2025},
}

@article{almethen2020pushing,
  author    = {Almethen, Abdullah and Michail, Othon and Potapov, Igor},
  doi       = "10.1016/j.tcs.2020.04.026",
  journal   = {Theoretical Computer Science},
  pages     = {43--59},
  publisher = {Elsevier},
  title     = {Pushing lines helps: Efficient universal centralised transformations for programmable matter},
  volume    = {830},
  year      = {2020},
}

@article{almethen2022efficient,
  title={On efficient connectivity-preserving transformations in a grid},
  author={Almethen, Abdullah and Michail, Othon and Potapov, Igor},
  journal={Theoretical Computer Science},
  volume={898},
  pages={132--148},
  year={2022},
  publisher={Elsevier},
  doi="10.1016/j.tcs.2022.09.016",
}
