@inproceedings{AbelAKKS24,
	author       = {Zachary Abel and
	Hugo A. Akitaya and
	Scott Duke Kominers and
	Matias Korman and
	Frederick Stock},
	title        = {A Universal In-Place Reconfiguration Algorithm for Sliding Cube-Shaped
	Robots in a Quadratic Number of Moves},
	booktitle    = {Symposium on Computational Geometry (SoCG)},
	pages        = {1:1--1:14},
	year         = {2024},
	doi          = "10.4230/LIPICS.SOCG.2024.1"
}

@inproceedings{AkitayaDKKPSSUW22,
    author = {Hugo A. Akitaya and Erik D. Demaine and Matias Korman and Irina Kostitsyna and Irene Parada and Willem Sonke and Bettina Speckmann and Ryuhei Uehara and Jules Wulms},
    title = {Compacting Squares: Input-Sensitive In-Place Reconfiguration of Sliding
	Squares},
    booktitle = {Scandinavian Symposium on Algorithm Theory (SWAT)},
    pages = {4:1--4:19},
    year = {2022},
    doi = "10.4230/LIPICS.SWAT.2022.4"
}

@article{FeketeKKRS23-journal-connected,
    author = {S{\'{a}}ndor P. Fekete and Phillip Keldenich and Ramin Kosfeld and Christian Rieck and Christian Scheffer},
    title = {Connected coordinated motion planning with bounded stretch},
    journal = {Autonomous Agents and Multi-Agent Systems},
    volume = {37},
    number = {2},
    year = {2023},
    doi = "10.1007/S10458-023-09626-5"
}

@article{FeketeKRS022-journal-labeled-connected,
    author = {S{\'{a}}ndor P. Fekete and Peter Kramer and Christian Rieck and Christian Scheffer and Arne Schmidt},
    title = {Efficiently reconfiguring a connected swarm of labeled robots},
    journal={Autonomous Agents and Multi-Agent Systems},
    volume={38},
    number={2},
    year={2024},
    doi = "10.1007/s10458-024-09668-3"
}

@inproceedings{FitchBR03,
    author = {Robert Fitch and Zack J. Butler and Daniela Rus},
    title = {Reconfiguration planning for heterogeneous self-reconfiguring robots},
    booktitle = {International Conference on Intelligent Robots and Systems (IROS)},
    pages = {2460--2467},
    year = {2003},
    doi = "10.1109/IROS.2003.1249239"
}

@inproceedings{FitchBR05,
    author = {Robert Fitch and Zack J. Butler and Daniela Rus},
    title = {Reconfiguration Planning Among Obstacles for Heterogeneous Self-Reconfiguring
	Robots},
    booktitle = {International Conference on Robotics and Automation (ICRA)},
    pages = {117--124},
    year = {2005},
    doi = "10.1109/ROBOT.2005.1570106"
}

@inproceedings{KostitsynaOPPSS24,
	author       = {Irina Kostitsyna and
	Tim Ophelders and
	Irene Parada and
	Tom Peters and
	Willem Sonke and
	Bettina Speckmann},
	title        = {Optimal In-Place Compaction of Sliding Cubes},
	booktitle    = {Scandinavian Symposium on Algorithm Theory (SWAT)},
	pages        = {31:1--31:14},
	year         = {2024},
	doi          = "10.4230/LIPICS.SWAT.2024.31"
}

@INPROCEEDINGS{NiesReconfig,
    author = {Niehs, Eike and Schmidt, Arne and Scheffer, Christian and Biediger, Daniel E. and Yannuzzi, Michael and Jenett, Benjamin and Abdel-Rahman, Amira and Cheung, Kenneth C. and Becker, Aaron T. and Fekete, Sándor P.},
    booktitle = {International Conference on Robotics and Automation (ICRA)},
    title = {Recognition and reconfiguration of lattice-Based cellular structures by simple robots},
    year = {2020},
    pages = {8252--8259},
    doi = "10.1109/ICRA40945.2020.9196700"
}

@article{almethen2020pushing,
  author    = {Almethen, Abdullah and Michail, Othon and Potapov, Igor},
  doi       = "10.1016/j.tcs.2020.04.026",
  journal   = {Theoretical Computer Science},
  pages     = {43--59},
  publisher = {Elsevier},
  title     = {Pushing lines helps: Efficient universal centralised transformations for programmable matter},
  volume    = {830},
  year      = {2020},
}

@article{almethen2022efficient,
  title={On efficient connectivity-preserving transformations in a grid},
  author={Almethen, Abdullah and Michail, Othon and Potapov, Igor},
  journal={Theoretical Computer Science},
  volume={898},
  pages={132--148},
  year={2022},
  publisher={Elsevier},
  doi="10.1016/j.tcs.2022.09.016",
}

@article{connor2025transformation,
  author    = {Connor, Matthew and Michail, Othon},
  doi       = "10.1016/j.jcss.2024.103618",
  journal   = {Journal of Computer and System Sciences},
  pages     = {103618},
  publisher = {Elsevier},
  title     = {Transformation of Modular Robots by Rotation: $3+1$ Musketeers for all Orthogonally Convex Shapes},
  volume    = {150},
  year      = {2025},
}

@inproceedings{cooperative-bille-reconfig-ICRA,
    author = {Garcia, Javier and Yannuzzi, Michael and Kramer, Peter and Rieck, Christian and Fekete, Sándor P. and Becker, Aaron T.},
    title = {Reconfiguration of a {2D} Structure using spatio-Temporal planning and load transferring},
    booktitle = {International Conference on Robotics and Automation (ICRA)},
    year = {2024},
    pages = {8735--8741},
    doi = "10.1109/ICRA57147.2024.10611057"
}

@article{fekete2022connected,
    title = {Connected reconfiguration of lattice-based cellular structures by finite-memory robots},
    author = {Fekete, S{\'a}ndor P. and Niehs, Eike and Scheffer, Christian and Schmidt, Arne},
    journal = {Algorithmica},
    volume = {84},
    number = {10},
    pages = {2954--2986},
    year = {2022},
    doi = "10.1007/s00453-022-00995-z"
}

@InProceedings{gmyr2018recognition,
  author = {Robert Gmyr and Kristian Hinnenthal and Irina Kostitsyna and Fabian Kuhn and Dorian Rudolph and Christian Scheideler},
  title = {Shape Recognition by a Finite Automaton Robot},
  booktitle = {International Symposium on Mathematical Foundations of Computer Science ({MFCS})},
  pages = {52:1--52:15},
  year = {2018},
  doi = "10.4230/LIPIcs.MFCS.2018.52",
}

@article{gmyr2020forming,
    title = {Forming tile shapes with simple robots},
    author = {Gmyr, Robert and Hinnenthal, Kristian and Kostitsyna, Irina and Kuhn, Fabian and Rudolph, Dorian and Scheideler, Christian and Strothmann, Thim},
    journal = {Natural Computing},
    volume = {19},
    number = {2},
    year = {2020},
    pages = {375--390},
    doi="10.1007/s11047-019-09774-2"
}

@inproceedings{hinnenthal2024efficient,
  author       = {Kristian Hinnenthal and
                  David Liedtke and
                  Christian Scheideler},
  title        = {Efficient Shape Formation by {3D} Hybrid Programmable Matter: An Algorithm for Low Diameter Intermediate Structures},
  booktitle    = {Symposium on Algorithmic Foundations of Dynamic Networks ({SAND})},
  pages        = {15:1--15:20},
  year         = {2024},
  doi          = "10.4230/LIPICS.SAND.2024.15",
}

@inproceedings{jenett2017bille,
    title = {{BILL-E}: Robotic platform for locomotion and manipulation of lightweight space structures},
    author = {Jenett, Ben and Cheung, Kenneth},
    booktitle = {Adaptive Structures Conference (ASC)},
    pages = {},
    year = {2017},
    doi = "10.2514/6.2017-1876"
}

@article{michail2019transformation,
  title={On the transformation capability of feasible mechanisms for programmable matter},
  author={Michail, Othon and Skretas, George and Spirakis, Paul G.},
  journal={Journal of Computer and System Sciences},
  volume={102},
  pages={18--39},
  year={2019},
  publisher={Elsevier},
  doi="10.1016/j.jcss.2018.12.001"
}

@misc{parallel-sliding-squares,
	author = {Hugo A. Akitaya and Sándor P. Fekete and Peter Kramer and Saba Molaei and Christian Rieck and Frederick Stock and Tobias Wallner},
	title = {Sliding squares in parallel},
	year = {2024},
	note = {Submitted for publication.},
	doi = "10.48550/arXiv.2412.05523"
}

@inproceedings{single-bille-reconfig-IROS,
    author = {Garcia, Javier and Yannuzzi, Michael and Kramer, Peter and Rieck, Christian and Becker, Aaron T.},
    title = {Connected reconfiguration of polyominoes amid obstacles using {RRT}$^*$},
    booktitle = {International Conference on Intelligent Robots and Systems (IROS)},
    year = {2022},
    pages = {6554--6560},
    doi = "10.1109/IROS47612.2022.9981184"
}

