@misc{achiam2017surprise,
    title = {{Surprise-Based Intrinsic Motivation for Deep Reinforcement Learning}}, 
    author = {Achiam, Joshua and Sastry, Shankar},
    year = {2017},
    note = {arXiv:1703.01732 [cs.LG]}
}

@article{baldi2010bits,
    author = {Baldi, Pierre and Itti, Laurent},
    year = {2010},
    pages = {649-666},
    title = {Of Bits and Wows: A Bayesian Theory of Surprise with Applications to Attention},
    volume = {23},
    journal = {Neural Networks},
}

@article{barto2013novelty,
    author = {Barto, Andrew and Mirolli, Marco and Baldassarre, Gianluca},   
    title = {Novelty or Surprise?},      
    journal = {Frontiers in Psychology},
    volume = {4},
    pages = {907:1-907:15},
    year = {2013}
}

@inproceedings{bradley2024quality,
    title = {Quality-{D}iversity through {AI} Feedback}, 
    author = {Herbie Bradley and Andrew Dai and Hannah Teufel and Jenny Zhang and Koen Oostermeijer and Marco Bellagente and Jeff Clune and Kenneth Stanley and Grégory Schott and Joel Lehman},
    year = {2024},
    booktitle = {{Proc. of the 12th International Conference on Learning Representations (ICLR'24)}},
}

@inproceedings{brown2020language,
       author = {{Brown}, Tom B. and {Mann}, Benjamin and {Ryder}, Nick and {Subbiah}, Melanie and {Kaplan}, Jared and {Dhariwal}, Prafulla and {Neelakantan}, Arvind and {Shyam}, Pranav and {Sastry}, Girish and {Askell}, Amanda and {Agarwal}, Sandhini and {Herbert-Voss}, Ariel and {Krueger}, Gretchen and {Henighan}, Tom and {Child}, Rewon and {Ramesh}, Aditya and {Ziegler}, Daniel M. and {Wu}, Jeffrey and {Winter}, Clemens and {Hesse}, Christopher and {Chen}, Mark and {Sigler}, Eric and {Litwin}, Mateusz and {Gray}, Scott and {Chess}, Benjamin and {Clark}, Jack and {Berner}, Christopher and {McCandlish}, Sam and {Radford}, Alec and {Sutskever}, Ilya and {Amodei}, Dario},
    booktitle = {Advances in Neural Information Processing Systems ({NIPS'20})},
    title = {Language Models are Few-Shot Learners},
    year = {2020},
}

@inproceedings{bunescu2019learning,
    author = {Bunescu, Razvan C. and Uduehi, Oseremen O.},
    title = {Learning to Surprise: A Composer-Audience Architecture},
    booktitle = {{Proc. of the 10th International Conference on Computational Creativity (ICCC'19)}},
    year = {2019},
}

@article{burns2006atoms,
    author = {Burns, Kevin},
    title = {{Atoms of EVE'}: A Bayesian Basis for Esthetic Analysis of Style in Sketching},
    journal = {Artificial Intelligence for Engineering Design, Analysis and Manufacturing},
    volume = {20},
    pages = {185–199},
    year = {2006},
}

@inproceedings{christiano2017deep,
    author = {Christiano, Paul F and Leike, Jan and Brown, Tom and Martic, Miljan and Legg, Shane and Amodei, Dario},
    booktitle = {{Advances in Neural Information Processing Systems (NeurIPS'17)}},
    title = {Deep Reinforcement Learning from Human Preferences},
    year = {2017},
}

@book{cover1999elements,
  title={Elements of Information Theory},
  author={Cover, Thomas M},
  year={1999},
  publisher={John Wiley \& Sons}
}

@misc{davis2024chatpgt,
    author = {Davis, Ernest},
    title = {{ChatGPT’s} Poetry is Incompetent and Banal: A Discussion of {(Porter and Machery, 2024)}},
    year = {2024},
    note = {{\url{https://cs.nyu.edu/~davise/papers/GPT-Poetry.pdf}} [Accessed February 14, 2021]},
}

@inproceedings{fernandezmonsalve2012lexical,
    title = {Lexical surprisal as a general predictor of reading time},
    author = {Fernandez Monsalve, Irene and Frank, Stefan L. and Vigliocco, Gabriella},
    booktitle = {{Proc. of the 13th Conference of the {E}uropean Chapter of the Association for Computational Linguistics (EACL'12)}},
    year = {2012}
}

@inproceedings{franca2016regent,
    title = {Regent-Dependent Creativity: A Domain Independent Metric for the Assessment of Creative Artifacts},
    author = {França, Celso and G{\'o}es, Lu{\'i}s Fabr{\'i}cio Wanderley and Amorim, Alvaro and Rocha, Rodrigo C. O. and Da Silva, Alysson Ribeiro},
    booktitle = {{Proc. of the 7th International Conference on Computational Creativity (ICCC'16)}},
    year = {2016},
}

@article{franceschelli2023creativity,
  author    = {Giorgio Franceschelli and Mirco Musolesi},
  title     = {{On the Creativity of Large Language Models}},
  journal   = {AI\&Society},
  year      = {2024},
  month     = {November},
  pages = {1-11}
}

@inproceedings{franceschelli2024creative,
    author = {Franceschelli, Giorgio and Musolesi, Mirco},
    title = {{Creative Beam Search: {LLM-as-a-Judge} For Improving Response Generation}},
    booktitle = {{Proc. of the 15th International Conference on Computational Creativity (ICCC’24)}},
    year = {2024},
    location = {Jonkoping, Sweden}
}

@inproceedings{goes2023pushing,
    author = {Goes, Fabricio and Volpe, Marco and Sawicki, Piotr and Grzés, Marek and Watson, Jacob},
    title = {Pushing {GPT}’s Creativity to Its Limits: {A}lternative {U}ses and {T}orrance {T}ests},
    booktitle = {{Proc. of the 14th International Conference on Computational Creativity (ICCC'23)}},
    year = {2023},
}

@inproceedings{li2016diversity,
    title = {A Diversity-Promoting Objective Function for Neural Conversation Models},
    author = {Li, Jiwei and Galley, Michel and Brockett, Chris and Gao, Jianfeng and Dolan, Bill},
    booktitle = {{Proc. of the 2016 Conference of the North {A}merican Chapter of the Association for Computational Linguistics: Human Language Technologies (NAACL'16)}},
    year = {2016},
}

@inproceedings{li2023quality,
    title = {Quality Diversity through Human Feedback}, 
    author = {Li Ding and Jenny Zhang and Jeff Clune and Lee Spector and Joel Lehman},
    year = {2023},
    booktitle = {{Proc. of the NIPS'23 ALOE Workshop}},
}

@article{mazzaglia2022curiosity,
    title = {Curiosity-Driven Exploration via Latent Bayesian Surprise},
    journal = {{Proc. of the AAAI Conference on Artificial Intelligence (AAAI'22)}},
    author = {Mazzaglia, Pietro and Catal, Ozan and Verbelen, Tim and Dhoedt, Bart},
    year = {2022}
}

@misc{openai2023gpt4,
    title = {{GPT-4 Technical Report}},
    author = {OpenAI},
    year = {2023},
    note = {arXiv:2303.08774 [cs.CL]}
}

@inproceedings{pardinas2023leveraging,
    title = {Leveraging Human Preferences to Master Poetry},
    author = {Pardinas, Rafael and Huang, Gabriel and Vazquez, David and Pich{\'e}, Alexandre},
    booktitle = {{Proc. of the AAAI'23 Workshop on Creative AI Across Modalities}},
    year = {2023},
}

@inproceedings{popescu2023gpoet,
    title = {{GP}oe{T}: a Language Model Trained for Rhyme Generation on Synthetic Data},
    author = {Popescu-Belis, Andrei and Atrio, {\`A}lex R. and Bernath, Bastien and Boisson, Etienne and Ferrari, Teo and Theimer-Lienhard, Xavier and Vernikos, Giorgos},
    booktitle = {Proc. of the 7th Joint SIGHUM Workshop on Computational Linguistics for Cultural Heritage, Social Sciences, Humanities and Literature},
    year = {2023},
}

@article{porter2024aigenerated,
    author = {Porter, Brian and Machery, Edouard},
    title = {{AI-generated poetry is indistinguishable from human-written poetry and is rated more favorably}},
    journal = {Scientific Reports},
    volume = {14},
    number = {1},
    pages = {26133},
    year = {2024}
}

@inproceedings{sawicki2023bits,
    author = {Sawicki, Piotr and Grzés, Marek and Goes, Fabricio and Brown, Dan and Peeperkorn, Max and Khatun, Aisha and Paraskevopoulou, Simona},
    title = {Bits of {G}rass: Does {GPT} already know how to write like {W}hitman?},
    booktitle = {{Proc. of the 14th International Conference on Computational Creativity (ICCC'23)}},
    year = {2023},
}

@article{schmidhuber2010formal,
    author = {Schmidhuber, Jürgen},
    journal = {IEEE Transactions on Autonomous Mental Development},
    title = {Formal Theory of Creativity, Fun, and Intrinsic Motivation (1990–2010)},
    year = {2010},
    volume = {2},
    number = {3},
    pages = {230-247},
}

@article{shannon1948mathematical,
    title = {A Mathematical Theory of Communication},
    author = {Shannon, Claude Elwood},
    journal = {The Bell System Technical Journal},
    volume = {27},
    number = {3},
    pages = {379--423},
    year = {1948},
}

@inproceedings{stevenson2022putting,
    author = {Stevenson, Claire and Smal, Iris and Baas, Matthijs and Grasman, Raoul and van der Maas, Han},
    title = {Putting {GPT-3's} Creativity to the {(Alternative Uses) Test}},
    booktitle = {{Proc. of the 13th International Conference on Computational Creativity (ICCC'22)}},
    year = {2022},
}

@inproceedings{summers2023brainstorm,
    title = {Brainstorm, then Select: a Generative Language Model Improves Its Creativity Score},
    author = {Summers-Stay, Douglas and Voss, Clare R. and Lukin, Stephanie M.},
    booktitle = {{Proc. of the AAAI'23 Workshop on Creative AI Across Modalities}},
    year = {2023},
}

@misc{sun2025curiosity,
    title = {Curiosity-Driven Reinforcement Learning from Human Feedback}, 
    author = {Haoran Sun and Yekun Chai and Shuohuan Wang and Yu Sun and Hua Wu and Haifeng Wang},
    year = {2025},
    note = {arXiv:2501.11463 [cs.CL]}
}

@book{tribus1961thermodynamics,
    author = {Tribus, Myron},
    title = {Thermodynamics and Thermostatics: An Introduction to Energy, Information and States of Matter, with Engineering Applications},
    publisher = {Van Nostrand},
    year = {1961}
}

@article{varshney2019big,  
    author = {Varshney, Lav R. and Pinel, Florian and Varshney, Kush R. and Bhattacharjya, Debarun and Schoergendorfer, Angela and Chee, Y-Min}, 
    journal = {IBM Journal of Research and Development},
    title = {A Big Data Approach to Computational Creativity: The Curious Case of Chef Watson},   
    year = {2019},  
    volume = {63},  
    number = {1},  
    pages= {7:1-7:18},
}

@article{varshney2019mathematical,
    author = {Varshney, Lav R.},
    journal = {IBM Journal of Research and Development},
    title = {Mathematical Limit Theorems for Computational Creativity},
    year = {2019},
    volume = {63},
    number = {1},
    pages = {2:1-2:12},
}

@article{vijayakumar2018diverse,
    title = {Diverse Beam Search for Improved Description of Complex Scenes},
    journal = {{Proc. of the 32nd AAAI Conference on Artificial Intelligence (AAAI'18)}},
    author = {Vijayakumar, Ashwin and Cogswell, Michael and Selvaraju, Ramprasaath and Sun, Qing and Lee, Stefan and Crandall, David and Batra, Dhruv},
    year = {2018}
}

@inproceedings{zheng2023judging,
    title = {Judging {LLM}-as-a-Judge with {MT}-Bench and Chatbot Arena},
    author = {Lianmin Zheng and Wei-Lin Chiang and Ying Sheng and Siyuan Zhuang and Zhanghao Wu and Yonghao Zhuang and Zi Lin and Zhuohan Li and Dacheng Li and Eric Xing and Hao Zhang and Joseph E. Gonzalez and Ion Stoica},
    booktitle = {{Proc. of the 37th Conference on Neural Information Processing Systems Datasets and Benchmarks Track (NIPS'23)}},
    year = {2023},
}

