@article{cobbe2021gsm8k,
  title={Training Verifiers to Solve Math Word Problems},
  author={Cobbe, Karl and Kosaraju, Vineet and Bavarian, Mohammad and Chen, Jacob Hilton and Raffel, Colin and Schulman, John},
  journal={arXiv preprint arXiv:2110.14168},
  year={2021}
}

@misc{gupta2024intelligent,
  title        = {Intelligent Tutors for Adult Learners: An Analysis of Needs and Challenges},
  author       = {Gupta, Adit and Siddiqui, Momin and Smith, Glen and Reddig, Jenn and MacLellan, Christopher},
  year         = {2024},
  month        = {nov},
  eprint       = {2412.04477},
  archivePrefix= {arXiv},
  primaryClass = {cs.AI}, 
  note         = {arXiv preprint},
  url          = {https://arxiv.org/abs/2412.04477}
}

@article{heffernan2008expanding,
  title={Expanding the model-tracing architecture: A 3rd generation intelligent tutor for algebra symbolization},
  author={Heffernan, Neil T and Koedinger, Kenneth R and Razzaq, Leena},
  journal={International Journal of Artificial Intelligence in Education},
  volume={18},
  number={2},
  pages={153--178},
  year={2008},
  publisher={IOS Press}
}

@inproceedings{jamplate2023,
  author = {Kim, Joon Sung and Lee},
  title = {Jamplate: Exploring LLM-Enhanced Templates for Idea Reflection},
  booktitle = {Proceedings of the 2023 CHI Conference on Human Factors in Computing Systems},
  year = {2023},
  pages = {1–14},
  publisher = {Association for Computing Machinery},
  address = {New York, NY, USA},
  doi = {10.1145/3640543.3645196},
  url = {https://dl.acm.org/doi/pdf/10.1145/3640543.3645196}
}

@incollection{language_tutoring2023,
  author = {Park, Ji Won and Kim, Min Joon and Lee, Sang Woo},
  title = {Developing Conversational Intelligent Tutoring for Speaking Skills in Foreign Language Education},
  booktitle = {Artificial Intelligence in Education},
  editor = {Koch, Franziska and Zhang, Lei and Chen, Fuhua and Dillenbourg, Pierre},
  year = {2023},
  publisher = {Springer International Publishing},
  address = {Cham},
  pages = {123–134},
  isbn = {978-3-031-63028-6},
  doi = {10.1007/978-3-031-63028-6_11},
  url = {https://link.springer.com/chapter/10.1007/978-3-031-63028-6_11}
}

@inproceedings{workedgen2023,
  author = {Zhang, Yuxin and Li, Haoran and Wang, Ziyu and Li, Yuxin and Wang, Yuxuan and Wang, Zhen and Li, Yuxi and Li, Yuxuan and Li, Yuxiang and Li, Yuxiao},
  title = {WorkedGen: Using LLMs to Generate Interactive Worked Programming Examples},
  booktitle = {Proceedings of the 2023 Conference on Learning at Scale},
  year = {2023},
  pages = {123–134},
  publisher = {Association for Computing Machinery},
  address = {New York, NY, USA},
  doi = {10.1145/3636243.3636252},
  url = {https://dl.acm.org/doi/pdf/10.1145/3636243.3636252}
}

@article{xia2024reasoning,
  title={Evaluating Mathematical Reasoning Beyond Accuracy},
  author={Xia, Shijie and Others},
  journal={arXiv preprint arXiv:2404.05692},
  year={2024},
  url={https://arxiv.org/abs/2404.05692}
}

