@inproceedings{Cai2023hcpp,
  author={Cai, Ziyan and Chang, Xin and Li, Ping},
  booktitle={IPCCC '23}, 
  title={HCPP: A Data-Oriented Framework to Preserve Privacy during Interactions with Healthcare Chatbot}, 
  year={2023},
  volume={},
  number={},
  publisher = "IEEE",
  pages={283-290},
  }

@inproceedings{singh2024enhancing,
  title={Enhancing Privacy and Security in Large-Language Models: A Zero-Knowledge Proof Approach},
  author={Shridhar Singh},
  booktitle={ICCWS '24},
  pages={12--23},
  year={2024},
}

@inproceedings{sun2024zkllm,
  title={zkLLM: Zero Knowledge Proofs for Large Language Models},
  author={Haochen Sun and Jason Li and Hongyang Zhang},
  booktitle={CCS '24},
  year={2024},
  publisher={ACM},
  pages={4405â€“4419}
}

@inproceedings{zeng2024huref,
      title={HuRef: HUman-REadable Fingerprint for Large Language Models}, 
      author={Boyi Zeng and Lizheng Wang and Yuncong Hu and Yi Xu and Chenghu Zhou and Xinbing Wang and Yu Yu and Zhouhan Lin},
      year={2024},
      booktitle = {NeurIPS '24},
      pages     = {126332--126362}
}

