
@article{wester2024exploring,
  title={Exploring people's perceptions of LLM-generated advice},
  author={Joel Wester and Sander de Jong and Henning Pohl and Niels van Berkel},
  journal={CHB: Artificial Humans},
  volume={2},
  number={2},
  pages={100072},
  year={2024},
  publisher={Elsevier},
}

@inproceedings{furumai-etal-2024-zero,
    title = {Zero-shot Persuasive Chatbots with {LLM}-Generated Strategies and Information Retrieval},
    author = {Kazuaki Furumai and Roberto Legaspi and Julio Vizcarra and Yudai Yamazaki and Yasutaka Nishimura and Sina J. Semnani and Kazushi Ikeda and Weiyan Shi and Monica S. Lam},
    booktitle = {Findings of EMNLP '24},
    year = {2024},
    publisher = {ACL},
    pages = {11224--11249},
}

@inproceedings{Cai2023hcpp,
  author={Cai, Ziyan and Chang, Xin and Li, Ping},
  booktitle={IPCCC '23}, 
  title={HCPP: A Data-Oriented Framework to Preserve Privacy during Interactions with Healthcare Chatbot}, 
  year={2023},
  volume={},
  number={},
  publisher = "IEEE",
  pages={283-290},
  }

@inproceedings{sun2024zkllm,
  title={zkLLM: Zero Knowledge Proofs for Large Language Models},
  author={Haochen Sun and Jason Li and Hongyang Zhang},
  booktitle={CCS '24},
  year={2024},
  publisher={ACM},
  pages={4405â€“4419}
}

@inproceedings{singh2024enhancing,
  title={Enhancing Privacy and Security in Large-Language Models: A Zero-Knowledge Proof Approach},
  author={Shridhar Singh},
  booktitle={ICCWS '24},
  pages={12--23},
  year={2024},
}

@misc{bruestle2023risc,
  author       = {Jeremy Bruestle and Paul Gafni and the RISC Zero Team},
  title        = {{RISC Zero zkVM: Scalable, Transparent Arguments of RISC-V Integrity}},
  year         = {2023},
  howpublished = {\url{https://dev.risczero.com/proof-system-in-detail.pdf}},
  note         = {Accessed: 2024-12-09}
}

@misc{sp1book,
  author       = {Succinct Labs},
  title        = {SP1 Book},
  year         = {2024},
  howpublished = {\url{https://docs.succinct.xyz/}},
  note         = {Accessed: 2024-12-09}
}

@inproceedings{zeng2024huref,
      title={HuRef: HUman-REadable Fingerprint for Large Language Models}, 
      author={Boyi Zeng and Lizheng Wang and Yuncong Hu and Yi Xu and Chenghu Zhou and Xinbing Wang and Yu Yu and Zhouhan Lin},
      year={2024},
      booktitle = {NeurIPS '24},
      pages     = {126332--126362}
}

@inproceedings{bhattacharjee2024understanding,
  author       = {Ananya Bhattacharjee and Yuchen Zeng and Sarah Yi Xu and Dana Kulzhabayeva and Minyi Ma and Rachel Kornfield and Syed Ishtiaque Ahmed and Alex Mariakakis and Mary P. Czerwinski and Anastasia Kuzminykh and Michael Liut and Joseph Jay Williams},
  title        = {Understanding the Role of Large Language Models in Personalizing and Scaffolding Strategies to Combat Academic Procrastination},
  booktitle    = {CHI '24},
  year         = {2024},
  publisher    = {ACM},
  pages        = {Article 15, 1--18},
}

@misc{thaler2022proofs,
  author       = {Thaler, Justin},
  title        = {Proofs, Arguments, and Zero-Knowledge},
  year         = {2022},
  note         = {Available at: \url{https://people.cs.georgetown.edu/jthaler/ProofsArgsAndZK.pdf}},
}
@inproceedings{parno2013pinocchio,
  author    = {Bryan Parno and Jon Howell and Craig Gentry and Mariana Raykova},
  title     = {Pinocchio: Nearly Practical Verifiable Computation},
  booktitle = {IEEE S\&P '13},
  pages     = {238--252},
  year      = {2013},
  publisher = {IEEE},
}

@inproceedings{groth2016size,
  author    = {Jens Groth},
  title     = {On the Size of Pairing-Based Non-interactive Arguments},
  booktitle = {EUROCRYPT '16},
  pages     = {305--326},
  year      = {2016},
  publisher = {Springer},
}
@misc{risczero_reports,
  author       = {RISC Zero},
  howpublished = {\url{https://reports.risczero.com/}},
  note         = {Accessed: 2024-12-09},
  year         = {2024}
}
