#%% Books %%%%%%%%%%%%%%%%%%%%%%%%%%%%%%%%%%%%%%%%%%%%%%%%%%%%%%%%%%%%%%%%%%%%%%%%
%doi = {https://doi.org/10.1002/9781118788516.sem055},
@inbook{moro2006copular,
author = {Heycock, Caroline},
publisher = {John Wiley \& Sons, Ltd},
isbn = {9781118788516},
title = {Copular Sentences},
booktitle = {The Wiley Blackwell Companion to Semantics},
chapter = {18},
pages = {728-730},
url = {https://onlinelibrary.wiley.com/doi/abs/10.1002/9781118788516.sem055},
eprint = {https://onlinelibrary.wiley.com/doi/pdf/10.1002/9781118788516.sem055},
year = {2020},
}


#%% Journals %%%%%%%%%%%%%%%%%%%%%%%%%%%%%%%%%%%%%%%%%%%%%%%%%%%%%%%%%%%%%%%%%%%%%%%%

@article{su2024roformer,
  title={Roformer: Enhanced transformer with rotary position embedding},
  author={Su, Jianlin and Ahmed, Murtadha and Lu, Yu and Pan, Shengfeng and Bo, Wen and Liu, Yunfeng},
  journal={Neurocomputing},
  volume={568},
  pages={127063},
  year={2024},
  publisher={Elsevier}
}

@article{floridi2020gpt,
  title={GPT-3: Its nature, scope, limits, and consequences},
  author={Floridi, Luciano and Chiriatti, Massimo},
  journal={Minds and Machines},
  volume={30},
  pages={681--694},
  year={2020},
  publisher={Springer}
}

@article{
li2023starcoder,
title={StarCoder: may the source be with you!},
author={Raymond Li and Loubna Ben allal and Yangtian Zi and Niklas Muennighoff and Denis Kocetkov and Chenghao Mou and Marc Marone and Christopher Akiki and Jia LI and Jenny Chim and Qian Liu and Evgenii Zheltonozhskii and Terry Yue Zhuo and Thomas Wang and Olivier Dehaene and Joel Lamy-Poirier and Joao Monteiro and Nicolas Gontier and Ming-Ho Yee and Logesh Kumar Umapathi and Jian Zhu and Ben Lipkin and Muhtasham Oblokulov and Zhiruo Wang and Rudra Murthy and Jason T Stillerman and Siva Sankalp Patel and Dmitry Abulkhanov and Marco Zocca and Manan Dey and Zhihan Zhang and Urvashi Bhattacharyya and Wenhao Yu and Sasha Luccioni and Paulo Villegas and Fedor Zhdanov and Tony Lee and Nadav Timor and Jennifer Ding and Claire S Schlesinger and Hailey Schoelkopf and Jan Ebert and Tri Dao and Mayank Mishra and Alex Gu and Carolyn Jane Anderson and Brendan Dolan-Gavitt and Danish Contractor and Siva Reddy and Daniel Fried and Dzmitry Bahdanau and Yacine Jernite and Carlos Mu{\~n}oz Ferrandis and Sean Hughes and Thomas Wolf and Arjun Guha and Leandro Von Werra and Harm de Vries},
journal={Transactions on Machine Learning Research},
issn={2835-8856},
year={2023},
url={https://openreview.net/forum?id=KoFOg41haE},
}

#%% Conferences %%%%%%%%%%%%%%%%%%%%%%%%%%%%%%%%%%%%%%%%%%%%%%%%%%%%%%%%%%%%%%%%%%%%%%%%

@inproceedings{luong-etal-2015-effective,
    title = "Effective Approaches to Attention-based Neural Machine Translation",
    author = "Luong, Thang  and
      Pham, Hieu  and
      Manning, Christopher D.",
    editor = "M{\`a}rquez, Llu{\'i}s  and
      Callison-Burch, Chris  and
      Su, Jian",
    booktitle = "Proceedings of the 2015 Conference on Empirical Methods in Natural Language Processing",
    month = sep,
    year = "2015",
    address = "Lisbon, Portugal",
    publisher = "Association for Computational Linguistics",
    url = "https://aclanthology.org/D15-1166/",
    doi = "10.18653/v1/D15-1166",
    pages = "1412--1421"
}

@inproceedings{
liu2024what,
title={What Makes Good Data for Alignment? A Comprehensive Study of Automatic Data Selection in Instruction Tuning},
author={Wei Liu and Weihao Zeng and Keqing He and Yong Jiang and Junxian He},
booktitle={The Twelfth International Conference on Learning Representations},
year={2024},
url={https://openreview.net/forum?id=BTKAeLqLMw}
}

@inproceedings{chen2025sharegpt4v,
  title={Sharegpt4v: Improving large multi-modal models with better captions},
  author={Chen, Lin and Li, Jinsong and Dong, Xiaoyi and Zhang, Pan and He, Conghui and Wang, Jiaqi and Zhao, Feng and Lin, Dahua},
  booktitle={European Conference on Computer Vision},
  pages={370--387},
  year={2025},
  organization={Springer}
}

@inproceedings{
xu2024wizardlm,
title={Wizard{LM}: Empowering Large Pre-Trained Language Models to Follow Complex Instructions},
author={Can Xu and Qingfeng Sun and Kai Zheng and Xiubo Geng and Pu Zhao and Jiazhan Feng and Chongyang Tao and Qingwei Lin and Daxin Jiang},
booktitle={The Twelfth International Conference on Learning Representations},
year={2024},
url={https://openreview.net/forum?id=CfXh93NDgH}
}

@inproceedings{
yu2024metamath,
title={MetaMath: Bootstrap Your Own Mathematical Questions for Large Language Models},
author={Longhui Yu and Weisen Jiang and Han Shi and Jincheng YU and Zhengying Liu and Yu Zhang and James Kwok and Zhenguo Li and Adrian Weller and Weiyang Liu},
booktitle={The Twelfth International Conference on Learning Representations},
year={2024},
url={https://openreview.net/forum?id=N8N0hgNDRt}
}

@inproceedings{ding-etal-2023-enhancing,
    title = "Enhancing Chat Language Models by Scaling High-quality Instructional Conversations",
    author = "Ding, Ning  and
      Chen, Yulin  and
      Xu, Bokai  and
      Qin, Yujia  and
      Hu, Shengding  and
      Liu, Zhiyuan  and
      Sun, Maosong  and
      Zhou, Bowen",
    editor = "Bouamor, Houda  and
      Pino, Juan  and
      Bali, Kalika",
    booktitle = "Proceedings of the 2023 Conference on Empirical Methods in Natural Language Processing",
    month = dec,
    year = "2023",
    address = "Singapore",
    publisher = "Association for Computational Linguistics",
    url = "https://aclanthology.org/2023.emnlp-main.183/",
    doi = "10.18653/v1/2023.emnlp-main.183",
    pages = "3029--3051"
}

@inproceedings{nguyen-etal-2024-culturax,
    title = "{C}ultura{X}: A Cleaned, Enormous, and Multilingual Dataset for Large Language Models in 167 Languages",
    author = "Nguyen, Thuat  and
      Nguyen, Chien Van  and
      Lai, Viet Dac  and
      Man, Hieu  and
      Ngo, Nghia Trung  and
      Dernoncourt, Franck  and
      Rossi, Ryan A.  and
      Nguyen, Thien Huu",
    editor = "Calzolari, Nicoletta  and
      Kan, Min-Yen  and
      Hoste, Veronique  and
      Lenci, Alessandro  and
      Sakti, Sakriani  and
      Xue, Nianwen",
    booktitle = "Proceedings of the 2024 Joint International Conference on Computational Linguistics, Language Resources and Evaluation (LREC-COLING 2024)",
    month = may,
    year = "2024",
    address = "Torino, Italia",
    publisher = "ELRA and ICCL",
    url = "https://aclanthology.org/2024.lrec-main.377/",
    pages = "4226--4237"
}

@inproceedings{
paster2024openwebmath,
title={OpenWebMath: An Open Dataset of High-Quality Mathematical Web Text},
author={Keiran Paster and Marco Dos Santos and Zhangir Azerbayev and Jimmy Ba},
booktitle={The Twelfth International Conference on Learning Representations},
year={2024},
url={https://openreview.net/forum?id=jKHmjlpViu}
}

@inproceedings{
penedo2024the,
title={The FineWeb Datasets: Decanting the Web for the Finest Text Data at Scale},
author={Guilherme Penedo and Hynek Kydl{\'\i}{\v{c}}ek and Loubna Ben allal and Anton Lozhkov and Margaret Mitchell and Colin Raffel and Leandro Von Werra and Thomas Wolf},
booktitle={The Thirty-eight Conference on Neural Information Processing Systems Datasets and Benchmarks Track},
year={2024},
url={https://openreview.net/forum?id=n6SCkn2QaG}
}

@inproceedings{ainslie-etal-2023-gqa,
    title = "{GQA}: Training Generalized Multi-Query Transformer Models from Multi-Head Checkpoints",
    author = "Ainslie, Joshua  and
      Lee-Thorp, James  and
      de Jong, Michiel  and
      Zemlyanskiy, Yury  and
      Lebron, Federico  and
      Sanghai, Sumit",
    editor = "Bouamor, Houda  and
      Pino, Juan  and
      Bali, Kalika",
    booktitle = "Proceedings of the 2023 Conference on Empirical Methods in Natural Language Processing",
    month = dec,
    year = "2023",
    address = "Singapore",
    publisher = "Association for Computational Linguistics",
    url = "https://aclanthology.org/2023.emnlp-main.298/",
    doi = "10.18653/v1/2023.emnlp-main.298",
    pages = "4895--4901"
}

@inproceedings{kang-shin-2023-samrank,
    title = "{SAMR}ank: Unsupervised Keyphrase Extraction using Self-Attention Map in {BERT} and {GPT}-2",
    author = "Kang, Byungha  and
      Shin, Youhyun",
    editor = "Bouamor, Houda  and
      Pino, Juan  and
      Bali, Kalika",
    booktitle = "Proceedings of the 2023 Conference on Empirical Methods in Natural Language Processing",
    month = dec,
    year = "2023",
    address = "Singapore",
    publisher = "Association for Computational Linguistics",
    url = "https://aclanthology.org/2023.emnlp-main.630/",
    doi = "10.18653/v1/2023.emnlp-main.630",
    pages = "10188--10201",
}

@inproceedings{min2021metaicl,
    title = "{M}eta{ICL}: Learning to Learn In Context",
    author = "Min, Sewon  and
      Lewis, Mike  and
      Zettlemoyer, Luke  and
      Hajishirzi, Hannaneh",
    editor = "Carpuat, Marine  and
      de Marneffe, Marie-Catherine  and
      Meza Ruiz, Ivan Vladimir",
    booktitle = "Proceedings of the 2022 Conference of the North American Chapter of the Association for Computational Linguistics: Human Language Technologies",
    month = jul,
    year = "2022",
    address = "Seattle, United States",
    publisher = "Association for Computational Linguistics",
    url = "https://aclanthology.org/2022.naacl-main.201/",
    doi = "10.18653/v1/2022.naacl-main.201",
    pages = "2791--2809"
}

@inproceedings{
akyurek2022learning,
title={What learning algorithm is in-context learning? Investigations with linear models},
author={Ekin Aky{\"u}rek and Dale Schuurmans and Jacob Andreas and Tengyu Ma and Denny Zhou},
booktitle={The Eleventh International Conference on Learning Representations },
year={2023},
url={https://openreview.net/forum?id=0g0X4H8yN4I}
}

@inproceedings{NEURIPS2019_4496bf24,
 author = {Wang, Alex and Pruksachatkun, Yada and Nangia, Nikita and Singh, Amanpreet and Michael, Julian and Hill, Felix and Levy, Omer and Bowman, Samuel},
 booktitle = {Advances in Neural Information Processing Systems},
 editor = {H. Wallach and H. Larochelle and A. Beygelzimer and F. d\textquotesingle Alch\'{e}-Buc and E. Fox and R. Garnett},
 pages = {},
 publisher = {Curran Associates, Inc.},
 title = {SuperGLUE: A Stickier Benchmark for General-Purpose Language Understanding Systems},
 url = {https://proceedings.neurips.cc/paper_files/paper/2019/file/4496bf24afe7fab6f046bf4923da8de6-Paper.pdf},
 volume = {32},
 year = {2019}
}


@inproceedings{
zhou2024can,
title={Can Language Models Perform Robust Reasoning in Chain-of-thought Prompting with Noisy Rationales?},
author={Zhanke Zhou and Rong Tao and Jianing Zhu and Yiwen Luo and Zengmao Wang and Bo Han},
booktitle={The Thirty-eighth Annual Conference on Neural Information Processing Systems},
year={2024},
url={https://openreview.net/forum?id=FbuODM02ra}
}

@inproceedings{
sia2024where,
title={Where does In-context  Learning {\textbackslash}{\textbackslash} Happen in Large Language Models?},
author={Suzanna Sia and David Mueller and Kevin Duh},
booktitle={The Thirty-eighth Annual Conference on Neural Information Processing Systems},
year={2024},
url={https://openreview.net/forum?id=LLuSjg59an}
}

@inproceedings{
wibisono2024from,
title={From Unstructured Data to In-Context Learning: Exploring What Tasks Can Be Learned and When},
author={Kevin Christian Wibisono and Yixin Wang},
booktitle={The Thirty-eighth Annual Conference on Neural Information Processing Systems},
year={2024},
url={https://openreview.net/forum?id=x9eFgahVBI}
}

@inproceedings{
stechly2024chain,
title={Chain of Thoughtlessness? An Analysis of CoT in Planning},
author={Kaya Stechly and Karthik Valmeekam and Subbarao Kambhampati},
booktitle={The Thirty-eighth Annual Conference on Neural Information Processing Systems},
year={2024},
url={https://openreview.net/forum?id=kPBEAZU5Nm}
}

@inproceedings{
saparov2023language,
title={Language Models Are Greedy Reasoners: A Systematic Formal Analysis of Chain-of-Thought},
author={Abulhair Saparov and He He},
booktitle={The Eleventh International Conference on Learning Representations },
year={2023},
url={https://openreview.net/forum?id=qFVVBzXxR2V}
}

@inproceedings{talmor-etal-2019-commonsenseqa,
    title = {{C}ommonsense{QA}: A Question Answering Challenge Targeting Commonsense Knowledge},
    author = {Talmor, Alon  and
      Herzig, Jonathan  and
      Lourie, Nicholas  and
      Berant, Jonathan},
    booktitle = {Proceedings of the 2019 Conference of the North {A}merican Chapter of the Association for Computational Linguistics: Human Language Technologies, Volume 1 (Long and Short Papers)},
    year = {2019},
    url = {https://aclanthology.org/N19-1421}
}

@inproceedings{mehta2022cvnets, 
     title = {CVNets: High Performance Library for Computer Vision}, 
     author = {Mehta, Sachin and Abdolhosseini, Farzad and Rastegari, Mohammad}, 
     booktitle = {Proceedings of the 30th ACM International Conference on Multimedia}, 
     year = {2022}, 
     url = {https://doi.org/10.1145/3503161.3548540},
     series = {MM '22} 
}

@inproceedings{
saparov2023testing,
title={Testing the General Deductive Reasoning Capacity of Large Language Models Using {OOD} Examples},
author={Abulhair Saparov and Richard Yuanzhe Pang and Vishakh Padmakumar and Nitish Joshi and Mehran Kazemi and Najoung Kim and He He},
booktitle={Thirty-seventh Conference on Neural Information Processing Systems},
year={2023},
url={https://openreview.net/forum?id=MCVfX7HgPO}
}

@inproceedings{wei2022chain,
 author = {Wei, Jason and Wang, Xuezhi and Schuurmans, Dale and Bosma, Maarten and ichter, brian and Xia, Fei and Chi, Ed and Le, Quoc V and Zhou, Denny},
 booktitle = {Advances in Neural Information Processing Systems},
 title = {Chain-of-Thought Prompting Elicits Reasoning in Large Language Models},
 url = {https://proceedings.neurips.cc/paper_files/paper/2022/file/9d5609613524ecf4f15af0f7b31abca4-Paper-Conference.pdf},
 year = {2022}
}

@inproceedings{speer2017conceptnet,
author = {Speer, Robyn and Chin, Joshua and Havasi, Catherine},
title = {ConceptNet 5.5: an open multilingual graph of general knowledge},
year = {2017},
publisher = {AAAI Press},
booktitle = {Proceedings of the Thirty-First AAAI Conference on Artificial Intelligence},
pages = {4444–4451},
numpages = {8},
url={https://ojs.aaai.org/index.php/AAAI/article/view/11164},
location = {San Francisco, California, USA},
series = {AAAI'17}
}

@inproceedings{NEURIPS2020_1457c0d6,
 author = {Brown, Tom and Mann, Benjamin and Ryder, Nick and Subbiah, Melanie and Kaplan, Jared D and Dhariwal, Prafulla and Neelakantan, Arvind and Shyam, Pranav and Sastry, Girish and Askell, Amanda and Agarwal, Sandhini and Herbert-Voss, Ariel and Krueger, Gretchen and Henighan, Tom and Child, Rewon and Ramesh, Aditya and Ziegler, Daniel and Wu, Jeffrey and Winter, Clemens and Hesse, Chris and Chen, Mark and Sigler, Eric and Litwin, Mateusz and Gray, Scott and Chess, Benjamin and Clark, Jack and Berner, Christopher and McCandlish, Sam and Radford, Alec and Sutskever, Ilya and Amodei, Dario},
 booktitle = {Advances in Neural Information Processing Systems},
 editor = {H. Larochelle and M. Ranzato and R. Hadsell and M.F. Balcan and H. Lin},
 pages = {1877--1901},
 publisher = {Curran Associates, Inc.},
 title = {Language Models are Few-Shot Learners},
 url = {https://proceedings.neurips.cc/paper_files/paper/2020/file/1457c0d6bfcb4967418bfb8ac142f64a-Paper.pdf},
 volume = {33},
 year = {2020}
}

@inproceedings{
shi2023language,
title={Language models are multilingual chain-of-thought reasoners},
author={Freda Shi and Mirac Suzgun and Markus Freitag and Xuezhi Wang and Suraj Srivats and Soroush Vosoughi and Hyung Won Chung and Yi Tay and Sebastian Ruder and Denny Zhou and Dipanjan Das and Jason Wei},
booktitle={The Eleventh International Conference on Learning Representations },
year={2023},
url={https://openreview.net/forum?id=fR3wGCk-IXp}
}

@inproceedings{NEURIPS2023_a85b405e,
 author = {Rafailov, Rafael and Sharma, Archit and Mitchell, Eric and Manning, Christopher D and Ermon, Stefano and Finn, Chelsea},
 booktitle = {Advances in Neural Information Processing Systems},
 editor = {A. Oh and T. Naumann and A. Globerson and K. Saenko and M. Hardt and S. Levine},
 pages = {53728--53741},
 publisher = {Curran Associates, Inc.},
 title = {Direct Preference Optimization: Your Language Model is Secretly a Reward Model},
 url = {https://proceedings.neurips.cc/paper_files/paper/2023/file/a85b405ed65c6477a4fe8302b5e06ce7-Paper-Conference.pdf},
 volume = {36},
 year = {2023}
}

@inproceedings{NEURIPS2019_1e8a1942,
 author = {Zhang, Biao and Sennrich, Rico},
 booktitle = {Advances in Neural Information Processing Systems},
 editor = {H. Wallach and H. Larochelle and A. Beygelzimer and F. d\textquotesingle Alch\'{e}-Buc and E. Fox and R. Garnett},
 pages = {},
 publisher = {Curran Associates, Inc.},
 title = {Root Mean Square Layer Normalization},
 url = {https://proceedings.neurips.cc/paper_files/paper/2019/file/1e8a19426224ca89e83cef47f1e7f53b-Paper.pdf},
 volume = {32},
 year = {2019}
}

@inproceedings{NEURIPS2022_67d57c32,
 author = {Dao, Tri and Fu, Dan and Ermon, Stefano and Rudra, Atri and R\'{e}, Christopher},
 booktitle = {Advances in Neural Information Processing Systems},
 editor = {S. Koyejo and S. Mohamed and A. Agarwal and D. Belgrave and K. Cho and A. Oh},
 pages = {16344--16359},
 publisher = {Curran Associates, Inc.},
 title = {FlashAttention: Fast and Memory-Efficient Exact Attention with IO-Awareness},
 url = {https://proceedings.neurips.cc/paper_files/paper/2022/file/67d57c32e20fd0a7a302cb81d36e40d5-Paper-Conference.pdf},
 volume = {35},
 year = {2022}
}

@inproceedings{
weber2024redpajama,
title={RedPajama: an Open Dataset for Training Large Language Models},
author={Maurice Weber and Daniel Y Fu and Quentin Gregory Anthony and Yonatan Oren and Shane Adams and Anton Alexandrov and Xiaozhong Lyu and Huu Nguyen and Xiaozhe Yao and Virginia Adams and Ben Athiwaratkun and Rahul Chalamala and Kezhen Chen and Max Ryabinin and Tri Dao and Percy Liang and Christopher Re and Irina Rish and Ce Zhang},
booktitle={The Thirty-eight Conference on Neural Information Processing Systems Datasets and Benchmarks Track},
year={2024},
url={https://openreview.net/forum?id=lnuXaRpwvw}
}


#%% Workshops %%%%%%%%%%%%%%%%%%%%%%%%%%%%%%%%%%%%%%%%%%%%%%%%%%%%%%%%%%%%%%%%%%%%%%%%

@inproceedings{
mehta2024openelm,
title={Open{ELM}: An Efficient Language Model Family with Open Training and Inference Framework},
author={Sachin Mehta and Mohammad Hossein Sekhavat and Qingqing Cao and Maxwell Horton and Yanzi Jin and Chenfan Sun and Seyed Iman Mirzadeh and Mahyar Najibi and Dmitry Belenko and Peter Zatloukal and Mohammad Rastegari},
booktitle={Workshop on Efficient Systems for Foundation Models II @ ICML2024},
year={2024},
url={https://openreview.net/forum?id=XNMbTkxroF}
}

#%% arXivs %%%%%%%%%%%%%%%%%%%%%%%%%%%%%%%%%%%%%%%%%%%%%%%%%%%%%%%%%%%%%%%%%%%%%%%%

@misc{soldaini2024dolmaopencorpustrillion,
      title={Dolma: an Open Corpus of Three Trillion Tokens for Language Model Pretraining Research}, 
      author={Luca Soldaini and Rodney Kinney and Akshita Bhagia and Dustin Schwenk and David Atkinson and Russell Authur and Ben Bogin and Khyathi Chandu and Jennifer Dumas and Yanai Elazar and Valentin Hofmann and Ananya Harsh Jha and Sachin Kumar and Li Lucy and Xinxi Lyu and Nathan Lambert and Ian Magnusson and Jacob Morrison and Niklas Muennighoff and Aakanksha Naik and Crystal Nam and Matthew E. Peters and Abhilasha Ravichander and Kyle Richardson and Zejiang Shen and Emma Strubell and Nishant Subramani and Oyvind Tafjord and Pete Walsh and Luke Zettlemoyer and Noah A. Smith and Hannaneh Hajishirzi and Iz Beltagy and Dirk Groeneveld and Jesse Dodge and Kyle Lo},
      year={2024},
      eprint={2402.00159},
      archivePrefix={arXiv},
      primaryClass={cs.CL},
      url={https://arxiv.org/abs/2402.00159}, 
}

@misc{gao2020pile800gbdatasetdiverse,
      title={The Pile: An 800GB Dataset of Diverse Text for Language Modeling}, 
      author={Leo Gao and Stella Biderman and Sid Black and Laurence Golding and Travis Hoppe and Charles Foster and Jason Phang and Horace He and Anish Thite and Noa Nabeshima and Shawn Presser and Connor Leahy},
      year={2020},
      eprint={2101.00027},
      archivePrefix={arXiv},
      primaryClass={cs.CL},
      url={https://arxiv.org/abs/2101.00027}, 
}

@misc{cui2024ultrafeedbackboostinglanguagemodels,
      title={UltraFeedback: Boosting Language Models with Scaled AI Feedback}, 
      author={Ganqu Cui and Lifan Yuan and Ning Ding and Guanming Yao and Bingxiang He and Wei Zhu and Yuan Ni and Guotong Xie and Ruobing Xie and Yankai Lin and Zhiyuan Liu and Maosong Sun},
      year={2024},
      eprint={2310.01377},
      archivePrefix={arXiv},
      primaryClass={cs.CL},
      url={https://arxiv.org/abs/2310.01377}, 
}

@misc{mikolov2013efficient,
      title={Efficient Estimation of Word Representations in Vector Space}, 
      author={Tomas Mikolov and Kai Chen and Greg Corrado and Jeffrey Dean},
      year={2013},
      eprint={1301.3781},
      archivePrefix={arXiv},
      primaryClass={cs.CL},
      url={https://arxiv.org/abs/1301.3781}, 
}

@misc{zhang2024tinyllama,
      title={TinyLlama: An Open-Source Small Language Model}, 
      author={Peiyuan Zhang and Guangtao Zeng and Tianduo Wang and Wei Lu},
      year={2024},
      eprint={2401.02385},
      archivePrefix={arXiv},
      primaryClass={cs.CL},
      url={https://arxiv.org/abs/2401.02385}, 
}

@misc{bellagente2024stable,
      title={Stable LM 2 1.6B Technical Report}, 
      author={Marco Bellagente and Jonathan Tow and Dakota Mahan and Duy Phung and Maksym Zhuravinskyi and Reshinth Adithyan and James Baicoianu and Ben Brooks and Nathan Cooper and Ashish Datta and Meng Lee and Emad Mostaque and Michael Pieler and Nikhil Pinnaparju and Paulo Rocha and Harry Saini and Hannah Teufel and Niccolo Zanichelli and Carlos Riquelme},
      year={2024},
      eprint={2402.17834},
      archivePrefix={arXiv},
      primaryClass={cs.CL},
      url={https://arxiv.org/abs/2402.17834}, 
}

@misc{team2024gemma,
      title={Gemma 2: Improving Open Language Models at a Practical Size}, 
      author={Gemma Team and Morgane Riviere and Shreya Pathak and Pier Giuseppe Sessa and Cassidy Hardin and Surya Bhupatiraju and Léonard Hussenot and Thomas Mesnard and Bobak Shahriari and Alexandre Ramé and Johan Ferret and Peter Liu and Pouya Tafti and Abe Friesen and Michelle Casbon and Sabela Ramos and Ravin Kumar and Charline Le Lan and Sammy Jerome and Anton Tsitsulin and Nino Vieillard and Piotr Stanczyk and Sertan Girgin and Nikola Momchev and Matt Hoffman and Shantanu Thakoor and Jean-Bastien Grill and Behnam Neyshabur and Olivier Bachem and Alanna Walton and Aliaksei Severyn and Alicia Parrish and Aliya Ahmad and Allen Hutchison and Alvin Abdagic and Amanda Carl and Amy Shen and Andy Brock and Andy Coenen and Anthony Laforge and Antonia Paterson and Ben Bastian and Bilal Piot and Bo Wu and Brandon Royal and Charlie Chen and Chintu Kumar and Chris Perry and Chris Welty and Christopher A. Choquette-Choo and Danila Sinopalnikov and David Weinberger and Dimple Vijaykumar and Dominika Rogozińska and Dustin Herbison and Elisa Bandy and Emma Wang and Eric Noland and Erica Moreira and Evan Senter and Evgenii Eltyshev and Francesco Visin and Gabriel Rasskin and Gary Wei and Glenn Cameron and Gus Martins and Hadi Hashemi and Hanna Klimczak-Plucińska and Harleen Batra and Harsh Dhand and Ivan Nardini and Jacinda Mein and Jack Zhou and James Svensson and Jeff Stanway and Jetha Chan and Jin Peng Zhou and Joana Carrasqueira and Joana Iljazi and Jocelyn Becker and Joe Fernandez and Joost van Amersfoort and Josh Gordon and Josh Lipschultz and Josh Newlan and Ju-yeong Ji and Kareem Mohamed and Kartikeya Badola and Kat Black and Katie Millican and Keelin McDonell and Kelvin Nguyen and Kiranbir Sodhia and Kish Greene and Lars Lowe Sjoesund and Lauren Usui and Laurent Sifre and Lena Heuermann and Leticia Lago and Lilly McNealus and Livio Baldini Soares and Logan Kilpatrick and Lucas Dixon and Luciano Martins and Machel Reid and Manvinder Singh and Mark Iverson and Martin Görner and Mat Velloso and Mateo Wirth and Matt Davidow and Matt Miller and Matthew Rahtz and Matthew Watson and Meg Risdal and Mehran Kazemi and Michael Moynihan and Ming Zhang and Minsuk Kahng and Minwoo Park and Mofi Rahman and Mohit Khatwani and Natalie Dao and Nenshad Bardoliwalla and Nesh Devanathan and Neta Dumai and Nilay Chauhan and Oscar Wahltinez and Pankil Botarda and Parker Barnes and Paul Barham and Paul Michel and Pengchong Jin and Petko Georgiev and Phil Culliton and Pradeep Kuppala and Ramona Comanescu and Ramona Merhej and Reena Jana and Reza Ardeshir Rokni and Rishabh Agarwal and Ryan Mullins and Samaneh Saadat and Sara Mc Carthy and Sarah Cogan and Sarah Perrin and Sébastien M. R. Arnold and Sebastian Krause and Shengyang Dai and Shruti Garg and Shruti Sheth and Sue Ronstrom and Susan Chan and Timothy Jordan and Ting Yu and Tom Eccles and Tom Hennigan and Tomas Kocisky and Tulsee Doshi and Vihan Jain and Vikas Yadav and Vilobh Meshram and Vishal Dharmadhikari and Warren Barkley and Wei Wei and Wenming Ye and Woohyun Han and Woosuk Kwon and Xiang Xu and Zhe Shen and Zhitao Gong and Zichuan Wei and Victor Cotruta and Phoebe Kirk and Anand Rao and Minh Giang and Ludovic Peran and Tris Warkentin and Eli Collins and Joelle Barral and Zoubin Ghahramani and Raia Hadsell and D. Sculley and Jeanine Banks and Anca Dragan and Slav Petrov and Oriol Vinyals and Jeff Dean and Demis Hassabis and Koray Kavukcuoglu and Clement Farabet and Elena Buchatskaya and Sebastian Borgeaud and Noah Fiedel and Armand Joulin and Kathleen Kenealy and Robert Dadashi and Alek Andreev},
      year={2024},
      eprint={2408.00118},
      archivePrefix={arXiv},
      primaryClass={cs.CL},
      url={https://arxiv.org/abs/2408.00118}, 
}

@misc{thoppilan2022lamda,
      title={LaMDA: Language Models for Dialog Applications}, 
      author={Romal Thoppilan and Daniel De Freitas and Jamie Hall and Noam Shazeer and Apoorv Kulshreshtha and Heng-Tze Cheng and Alicia Jin and Taylor Bos and Leslie Baker and Yu Du and YaGuang Li and Hongrae Lee and Huaixiu Steven Zheng and Amin Ghafouri and Marcelo Menegali and Yanping Huang and Maxim Krikun and Dmitry Lepikhin and James Qin and Dehao Chen and Yuanzhong Xu and Zhifeng Chen and Adam Roberts and Maarten Bosma and Vincent Zhao and Yanqi Zhou and Chung-Ching Chang and Igor Krivokon and Will Rusch and Marc Pickett and Pranesh Srinivasan and Laichee Man and Kathleen Meier-Hellstern and Meredith Ringel Morris and Tulsee Doshi and Renelito Delos Santos and Toju Duke and Johnny Soraker and Ben Zevenbergen and Vinodkumar Prabhakaran and Mark Diaz and Ben Hutchinson and Kristen Olson and Alejandra Molina and Erin Hoffman-John and Josh Lee and Lora Aroyo and Ravi Rajakumar and Alena Butryna and Matthew Lamm and Viktoriya Kuzmina and Joe Fenton and Aaron Cohen and Rachel Bernstein and Ray Kurzweil and Blaise Aguera-Arcas and Claire Cui and Marian Croak and Ed Chi and Quoc Le},
      year={2022},
      eprint={2201.08239},
      archivePrefix={arXiv},
      primaryClass={cs.CL},
      url={https://arxiv.org/abs/2201.08239}, 
}

@misc{chowdhery2022palmscalinglanguagemodeling,
      title={PaLM: Scaling Language Modeling with Pathways}, 
      author={Aakanksha Chowdhery and Sharan Narang and Jacob Devlin and Maarten Bosma and Gaurav Mishra and Adam Roberts and Paul Barham and Hyung Won Chung and Charles Sutton and Sebastian Gehrmann and Parker Schuh and Kensen Shi and Sasha Tsvyashchenko and Joshua Maynez and Abhishek Rao and Parker Barnes and Yi Tay and Noam Shazeer and Vinodkumar Prabhakaran and Emily Reif and Nan Du and Ben Hutchinson and Reiner Pope and James Bradbury and Jacob Austin and Michael Isard and Guy Gur-Ari and Pengcheng Yin and Toju Duke and Anselm Levskaya and Sanjay Ghemawat and Sunipa Dev and Henryk Michalewski and Xavier Garcia and Vedant Misra and Kevin Robinson and Liam Fedus and Denny Zhou and Daphne Ippolito and David Luan and Hyeontaek Lim and Barret Zoph and Alexander Spiridonov and Ryan Sepassi and David Dohan and Shivani Agrawal and Mark Omernick and Andrew M. Dai and Thanumalayan Sankaranarayana Pillai and Marie Pellat and Aitor Lewkowycz and Erica Moreira and Rewon Child and Oleksandr Polozov and Katherine Lee and Zongwei Zhou and Xuezhi Wang and Brennan Saeta and Mark Diaz and Orhan Firat and Michele Catasta and Jason Wei and Kathy Meier-Hellstern and Douglas Eck and Jeff Dean and Slav Petrov and Noah Fiedel},
      year={2022},
      eprint={2204.02311},
      archivePrefix={arXiv},
      primaryClass={cs.CL},
      url={https://arxiv.org/abs/2204.02311}, 
}

@misc{geminiteam2024geminifamilyhighlycapable,
      title={Gemini: A Family of Highly Capable Multimodal Models}, 
      author={Gemini Team and Rohan Anil and Sebastian Borgeaud and Jean-Baptiste Alayrac and Jiahui Yu and Radu Soricut and Johan Schalkwyk and Andrew M. Dai and Anja Hauth and Katie Millican and David Silver and Melvin Johnson and Ioannis Antonoglou and Julian Schrittwieser and Amelia Glaese and Jilin Chen and Emily Pitler and Timothy Lillicrap and Angeliki Lazaridou and Orhan Firat and James Molloy and Michael Isard and Paul R. Barham and Tom Hennigan and Benjamin Lee and Fabio Viola and Malcolm Reynolds and Yuanzhong Xu and Ryan Doherty and Eli Collins and Clemens Meyer and Eliza Rutherford and Erica Moreira and Kareem Ayoub and Megha Goel and Jack Krawczyk and Cosmo Du and Ed Chi and Heng-Tze Cheng and Eric Ni and Purvi Shah and Patrick Kane and Betty Chan and Manaal Faruqui and Aliaksei Severyn and Hanzhao Lin and YaGuang Li and Yong Cheng and Abe Ittycheriah and Mahdis Mahdieh and Mia Chen and Pei Sun and Dustin Tran and Sumit Bagri and Balaji Lakshminarayanan and Jeremiah Liu and Andras Orban and Fabian Güra and Hao Zhou and Xinying Song and Aurelien Boffy and Harish Ganapathy and Steven Zheng and HyunJeong Choe and Ágoston Weisz and Tao Zhu and Yifeng Lu and Siddharth Gopal and Jarrod Kahn and Maciej Kula and Jeff Pitman and Rushin Shah and Emanuel Taropa and Majd Al Merey and Martin Baeuml and Zhifeng Chen and Laurent El Shafey and Yujing Zhang and Olcan Sercinoglu and George Tucker and Enrique Piqueras and Maxim Krikun and Iain Barr and Nikolay Savinov and Ivo Danihelka and Becca Roelofs and Anaïs White and Anders Andreassen and Tamara von Glehn and Lakshman Yagati and Mehran Kazemi and Lucas Gonzalez and Misha Khalman and Jakub Sygnowski and Alexandre Frechette and Charlotte Smith and Laura Culp and Lev Proleev and Yi Luan and Xi Chen and James Lottes and Nathan Schucher and Federico Lebron and Alban Rrustemi and Natalie Clay and Phil Crone and Tomas Kocisky and Jeffrey Zhao and Bartek Perz and Dian Yu and Heidi Howard and Adam Bloniarz and Jack W. Rae and Han Lu and Laurent Sifre and Marcello Maggioni and Fred Alcober and Dan Garrette and Megan Barnes and Shantanu Thakoor and Jacob Austin and Gabriel Barth-Maron and William Wong and Rishabh Joshi and Rahma Chaabouni and Deeni Fatiha and Arun Ahuja and Gaurav Singh Tomar and Evan Senter and Martin Chadwick and Ilya Kornakov and Nithya Attaluri and Iñaki Iturrate and Ruibo Liu and Yunxuan Li and Sarah Cogan and Jeremy Chen and Chao Jia and Chenjie Gu and Qiao Zhang and Jordan Grimstad and Ale Jakse Hartman and Xavier Garcia and Thanumalayan Sankaranarayana Pillai and Jacob Devlin and Michael Laskin and Diego de Las Casas and Dasha Valter and Connie Tao and Lorenzo Blanco and Adrià Puigdomènech Badia and David Reitter and Mianna Chen and Jenny Brennan and Clara Rivera and Sergey Brin and Shariq Iqbal and Gabriela Surita and Jane Labanowski and Abhi Rao and Stephanie Winkler and Emilio Parisotto and Yiming Gu and Kate Olszewska and Ravi Addanki and Antoine Miech and Annie Louis and Denis Teplyashin and Geoff Brown and Elliot Catt and Jan Balaguer and Jackie Xiang and Pidong Wang and Zoe Ashwood and Anton Briukhov and Albert Webson and Sanjay Ganapathy and Smit Sanghavi and Ajay Kannan and Ming-Wei Chang and Axel Stjerngren and Josip Djolonga and Yuting Sun and Ankur Bapna and Matthew Aitchison and Pedram Pejman and Henryk Michalewski and Tianhe Yu and Cindy Wang and Juliette Love and Junwhan Ahn and Dawn Bloxwich and Kehang Han and Peter Humphreys and Thibault Sellam and James Bradbury and Varun Godbole and Sina Samangooei and Bogdan Damoc and Alex Kaskasoli and Sébastien M. R. Arnold and Vijay Vasudevan and Shubham Agrawal and Jason Riesa and Dmitry Lepikhin and Richard Tanburn and Srivatsan Srinivasan and Hyeontaek Lim and Sarah Hodkinson and Pranav Shyam and Johan Ferret and Steven Hand and Ankush Garg and Tom Le Paine and Jian Li and Yujia Li and Minh Giang and Alexander Neitz and Zaheer Abbas and Sarah York and Machel Reid and Elizabeth Cole and Aakanksha Chowdhery and Dipanjan Das and Dominika Rogozińska and Vitaliy Nikolaev and Pablo Sprechmann and Zachary Nado and Lukas Zilka and Flavien Prost and Luheng He and Marianne Monteiro and Gaurav Mishra and Chris Welty and Josh Newlan and Dawei Jia and Miltiadis Allamanis and Clara Huiyi Hu and Raoul de Liedekerke and Justin Gilmer and Carl Saroufim and Shruti Rijhwani and Shaobo Hou and Disha Shrivastava and Anirudh Baddepudi and Alex Goldin and Adnan Ozturel and Albin Cassirer and Yunhan Xu and Daniel Sohn and Devendra Sachan and Reinald Kim Amplayo and Craig Swanson and Dessie Petrova and Shashi Narayan and Arthur Guez and Siddhartha Brahma and Jessica Landon and Miteyan Patel and Ruizhe Zhao and Kevin Villela and Luyu Wang and Wenhao Jia and Matthew Rahtz and Mai Giménez and Legg Yeung and James Keeling and Petko Georgiev and Diana Mincu and Boxi Wu and Salem Haykal and Rachel Saputro and Kiran Vodrahalli and James Qin and Zeynep Cankara and Abhanshu Sharma and Nick Fernando and Will Hawkins and Behnam Neyshabur and Solomon Kim and Adrian Hutter and Priyanka Agrawal and Alex Castro-Ros and George van den Driessche and Tao Wang and Fan Yang and Shuo-yiin Chang and Paul Komarek and Ross McIlroy and Mario Lučić and Guodong Zhang and Wael Farhan and Michael Sharman and Paul Natsev and Paul Michel and Yamini Bansal and Siyuan Qiao and Kris Cao and Siamak Shakeri and Christina Butterfield and Justin Chung and Paul Kishan Rubenstein and Shivani Agrawal and Arthur Mensch and Kedar Soparkar and Karel Lenc and Timothy Chung and Aedan Pope and Loren Maggiore and Jackie Kay and Priya Jhakra and Shibo Wang and Joshua Maynez and Mary Phuong and Taylor Tobin and Andrea Tacchetti and Maja Trebacz and Kevin Robinson and Yash Katariya and Sebastian Riedel and Paige Bailey and Kefan Xiao and Nimesh Ghelani and Lora Aroyo and Ambrose Slone and Neil Houlsby and Xuehan Xiong and Zhen Yang and Elena Gribovskaya and Jonas Adler and Mateo Wirth and Lisa Lee and Music Li and Thais Kagohara and Jay Pavagadhi and Sophie Bridgers and Anna Bortsova and Sanjay Ghemawat and Zafarali Ahmed and Tianqi Liu and Richard Powell and Vijay Bolina and Mariko Iinuma and Polina Zablotskaia and James Besley and Da-Woon Chung and Timothy Dozat and Ramona Comanescu and Xiance Si and Jeremy Greer and Guolong Su and Martin Polacek and Raphaël Lopez Kaufman and Simon Tokumine and Hexiang Hu and Elena Buchatskaya and Yingjie Miao and Mohamed Elhawaty and Aditya Siddhant and Nenad Tomasev and Jinwei Xing and Christina Greer and Helen Miller and Shereen Ashraf and Aurko Roy and Zizhao Zhang and Ada Ma and Angelos Filos and Milos Besta and Rory Blevins and Ted Klimenko and Chih-Kuan Yeh and Soravit Changpinyo and Jiaqi Mu and Oscar Chang and Mantas Pajarskas and Carrie Muir and Vered Cohen and Charline Le Lan and Krishna Haridasan and Amit Marathe and Steven Hansen and Sholto Douglas and Rajkumar Samuel and Mingqiu Wang and Sophia Austin and Chang Lan and Jiepu Jiang and Justin Chiu and Jaime Alonso Lorenzo and Lars Lowe Sjösund and Sébastien Cevey and Zach Gleicher and Thi Avrahami and Anudhyan Boral and Hansa Srinivasan and Vittorio Selo and Rhys May and Konstantinos Aisopos and Léonard Hussenot and Livio Baldini Soares and Kate Baumli and Michael B. Chang and Adrià Recasens and Ben Caine and Alexander Pritzel and Filip Pavetic and Fabio Pardo and Anita Gergely and Justin Frye and Vinay Ramasesh and Dan Horgan and Kartikeya Badola and Nora Kassner and Subhrajit Roy and Ethan Dyer and Víctor Campos Campos and Alex Tomala and Yunhao Tang and Dalia El Badawy and Elspeth White and Basil Mustafa and Oran Lang and Abhishek Jindal and Sharad Vikram and Zhitao Gong and Sergi Caelles and Ross Hemsley and Gregory Thornton and Fangxiaoyu Feng and Wojciech Stokowiec and Ce Zheng and Phoebe Thacker and Çağlar Ünlü and Zhishuai Zhang and Mohammad Saleh and James Svensson and Max Bileschi and Piyush Patil and Ankesh Anand and Roman Ring and Katerina Tsihlas and Arpi Vezer and Marco Selvi and Toby Shevlane and Mikel Rodriguez and Tom Kwiatkowski and Samira Daruki and Keran Rong and Allan Dafoe and Nicholas FitzGerald and Keren Gu-Lemberg and Mina Khan and Lisa Anne Hendricks and Marie Pellat and Vladimir Feinberg and James Cobon-Kerr and Tara Sainath and Maribeth Rauh and Sayed Hadi Hashemi and Richard Ives and Yana Hasson and Eric Noland and Yuan Cao and Nathan Byrd and Le Hou and Qingze Wang and Thibault Sottiaux and Michela Paganini and Jean-Baptiste Lespiau and Alexandre Moufarek and Samer Hassan and Kaushik Shivakumar and Joost van Amersfoort and Amol Mandhane and Pratik Joshi and Anirudh Goyal and Matthew Tung and Andrew Brock and Hannah Sheahan and Vedant Misra and Cheng Li and Nemanja Rakićević and Mostafa Dehghani and Fangyu Liu and Sid Mittal and Junhyuk Oh and Seb Noury and Eren Sezener and Fantine Huot and Matthew Lamm and Nicola De Cao and Charlie Chen and Sidharth Mudgal and Romina Stella and Kevin Brooks and Gautam Vasudevan and Chenxi Liu and Mainak Chain and Nivedita Melinkeri and Aaron Cohen and Venus Wang and Kristie Seymore and Sergey Zubkov and Rahul Goel and Summer Yue and Sai Krishnakumaran and Brian Albert and Nate Hurley and Motoki Sano and Anhad Mohananey and Jonah Joughin and Egor Filonov and Tomasz Kępa and Yomna Eldawy and Jiawern Lim and Rahul Rishi and Shirin Badiezadegan and Taylor Bos and Jerry Chang and Sanil Jain and Sri Gayatri Sundara Padmanabhan and Subha Puttagunta and Kalpesh Krishna and Leslie Baker and Norbert Kalb and Vamsi Bedapudi and Adam Kurzrok and Shuntong Lei and Anthony Yu and Oren Litvin and Xiang Zhou and Zhichun Wu and Sam Sobell and Andrea Siciliano and Alan Papir and Robby Neale and Jonas Bragagnolo and Tej Toor and Tina Chen and Valentin Anklin and Feiran Wang and Richie Feng and Milad Gholami and Kevin Ling and Lijuan Liu and Jules Walter and Hamid Moghaddam and Arun Kishore and Jakub Adamek and Tyler Mercado and Jonathan Mallinson and Siddhinita Wandekar and Stephen Cagle and Eran Ofek and Guillermo Garrido and Clemens Lombriser and Maksim Mukha and Botu Sun and Hafeezul Rahman Mohammad and Josip Matak and Yadi Qian and Vikas Peswani and Pawel Janus and Quan Yuan and Leif Schelin and Oana David and Ankur Garg and Yifan He and Oleksii Duzhyi and Anton Älgmyr and Timothée Lottaz and Qi Li and Vikas Yadav and Luyao Xu and Alex Chinien and Rakesh Shivanna and Aleksandr Chuklin and Josie Li and Carrie Spadine and Travis Wolfe and Kareem Mohamed and Subhabrata Das and Zihang Dai and Kyle He and Daniel von Dincklage and Shyam Upadhyay and Akanksha Maurya and Luyan Chi and Sebastian Krause and Khalid Salama and Pam G Rabinovitch and Pavan Kumar Reddy M and Aarush Selvan and Mikhail Dektiarev and Golnaz Ghiasi and Erdem Guven and Himanshu Gupta and Boyi Liu and Deepak Sharma and Idan Heimlich Shtacher and Shachi Paul and Oscar Akerlund and François-Xavier Aubet and Terry Huang and Chen Zhu and Eric Zhu and Elico Teixeira and Matthew Fritze and Francesco Bertolini and Liana-Eleonora Marinescu and Martin Bölle and Dominik Paulus and Khyatti Gupta and Tejasi Latkar and Max Chang and Jason Sanders and Roopa Wilson and Xuewei Wu and Yi-Xuan Tan and Lam Nguyen Thiet and Tulsee Doshi and Sid Lall and Swaroop Mishra and Wanming Chen and Thang Luong and Seth Benjamin and Jasmine Lee and Ewa Andrejczuk and Dominik Rabiej and Vipul Ranjan and Krzysztof Styrc and Pengcheng Yin and Jon Simon and Malcolm Rose Harriott and Mudit Bansal and Alexei Robsky and Geoff Bacon and David Greene and Daniil Mirylenka and Chen Zhou and Obaid Sarvana and Abhimanyu Goyal and Samuel Andermatt and Patrick Siegler and Ben Horn and Assaf Israel and Francesco Pongetti and Chih-Wei "Louis" Chen and Marco Selvatici and Pedro Silva and Kathie Wang and Jackson Tolins and Kelvin Guu and Roey Yogev and Xiaochen Cai and Alessandro Agostini and Maulik Shah and Hung Nguyen and Noah Ó Donnaile and Sébastien Pereira and Linda Friso and Adam Stambler and Adam Kurzrok and Chenkai Kuang and Yan Romanikhin and Mark Geller and ZJ Yan and Kane Jang and Cheng-Chun Lee and Wojciech Fica and Eric Malmi and Qijun Tan and Dan Banica and Daniel Balle and Ryan Pham and Yanping Huang and Diana Avram and Hongzhi Shi and Jasjot Singh and Chris Hidey and Niharika Ahuja and Pranab Saxena and Dan Dooley and Srividya Pranavi Potharaju and Eileen O'Neill and Anand Gokulchandran and Ryan Foley and Kai Zhao and Mike Dusenberry and Yuan Liu and Pulkit Mehta and Ragha Kotikalapudi and Chalence Safranek-Shrader and Andrew Goodman and Joshua Kessinger and Eran Globen and Prateek Kolhar and Chris Gorgolewski and Ali Ibrahim and Yang Song and Ali Eichenbaum and Thomas Brovelli and Sahitya Potluri and Preethi Lahoti and Cip Baetu and Ali Ghorbani and Charles Chen and Andy Crawford and Shalini Pal and Mukund Sridhar and Petru Gurita and Asier Mujika and Igor Petrovski and Pierre-Louis Cedoz and Chenmei Li and Shiyuan Chen and Niccolò Dal Santo and Siddharth Goyal and Jitesh Punjabi and Karthik Kappaganthu and Chester Kwak and Pallavi LV and Sarmishta Velury and Himadri Choudhury and Jamie Hall and Premal Shah and Ricardo Figueira and Matt Thomas and Minjie Lu and Ting Zhou and Chintu Kumar and Thomas Jurdi and Sharat Chikkerur and Yenai Ma and Adams Yu and Soo Kwak and Victor Ähdel and Sujeevan Rajayogam and Travis Choma and Fei Liu and Aditya Barua and Colin Ji and Ji Ho Park and Vincent Hellendoorn and Alex Bailey and Taylan Bilal and Huanjie Zhou and Mehrdad Khatir and Charles Sutton and Wojciech Rzadkowski and Fiona Macintosh and Konstantin Shagin and Paul Medina and Chen Liang and Jinjing Zhou and Pararth Shah and Yingying Bi and Attila Dankovics and Shipra Banga and Sabine Lehmann and Marissa Bredesen and Zifan Lin and John Eric Hoffmann and Jonathan Lai and Raynald Chung and Kai Yang and Nihal Balani and Arthur Bražinskas and Andrei Sozanschi and Matthew Hayes and Héctor Fernández Alcalde and Peter Makarov and Will Chen and Antonio Stella and Liselotte Snijders and Michael Mandl and Ante Kärrman and Paweł Nowak and Xinyi Wu and Alex Dyck and Krishnan Vaidyanathan and Raghavender R and Jessica Mallet and Mitch Rudominer and Eric Johnston and Sushil Mittal and Akhil Udathu and Janara Christensen and Vishal Verma and Zach Irving and Andreas Santucci and Gamaleldin Elsayed and Elnaz Davoodi and Marin Georgiev and Ian Tenney and Nan Hua and Geoffrey Cideron and Edouard Leurent and Mahmoud Alnahlawi and Ionut Georgescu and Nan Wei and Ivy Zheng and Dylan Scandinaro and Heinrich Jiang and Jasper Snoek and Mukund Sundararajan and Xuezhi Wang and Zack Ontiveros and Itay Karo and Jeremy Cole and Vinu Rajashekhar and Lara Tumeh and Eyal Ben-David and Rishub Jain and Jonathan Uesato and Romina Datta and Oskar Bunyan and Shimu Wu and John Zhang and Piotr Stanczyk and Ye Zhang and David Steiner and Subhajit Naskar and Michael Azzam and Matthew Johnson and Adam Paszke and Chung-Cheng Chiu and Jaume Sanchez Elias and Afroz Mohiuddin and Faizan Muhammad and Jin Miao and Andrew Lee and Nino Vieillard and Jane Park and Jiageng Zhang and Jeff Stanway and Drew Garmon and Abhijit Karmarkar and Zhe Dong and Jong Lee and Aviral Kumar and Luowei Zhou and Jonathan Evens and William Isaac and Geoffrey Irving and Edward Loper and Michael Fink and Isha Arkatkar and Nanxin Chen and Izhak Shafran and Ivan Petrychenko and Zhe Chen and Johnson Jia and Anselm Levskaya and Zhenkai Zhu and Peter Grabowski and Yu Mao and Alberto Magni and Kaisheng Yao and Javier Snaider and Norman Casagrande and Evan Palmer and Paul Suganthan and Alfonso Castaño and Irene Giannoumis and Wooyeol Kim and Mikołaj Rybiński and Ashwin Sreevatsa and Jennifer Prendki and David Soergel and Adrian Goedeckemeyer and Willi Gierke and Mohsen Jafari and Meenu Gaba and Jeremy Wiesner and Diana Gage Wright and Yawen Wei and Harsha Vashisht and Yana Kulizhskaya and Jay Hoover and Maigo Le and Lu Li and Chimezie Iwuanyanwu and Lu Liu and Kevin Ramirez and Andrey Khorlin and Albert Cui and Tian LIN and Marcus Wu and Ricardo Aguilar and Keith Pallo and Abhishek Chakladar and Ginger Perng and Elena Allica Abellan and Mingyang Zhang and Ishita Dasgupta and Nate Kushman and Ivo Penchev and Alena Repina and Xihui Wu and Tom van der Weide and Priya Ponnapalli and Caroline Kaplan and Jiri Simsa and Shuangfeng Li and Olivier Dousse and Fan Yang and Jeff Piper and Nathan Ie and Rama Pasumarthi and Nathan Lintz and Anitha Vijayakumar and Daniel Andor and Pedro Valenzuela and Minnie Lui and Cosmin Paduraru and Daiyi Peng and Katherine Lee and Shuyuan Zhang and Somer Greene and Duc Dung Nguyen and Paula Kurylowicz and Cassidy Hardin and Lucas Dixon and Lili Janzer and Kiam Choo and Ziqiang Feng and Biao Zhang and Achintya Singhal and Dayou Du and Dan McKinnon and Natasha Antropova and Tolga Bolukbasi and Orgad Keller and David Reid and Daniel Finchelstein and Maria Abi Raad and Remi Crocker and Peter Hawkins and Robert Dadashi and Colin Gaffney and Ken Franko and Anna Bulanova and Rémi Leblond and Shirley Chung and Harry Askham and Luis C. Cobo and Kelvin Xu and Felix Fischer and Jun Xu and Christina Sorokin and Chris Alberti and Chu-Cheng Lin and Colin Evans and Alek Dimitriev and Hannah Forbes and Dylan Banarse and Zora Tung and Mark Omernick and Colton Bishop and Rachel Sterneck and Rohan Jain and Jiawei Xia and Ehsan Amid and Francesco Piccinno and Xingyu Wang and Praseem Banzal and Daniel J. Mankowitz and Alex Polozov and Victoria Krakovna and Sasha Brown and MohammadHossein Bateni and Dennis Duan and Vlad Firoiu and Meghana Thotakuri and Tom Natan and Matthieu Geist and Ser tan Girgin and Hui Li and Jiayu Ye and Ofir Roval and Reiko Tojo and Michael Kwong and James Lee-Thorp and Christopher Yew and Danila Sinopalnikov and Sabela Ramos and John Mellor and Abhishek Sharma and Kathy Wu and David Miller and Nicolas Sonnerat and Denis Vnukov and Rory Greig and Jennifer Beattie and Emily Caveness and Libin Bai and Julian Eisenschlos and Alex Korchemniy and Tomy Tsai and Mimi Jasarevic and Weize Kong and Phuong Dao and Zeyu Zheng and Frederick Liu and Fan Yang and Rui Zhu and Tian Huey Teh and Jason Sanmiya and Evgeny Gladchenko and Nejc Trdin and Daniel Toyama and Evan Rosen and Sasan Tavakkol and Linting Xue and Chen Elkind and Oliver Woodman and John Carpenter and George Papamakarios and Rupert Kemp and Sushant Kafle and Tanya Grunina and Rishika Sinha and Alice Talbert and Diane Wu and Denese Owusu-Afriyie and Cosmo Du and Chloe Thornton and Jordi Pont-Tuset and Pradyumna Narayana and Jing Li and Saaber Fatehi and John Wieting and Omar Ajmeri and Benigno Uria and Yeongil Ko and Laura Knight and Amélie Héliou and Ning Niu and Shane Gu and Chenxi Pang and Yeqing Li and Nir Levine and Ariel Stolovich and Rebeca Santamaria-Fernandez and Sonam Goenka and Wenny Yustalim and Robin Strudel and Ali Elqursh and Charlie Deck and Hyo Lee and Zonglin Li and Kyle Levin and Raphael Hoffmann and Dan Holtmann-Rice and Olivier Bachem and Sho Arora and Christy Koh and Soheil Hassas Yeganeh and Siim Põder and Mukarram Tariq and Yanhua Sun and Lucian Ionita and Mojtaba Seyedhosseini and Pouya Tafti and Zhiyu Liu and Anmol Gulati and Jasmine Liu and Xinyu Ye and Bart Chrzaszcz and Lily Wang and Nikhil Sethi and Tianrun Li and Ben Brown and Shreya Singh and Wei Fan and Aaron Parisi and Joe Stanton and Vinod Koverkathu and Christopher A. Choquette-Choo and Yunjie Li and TJ Lu and Abe Ittycheriah and Prakash Shroff and Mani Varadarajan and Sanaz Bahargam and Rob Willoughby and David Gaddy and Guillaume Desjardins and Marco Cornero and Brona Robenek and Bhavishya Mittal and Ben Albrecht and Ashish Shenoy and Fedor Moiseev and Henrik Jacobsson and Alireza Ghaffarkhah and Morgane Rivière and Alanna Walton and Clément Crepy and Alicia Parrish and Zongwei Zhou and Clement Farabet and Carey Radebaugh and Praveen Srinivasan and Claudia van der Salm and Andreas Fidjeland and Salvatore Scellato and Eri Latorre-Chimoto and Hanna Klimczak-Plucińska and David Bridson and Dario de Cesare and Tom Hudson and Piermaria Mendolicchio and Lexi Walker and Alex Morris and Matthew Mauger and Alexey Guseynov and Alison Reid and Seth Odoom and Lucia Loher and Victor Cotruta and Madhavi Yenugula and Dominik Grewe and Anastasia Petrushkina and Tom Duerig and Antonio Sanchez and Steve Yadlowsky and Amy Shen and Amir Globerson and Lynette Webb and Sahil Dua and Dong Li and Surya Bhupatiraju and Dan Hurt and Haroon Qureshi and Ananth Agarwal and Tomer Shani and Matan Eyal and Anuj Khare and Shreyas Rammohan Belle and Lei Wang and Chetan Tekur and Mihir Sanjay Kale and Jinliang Wei and Ruoxin Sang and Brennan Saeta and Tyler Liechty and Yi Sun and Yao Zhao and Stephan Lee and Pandu Nayak and Doug Fritz and Manish Reddy Vuyyuru and John Aslanides and Nidhi Vyas and Martin Wicke and Xiao Ma and Evgenii Eltyshev and Nina Martin and Hardie Cate and James Manyika and Keyvan Amiri and Yelin Kim and Xi Xiong and Kai Kang and Florian Luisier and Nilesh Tripuraneni and David Madras and Mandy Guo and Austin Waters and Oliver Wang and Joshua Ainslie and Jason Baldridge and Han Zhang and Garima Pruthi and Jakob Bauer and Feng Yang and Riham Mansour and Jason Gelman and Yang Xu and George Polovets and Ji Liu and Honglong Cai and Warren Chen and XiangHai Sheng and Emily Xue and Sherjil Ozair and Christof Angermueller and Xiaowei Li and Anoop Sinha and Weiren Wang and Julia Wiesinger and Emmanouil Koukoumidis and Yuan Tian and Anand Iyer and Madhu Gurumurthy and Mark Goldenson and Parashar Shah and MK Blake and Hongkun Yu and Anthony Urbanowicz and Jennimaria Palomaki and Chrisantha Fernando and Ken Durden and Harsh Mehta and Nikola Momchev and Elahe Rahimtoroghi and Maria Georgaki and Amit Raul and Sebastian Ruder and Morgan Redshaw and Jinhyuk Lee and Denny Zhou and Komal Jalan and Dinghua Li and Blake Hechtman and Parker Schuh and Milad Nasr and Kieran Milan and Vladimir Mikulik and Juliana Franco and Tim Green and Nam Nguyen and Joe Kelley and Aroma Mahendru and Andrea Hu and Joshua Howland and Ben Vargas and Jeffrey Hui and Kshitij Bansal and Vikram Rao and Rakesh Ghiya and Emma Wang and Ke Ye and Jean Michel Sarr and Melanie Moranski Preston and Madeleine Elish and Steve Li and Aakash Kaku and Jigar Gupta and Ice Pasupat and Da-Cheng Juan and Milan Someswar and Tejvi M. and Xinyun Chen and Aida Amini and Alex Fabrikant and Eric Chu and Xuanyi Dong and Amruta Muthal and Senaka Buthpitiya and Sarthak Jauhari and Nan Hua and Urvashi Khandelwal and Ayal Hitron and Jie Ren and Larissa Rinaldi and Shahar Drath and Avigail Dabush and Nan-Jiang Jiang and Harshal Godhia and Uli Sachs and Anthony Chen and Yicheng Fan and Hagai Taitelbaum and Hila Noga and Zhuyun Dai and James Wang and Chen Liang and Jenny Hamer and Chun-Sung Ferng and Chenel Elkind and Aviel Atias and Paulina Lee and Vít Listík and Mathias Carlen and Jan van de Kerkhof and Marcin Pikus and Krunoslav Zaher and Paul Müller and Sasha Zykova and Richard Stefanec and Vitaly Gatsko and Christoph Hirnschall and Ashwin Sethi and Xingyu Federico Xu and Chetan Ahuja and Beth Tsai and Anca Stefanoiu and Bo Feng and Keshav Dhandhania and Manish Katyal and Akshay Gupta and Atharva Parulekar and Divya Pitta and Jing Zhao and Vivaan Bhatia and Yashodha Bhavnani and Omar Alhadlaq and Xiaolin Li and Peter Danenberg and Dennis Tu and Alex Pine and Vera Filippova and Abhipso Ghosh and Ben Limonchik and Bhargava Urala and Chaitanya Krishna Lanka and Derik Clive and Yi Sun and Edward Li and Hao Wu and Kevin Hongtongsak and Ianna Li and Kalind Thakkar and Kuanysh Omarov and Kushal Majmundar and Michael Alverson and Michael Kucharski and Mohak Patel and Mudit Jain and Maksim Zabelin and Paolo Pelagatti and Rohan Kohli and Saurabh Kumar and Joseph Kim and Swetha Sankar and Vineet Shah and Lakshmi Ramachandruni and Xiangkai Zeng and Ben Bariach and Laura Weidinger and Tu Vu and Alek Andreev and Antoine He and Kevin Hui and Sheleem Kashem and Amar Subramanya and Sissie Hsiao and Demis Hassabis and Koray Kavukcuoglu and Adam Sadovsky and Quoc Le and Trevor Strohman and Yonghui Wu and Slav Petrov and Jeffrey Dean and Oriol Vinyals},
      year={2024},
      eprint={2312.11805},
      archivePrefix={arXiv},
      primaryClass={cs.CL},
      url={https://arxiv.org/abs/2312.11805}, 
}

@misc{touvron2023llama2openfoundation,
      title={Llama 2: Open Foundation and Fine-Tuned Chat Models}, 
      author={Hugo Touvron and Louis Martin and Kevin Stone and Peter Albert and Amjad Almahairi and Yasmine Babaei and Nikolay Bashlykov and Soumya Batra and Prajjwal Bhargava and Shruti Bhosale and Dan Bikel and Lukas Blecher and Cristian Canton Ferrer and Moya Chen and Guillem Cucurull and David Esiobu and Jude Fernandes and Jeremy Fu and Wenyin Fu and Brian Fuller and Cynthia Gao and Vedanuj Goswami and Naman Goyal and Anthony Hartshorn and Saghar Hosseini and Rui Hou and Hakan Inan and Marcin Kardas and Viktor Kerkez and Madian Khabsa and Isabel Kloumann and Artem Korenev and Punit Singh Koura and Marie-Anne Lachaux and Thibaut Lavril and Jenya Lee and Diana Liskovich and Yinghai Lu and Yuning Mao and Xavier Martinet and Todor Mihaylov and Pushkar Mishra and Igor Molybog and Yixin Nie and Andrew Poulton and Jeremy Reizenstein and Rashi Rungta and Kalyan Saladi and Alan Schelten and Ruan Silva and Eric Michael Smith and Ranjan Subramanian and Xiaoqing Ellen Tan and Binh Tang and Ross Taylor and Adina Williams and Jian Xiang Kuan and Puxin Xu and Zheng Yan and Iliyan Zarov and Yuchen Zhang and Angela Fan and Melanie Kambadur and Sharan Narang and Aurelien Rodriguez and Robert Stojnic and Sergey Edunov and Thomas Scialom},
      year={2023},
      eprint={2307.09288},
      archivePrefix={arXiv},
      primaryClass={cs.CL},
      url={https://arxiv.org/abs/2307.09288}, 
}

@misc{jiang2024mixtralexperts,
      title={Mixtral of Experts}, 
      author={Albert Q. Jiang and Alexandre Sablayrolles and Antoine Roux and Arthur Mensch and Blanche Savary and Chris Bamford and Devendra Singh Chaplot and Diego de las Casas and Emma Bou Hanna and Florian Bressand and Gianna Lengyel and Guillaume Bour and Guillaume Lample and Lélio Renard Lavaud and Lucile Saulnier and Marie-Anne Lachaux and Pierre Stock and Sandeep Subramanian and Sophia Yang and Szymon Antoniak and Teven Le Scao and Théophile Gervet and Thibaut Lavril and Thomas Wang and Timothée Lacroix and William El Sayed},
      year={2024},
      eprint={2401.04088},
      archivePrefix={arXiv},
      primaryClass={cs.LG},
      url={https://arxiv.org/abs/2401.04088}, 
}

@misc{openai2024gpt4technicalreport,
      title={GPT-4 Technical Report}, 
      author={OpenAI and Josh Achiam and Steven Adler and Sandhini Agarwal and Lama Ahmad and Ilge Akkaya and Florencia Leoni Aleman and Diogo Almeida and Janko Altenschmidt and Sam Altman and Shyamal Anadkat and Red Avila and Igor Babuschkin and Suchir Balaji and Valerie Balcom and Paul Baltescu and Haiming Bao and Mohammad Bavarian and Jeff Belgum and Irwan Bello and Jake Berdine and Gabriel Bernadett-Shapiro and Christopher Berner and Lenny Bogdonoff and Oleg Boiko and Madelaine Boyd and Anna-Luisa Brakman and Greg Brockman and Tim Brooks and Miles Brundage and Kevin Button and Trevor Cai and Rosie Campbell and Andrew Cann and Brittany Carey and Chelsea Carlson and Rory Carmichael and Brooke Chan and Che Chang and Fotis Chantzis and Derek Chen and Sully Chen and Ruby Chen and Jason Chen and Mark Chen and Ben Chess and Chester Cho and Casey Chu and Hyung Won Chung and Dave Cummings and Jeremiah Currier and Yunxing Dai and Cory Decareaux and Thomas Degry and Noah Deutsch and Damien Deville and Arka Dhar and David Dohan and Steve Dowling and Sheila Dunning and Adrien Ecoffet and Atty Eleti and Tyna Eloundou and David Farhi and Liam Fedus and Niko Felix and Simón Posada Fishman and Juston Forte and Isabella Fulford and Leo Gao and Elie Georges and Christian Gibson and Vik Goel and Tarun Gogineni and Gabriel Goh and Rapha Gontijo-Lopes and Jonathan Gordon and Morgan Grafstein and Scott Gray and Ryan Greene and Joshua Gross and Shixiang Shane Gu and Yufei Guo and Chris Hallacy and Jesse Han and Jeff Harris and Yuchen He and Mike Heaton and Johannes Heidecke and Chris Hesse and Alan Hickey and Wade Hickey and Peter Hoeschele and Brandon Houghton and Kenny Hsu and Shengli Hu and Xin Hu and Joost Huizinga and Shantanu Jain and Shawn Jain and Joanne Jang and Angela Jiang and Roger Jiang and Haozhun Jin and Denny Jin and Shino Jomoto and Billie Jonn and Heewoo Jun and Tomer Kaftan and Łukasz Kaiser and Ali Kamali and Ingmar Kanitscheider and Nitish Shirish Keskar and Tabarak Khan and Logan Kilpatrick and Jong Wook Kim and Christina Kim and Yongjik Kim and Jan Hendrik Kirchner and Jamie Kiros and Matt Knight and Daniel Kokotajlo and Łukasz Kondraciuk and Andrew Kondrich and Aris Konstantinidis and Kyle Kosic and Gretchen Krueger and Vishal Kuo and Michael Lampe and Ikai Lan and Teddy Lee and Jan Leike and Jade Leung and Daniel Levy and Chak Ming Li and Rachel Lim and Molly Lin and Stephanie Lin and Mateusz Litwin and Theresa Lopez and Ryan Lowe and Patricia Lue and Anna Makanju and Kim Malfacini and Sam Manning and Todor Markov and Yaniv Markovski and Bianca Martin and Katie Mayer and Andrew Mayne and Bob McGrew and Scott Mayer McKinney and Christine McLeavey and Paul McMillan and Jake McNeil and David Medina and Aalok Mehta and Jacob Menick and Luke Metz and Andrey Mishchenko and Pamela Mishkin and Vinnie Monaco and Evan Morikawa and Daniel Mossing and Tong Mu and Mira Murati and Oleg Murk and David Mély and Ashvin Nair and Reiichiro Nakano and Rajeev Nayak and Arvind Neelakantan and Richard Ngo and Hyeonwoo Noh and Long Ouyang and Cullen O'Keefe and Jakub Pachocki and Alex Paino and Joe Palermo and Ashley Pantuliano and Giambattista Parascandolo and Joel Parish and Emy Parparita and Alex Passos and Mikhail Pavlov and Andrew Peng and Adam Perelman and Filipe de Avila Belbute Peres and Michael Petrov and Henrique Ponde de Oliveira Pinto and Michael and Pokorny and Michelle Pokrass and Vitchyr H. Pong and Tolly Powell and Alethea Power and Boris Power and Elizabeth Proehl and Raul Puri and Alec Radford and Jack Rae and Aditya Ramesh and Cameron Raymond and Francis Real and Kendra Rimbach and Carl Ross and Bob Rotsted and Henri Roussez and Nick Ryder and Mario Saltarelli and Ted Sanders and Shibani Santurkar and Girish Sastry and Heather Schmidt and David Schnurr and John Schulman and Daniel Selsam and Kyla Sheppard and Toki Sherbakov and Jessica Shieh and Sarah Shoker and Pranav Shyam and Szymon Sidor and Eric Sigler and Maddie Simens and Jordan Sitkin and Katarina Slama and Ian Sohl and Benjamin Sokolowsky and Yang Song and Natalie Staudacher and Felipe Petroski Such and Natalie Summers and Ilya Sutskever and Jie Tang and Nikolas Tezak and Madeleine B. Thompson and Phil Tillet and Amin Tootoonchian and Elizabeth Tseng and Preston Tuggle and Nick Turley and Jerry Tworek and Juan Felipe Cerón Uribe and Andrea Vallone and Arun Vijayvergiya and Chelsea Voss and Carroll Wainwright and Justin Jay Wang and Alvin Wang and Ben Wang and Jonathan Ward and Jason Wei and CJ Weinmann and Akila Welihinda and Peter Welinder and Jiayi Weng and Lilian Weng and Matt Wiethoff and Dave Willner and Clemens Winter and Samuel Wolrich and Hannah Wong and Lauren Workman and Sherwin Wu and Jeff Wu and Michael Wu and Kai Xiao and Tao Xu and Sarah Yoo and Kevin Yu and Qiming Yuan and Wojciech Zaremba and Rowan Zellers and Chong Zhang and Marvin Zhang and Shengjia Zhao and Tianhao Zheng and Juntang Zhuang and William Zhuk and Barret Zoph},
      year={2024},
      eprint={2303.08774},
      archivePrefix={arXiv},
      primaryClass={cs.CL},
      url={https://arxiv.org/abs/2303.08774}, 
}

@misc{nie2020adversarialnlinewbenchmark,
      title={Adversarial NLI: A New Benchmark for Natural Language Understanding}, 
      author={Yixin Nie and Adina Williams and Emily Dinan and Mohit Bansal and Jason Weston and Douwe Kiela},
      year={2020},
      eprint={1910.14599},
      archivePrefix={arXiv},
      primaryClass={cs.CL},
      url={https://arxiv.org/abs/1910.14599}, 
}

@misc{li2023starcodersourceyou,
      title={StarCoder: may the source be with you!}, 
      author={Raymond Li and Loubna Ben Allal and Yangtian Zi and Niklas Muennighoff and Denis Kocetkov and Chenghao Mou and Marc Marone and Christopher Akiki and Jia Li and Jenny Chim and Qian Liu and Evgenii Zheltonozhskii and Terry Yue Zhuo and Thomas Wang and Olivier Dehaene and Mishig Davaadorj and Joel Lamy-Poirier and João Monteiro and Oleh Shliazhko and Nicolas Gontier and Nicholas Meade and Armel Zebaze and Ming-Ho Yee and Logesh Kumar Umapathi and Jian Zhu and Benjamin Lipkin and Muhtasham Oblokulov and Zhiruo Wang and Rudra Murthy and Jason Stillerman and Siva Sankalp Patel and Dmitry Abulkhanov and Marco Zocca and Manan Dey and Zhihan Zhang and Nour Fahmy and Urvashi Bhattacharyya and Wenhao Yu and Swayam Singh and Sasha Luccioni and Paulo Villegas and Maxim Kunakov and Fedor Zhdanov and Manuel Romero and Tony Lee and Nadav Timor and Jennifer Ding and Claire Schlesinger and Hailey Schoelkopf and Jan Ebert and Tri Dao and Mayank Mishra and Alex Gu and Jennifer Robinson and Carolyn Jane Anderson and Brendan Dolan-Gavitt and Danish Contractor and Siva Reddy and Daniel Fried and Dzmitry Bahdanau and Yacine Jernite and Carlos Muñoz Ferrandis and Sean Hughes and Thomas Wolf and Arjun Guha and Leandro von Werra and Harm de Vries},
      year={2023},
      eprint={2305.06161},
      archivePrefix={arXiv},
      primaryClass={cs.CL},
      url={https://arxiv.org/abs/2305.06161}, 
}

@misc{shazeer2020gluvariantsimprovetransformer,
      title={GLU Variants Improve Transformer}, 
      author={Noam Shazeer},
      year={2020},
      eprint={2002.05202},
      archivePrefix={arXiv},
      primaryClass={cs.LG},
      url={https://arxiv.org/abs/2002.05202}, 
}

@misc{penedo2023refinedwebdatasetfalconllm,
      title={The RefinedWeb Dataset for Falcon LLM: Outperforming Curated Corpora with Web Data, and Web Data Only}, 
      author={Guilherme Penedo and Quentin Malartic and Daniel Hesslow and Ruxandra Cojocaru and Alessandro Cappelli and Hamza Alobeidli and Baptiste Pannier and Ebtesam Almazrouei and Julien Launay},
      year={2023},
      eprint={2306.01116},
      archivePrefix={arXiv},
      primaryClass={cs.CL},
      url={https://arxiv.org/abs/2306.01116}, 
}

@misc{ba2016layernormalization,
      title={Layer Normalization}, 
      author={Jimmy Lei Ba and Jamie Ryan Kiros and Geoffrey E. Hinton},
      year={2016},
      eprint={1607.06450},
      archivePrefix={arXiv},
      primaryClass={stat.ML},
      url={https://arxiv.org/abs/1607.06450}, 
}

@misc{zhang2019rootmeansquarelayer,
      title={Root Mean Square Layer Normalization}, 
      author={Biao Zhang and Rico Sennrich},
      year={2019},
      eprint={1910.07467},
      archivePrefix={arXiv},
      primaryClass={cs.LG},
      url={https://arxiv.org/abs/1910.07467}, 
}

@misc{bai2023qwentechnicalreport,
      title={Qwen Technical Report}, 
      author={Jinze Bai and Shuai Bai and Yunfei Chu and Zeyu Cui and Kai Dang and Xiaodong Deng and Yang Fan and Wenbin Ge and Yu Han and Fei Huang and Binyuan Hui and Luo Ji and Mei Li and Junyang Lin and Runji Lin and Dayiheng Liu and Gao Liu and Chengqiang Lu and Keming Lu and Jianxin Ma and Rui Men and Xingzhang Ren and Xuancheng Ren and Chuanqi Tan and Sinan Tan and Jianhong Tu and Peng Wang and Shijie Wang and Wei Wang and Shengguang Wu and Benfeng Xu and Jin Xu and An Yang and Hao Yang and Jian Yang and Shusheng Yang and Yang Yao and Bowen Yu and Hongyi Yuan and Zheng Yuan and Jianwei Zhang and Xingxuan Zhang and Yichang Zhang and Zhenru Zhang and Chang Zhou and Jingren Zhou and Xiaohuan Zhou and Tianhang Zhu},
      year={2023},
      eprint={2309.16609},
      archivePrefix={arXiv},
      primaryClass={cs.CL},
      url={https://arxiv.org/abs/2309.16609}, 
}

@misc{tunstall2023zephyrdirectdistillationlm,
      title={Zephyr: Direct Distillation of LM Alignment}, 
      author={Lewis Tunstall and Edward Beeching and Nathan Lambert and Nazneen Rajani and Kashif Rasul and Younes Belkada and Shengyi Huang and Leandro von Werra and Clémentine Fourrier and Nathan Habib and Nathan Sarrazin and Omar Sanseviero and Alexander M. Rush and Thomas Wolf},
      year={2023},
      eprint={2310.16944},
      archivePrefix={arXiv},
      primaryClass={cs.LG},
      url={https://arxiv.org/abs/2310.16944}, 
}

@misc{gemmateam2024gemmaopenmodelsbased,
      title={Gemma: Open Models Based on Gemini Research and Technology}, 
      author={Gemma Team and Thomas Mesnard and Cassidy Hardin and Robert Dadashi and Surya Bhupatiraju and Shreya Pathak and Laurent Sifre and Morgane Rivière and Mihir Sanjay Kale and Juliette Love and Pouya Tafti and Léonard Hussenot and Pier Giuseppe Sessa and Aakanksha Chowdhery and Adam Roberts and Aditya Barua and Alex Botev and Alex Castro-Ros and Ambrose Slone and Amélie Héliou and Andrea Tacchetti and Anna Bulanova and Antonia Paterson and Beth Tsai and Bobak Shahriari and Charline Le Lan and Christopher A. Choquette-Choo and Clément Crepy and Daniel Cer and Daphne Ippolito and David Reid and Elena Buchatskaya and Eric Ni and Eric Noland and Geng Yan and George Tucker and George-Christian Muraru and Grigory Rozhdestvenskiy and Henryk Michalewski and Ian Tenney and Ivan Grishchenko and Jacob Austin and James Keeling and Jane Labanowski and Jean-Baptiste Lespiau and Jeff Stanway and Jenny Brennan and Jeremy Chen and Johan Ferret and Justin Chiu and Justin Mao-Jones and Katherine Lee and Kathy Yu and Katie Millican and Lars Lowe Sjoesund and Lisa Lee and Lucas Dixon and Machel Reid and Maciej Mikuła and Mateo Wirth and Michael Sharman and Nikolai Chinaev and Nithum Thain and Olivier Bachem and Oscar Chang and Oscar Wahltinez and Paige Bailey and Paul Michel and Petko Yotov and Rahma Chaabouni and Ramona Comanescu and Reena Jana and Rohan Anil and Ross McIlroy and Ruibo Liu and Ryan Mullins and Samuel L Smith and Sebastian Borgeaud and Sertan Girgin and Sholto Douglas and Shree Pandya and Siamak Shakeri and Soham De and Ted Klimenko and Tom Hennigan and Vlad Feinberg and Wojciech Stokowiec and Yu-hui Chen and Zafarali Ahmed and Zhitao Gong and Tris Warkentin and Ludovic Peran and Minh Giang and Clément Farabet and Oriol Vinyals and Jeff Dean and Koray Kavukcuoglu and Demis Hassabis and Zoubin Ghahramani and Douglas Eck and Joelle Barral and Fernando Pereira and Eli Collins and Armand Joulin and Noah Fiedel and Evan Senter and Alek Andreev and Kathleen Kenealy},
      year={2024},
      eprint={2403.08295},
      archivePrefix={arXiv},
      primaryClass={cs.CL},
      url={https://arxiv.org/abs/2403.08295}, 
}

@misc{beltagy2020longformerlongdocumenttransformer,
      title={Longformer: The Long-Document Transformer}, 
      author={Iz Beltagy and Matthew E. Peters and Arman Cohan},
      year={2020},
      eprint={2004.05150},
      archivePrefix={arXiv},
      primaryClass={cs.CL},
      url={https://arxiv.org/abs/2004.05150}, 
}

@misc{loshchilov2019decoupledweightdecayregularization,
      title={Decoupled Weight Decay Regularization}, 
      author={Ilya Loshchilov and Frank Hutter},
      year={2019},
      eprint={1711.05101},
      archivePrefix={arXiv},
      primaryClass={cs.LG},
      url={https://arxiv.org/abs/1711.05101}, 
}

#%% Blogs %%%%%%%%%%%%%%%%%%%%%%%%%%%%%%%%%%%%%%%%%%%%%%%%%%%%%%%%%%%%%%%%%%%%%%%%

@misc{Gokaslan2019OpenWeb,  
	title={OpenWebText Corpus},
	author={Aaron Gokaslan and Vanya Cohen},
	howpublished={\url{http://Skylion007.github.io/OpenWebTextCorpus}}, 
	year={2019}
}

@misc{cerebras2023slimpajama,
  author = {Soboleva, Daria and Al-Khateeb, Faisal and Myers, Robert and Steeves, Jacob R and Hestness, Joel and Dey, Nolan},
  title = {{SlimPajama: A 627B token cleaned and deduplicated version of RedPajama}},
  year = 2023,
  howpublished = {https://www.cerebras.net/blog/slimpajama-a-627b-token-cleaned-and-deduplicated-version-of-redpajama},
  url = {https://huggingface.co/datasets/cerebras/SlimPajama-627B},
}

@article{radford2018improving,
  title={Improving language understanding by generative pre-training},
  author={Radford, Alec and Narasimhan, Karthik and Salimans, Tim and Sutskever, Ilya and others},
  year={2018},
  journal={OpenAI}
}

@article{radford2019language,
  title={Language models are unsupervised multitask learners},
  author={Radford, Alec and Wu, Jeffrey and Child, Rewon and Luan, David and Amodei, Dario and Sutskever, Ilya and others},
  journal={OpenAI blog},
  volume={1},
  number={8},
  pages={9},
  year={2019}
}

@misc{allal2024SmolLM2,
      title={SmolLM2 - with great data, comes great performance}, 
      author={Loubna Ben Allal and Anton Lozhkov and Elie Bakouch and Gabriel Martín Blázquez and Lewis Tunstall and Agustín Piqueres and Andres Marafioti and Cyril Zakka and Leandro von Werra and Thomas Wolf},
      year={2024}
}

@misc{anthropic2023claude3,
  author       = {Anthropic},
  title        = {The Claude 3 Model Family: Opus, Sonnet, Haiku},
  year         = {2023},
  url = {https://www.anthropic.com/news/claude-3-family},
  note         = {Accessed 24 Jan. 2025}
}

@misc{SlimOrca,
  title = {SlimOrca: An Open Dataset of GPT-4 Augmented FLAN Reasoning Traces, with Verification},
  author = {Wing Lian and Guan Wang and Bleys Goodson and Eugene Pentland and Austin Cook and Chanvichet Vong and "Teknium"},
  year = {2023},
  publisher = {HuggingFace},
  url = {https://https://huggingface.co/Open-Orca/SlimOrca}
}

@misc{daniele2023amplify-instruct,
  title={Amplify-Instruct: Synthetically Generated Diverse Multi-turn Conversations for efficient LLM Training.},
  author={Daniele, Luigi and Suphavadeeprasit},
  url={https://huggingface.co/datasets/LDJnr/Capybara},
  publisher = {HuggingFace},
  year={2023}
}

#%% Software %%%%%%%%%%%%%%%%%%%%%%%%%%%%%%%%%%%%%%%%%%%%%%%%%%%%%%%%%%%%%%%%%%%%%%%%
@software{benallal2024smollmcorpus,
  author = {Ben Allal, Loubna and Lozhkov, Anton and Penedo, Guilherme and Wolf, Thomas and von Werra, Leandro},
  title = {SmolLM-Corpus},
  month = July,
  year = 2024,
  url = {https://huggingface.co/datasets/HuggingFaceTB/smollm-corpus}
}