@inproceedings{An2021,
    doi = {10.1145/3468264.3473129},
    url = {https://doi.org/10.1145%2F3468264.3473129},
    year = 2021,
    month = {aug},
    publisher = {{ACM}},
    author = {Gabin An and Shin Yoo},
    title = {Reducing the search space of bug inducing commits using failure coverage},
    booktitle = {Proceedings of the 29th {ACM} Joint Meeting on European Software Engineering Conference and Symposium on the Foundations of Software Engineering}
}

@inproceedings{Bhagwan2018,
    title={Orca: Differential Bug Localization in Large-Scale Services},
    author={Bhagwan, Ranjita and Kumar, Rahul and Maddila, Chandra Sekhar and Philip, Adithya Abraham},
    booktitle={13th USENIX Symposium on Operating Systems Design and Implementation (OSDI 18)},
    pages={493--509},
    year={2018}
}

@inproceedings{Ciborowska2022,
    doi = {10.1145/3510003.3510042},
    url = {https://doi.org/10.1145%2F3510003.3510042},
    year = 2022,
    month = {may},
    publisher = {{ACM}},
    author = {Agnieszka Ciborowska and Kostadin Damevski},
    title = {Fast changeset-based bug localization with {BERT}},
    booktitle = {Proceedings of the 44th International Conference on Software Engineering}
}

@inproceedings{Henderson2023,
    doi = {10.1109/icst57152.2023.00041},
    url = {https://doi.org/10.1109%2Ficst57152.2023.00041},
    year = 2023,
    month = {apr},
    publisher = {{IEEE}},
    author = {Tim A. D. Henderson and Bobby Dorward and Eric Nickell and Collin Johnston and Avi Kondareddy},
    title = {Flake Aware Culprit Finding},
    booktitle = {2023 {IEEE} Conference on Software Testing, Verification and Validation ({ICST})}
}

@inproceedings{Murali2021,
    doi = {10.1109/icse-seip52600.2021.00028},
    url = {https://doi.org/10.1109%2Ficse-seip52600.2021.00028},
    year = 2021,
    month = {may},
    publisher = {{IEEE}},
    author = {Vijayaraghavan Murali and Lee Gross and Rebecca Qian and Satish Chandra},
    title = {Industry-Scale {IR}-Based Bug Localization: A Perspective from Facebook},
    booktitle = {2021 {IEEE}/{ACM} 43rd International Conference on Software Engineering: Software Engineering in Practice ({ICSE}-{SEIP})}
}

@inproceedings{Servant2012,
    doi = {10.1109/icse.2012.6227208},
    url = {https://doi.org/10.1109%2Ficse.2012.6227208},
    year = 2012,
    month = {jun},
    publisher = {{IEEE}},
    author = {Francisco Servant and James A. Jones},
    title = {{WhoseFault}: Automatic developer-to-fault assignment through fault localization},
    booktitle = {2012 34th International Conference on Software Engineering ({ICSE})}
}

@inproceedings{Wen2016,
    doi = {10.1145/2970276.2970359},
    url = {https://doi.org/10.1145%2F2970276.2970359},
    year = 2016,
    month = {aug},
    publisher = {{ACM}},
    author = {Ming Wen and Rongxin Wu and Shing-Chi Cheung},
    title = {Locus: locating bugs from software changes},
    booktitle = {Proceedings of the 31st {IEEE}/{ACM} International Conference on Automated Software Engineering}
}

@article{Wu2017,
    doi = {10.1007/s10664-017-9567-4},
    url = {https://doi.org/10.1007%2Fs10664-017-9567-4},
    year = 2017,
    month = {nov},
    publisher = {Springer Science and Business Media {LLC}},
    volume = {23},
    number = {5},
    pages = {2866--2900},
    author = {Rongxin Wu and Ming Wen and Shing-Chi Cheung and Hongyu Zhang},
    title = {{ChangeLocator}: locate crash-inducing changes based on crash reports},
    journal = {Empirical Software Engineering}
}

@inproceedings{Yang2008,
    doi = {10.1145/1458082.1458321},
    url = {https://doi.org/10.1145%2F1458082.1458321},
    year = 2008,
    publisher = {{ACM} Press},
    author = {Jiang-Ming Yang and Rui Cai and Feng Jing and Shuo Wang and Lei Zhang and Wei-Ying Ma},
    title = {Search-based query suggestion},
    booktitle = {Proceeding of the 17th {ACM} conference on Information and knowledge mining - {CIKM} {\textquotesingle}08}
}

@article{johnson2019billion,
  doi={10.1109/TBDATA.2019.2921572},
  url={https://doi.org/10.1109/TBDATA.2019.2921572},
  title={Billion-scale similarity search with {GPUs}},
  author={Johnson, Jeff and Douze, Matthijs and J{\'e}gou, Herv{\'e}},
  journal={IEEE Transactions on Big Data},
  volume={7},
  number={3},
  pages={535--547},
  year={2019},
  publisher={IEEE}
}

@inproceedings{zhang2011localizing,
  doi={10.1109/ICSM.2011.6080769},
  url={https://doi.org/10.1109/ICSM.2011.6080769},
  title={Localizing failure-inducing program edits based on spectrum information},
  author={Zhang, Lingming and Kim, Miryung and Khurshid, Sarfraz},
  booktitle={2011 27th IEEE International Conference on Software Maintenance (ICSM)},
  pages={23--32},
  year={2011},
  organization={IEEE}
}

