@inproceedings{An2021,
    doi = {10.1145/3468264.3473129},
    url = {https://doi.org/10.1145%2F3468264.3473129},
    year = 2021,
    month = {aug},
    publisher = {{ACM}},
    author = {Gabin An and Shin Yoo},
    title = {Reducing the search space of bug inducing commits using failure coverage},
    booktitle = {Proceedings of the 29th {ACM} Joint Meeting on European Software Engineering Conference and Symposium on the Foundations of Software Engineering}
}

@inproceedings{Grund2021,
    doi = {10.1109/icse43902.2021.00135},
    url = {https://doi.org/10.1109%2Ficse43902.2021.00135},
    year = 2021,
    month = {may},
    publisher = {{IEEE}},
    author = {Felix Grund and Shaiful Alam Chowdhury and Nick C. Bradley and Braxton Hall and Reid Holmes},
    title = {{CodeShovel}: Constructing Method-Level Source Code Histories},
    booktitle = {2021 {IEEE}/{ACM} 43rd International Conference on Software Engineering ({ICSE})}
}

@inproceedings{Murali2021,
    doi = {10.1109/icse-seip52600.2021.00028},
    url = {https://doi.org/10.1109%2Ficse-seip52600.2021.00028},
    year = 2021,
    month = {may},
    publisher = {{IEEE}},
    author = {Vijayaraghavan Murali and Lee Gross and Rebecca Qian and Satish Chandra},
    title = {Industry-Scale {IR}-Based Bug Localization: A Perspective from Facebook},
    booktitle = {2021 {IEEE}/{ACM} 43rd International Conference on Software Engineering: Software Engineering in Practice ({ICSE}-{SEIP})}
}

@inproceedings{Wen2016,
    doi = {10.1145/2970276.2970359},
    url = {https://doi.org/10.1145%2F2970276.2970359},
    year = 2016,
    month = {aug},
    publisher = {{ACM}},
    author = {Ming Wen and Rongxin Wu and Shing-Chi Cheung},
    title = {Locus: locating bugs from software changes},
    booktitle = {Proceedings of the 31st {IEEE}/{ACM} International Conference on Automated Software Engineering}
}

@inproceedings{Bhagwan2018,
    title={Orca: Differential Bug Localization in Large-Scale Services},
    author={Bhagwan, Ranjita and Kumar, Rahul and Maddila, Chandra Sekhar and Philip, Adithya Abraham},
    booktitle={13th USENIX Symposium on Operating Systems Design and Implementation (OSDI 18)},
    pages={493--509},
    year={2018}
}

@inproceedings{Sohn2021,
    doi = {10.1109/icst49551.2021.00041},
    url = {https://doi.org/10.1109%2Ficst49551.2021.00041},
    year = 2021,
    month = {apr},
    publisher = {{IEEE}},
    author = {Jeongju Sohn and Gabin An and Jingun Hong and Dongwon Hwang and Shin Yoo},
    title = {Assisting Bug Report Assignment Using Automated Fault Localisation: An Industrial Case Study},
    booktitle = {2021 14th {IEEE} Conference on Software Testing, Verification and Validation ({ICST})}
}

@inproceedings{Wen2019,
    doi = {10.1145/3338906.3338962},
    url = {https://doi.org/10.1145%2F3338906.3338962},
    year = 2019,
    month = {aug},
    publisher = {{ACM}},
    author = {Ming Wen and Rongxin Wu and Yepang Liu and Yongqiang Tian and Xuan Xie and Shing-Chi Cheung and Zhendong Su},
    title = {Exploring and exploiting the correlations between bug-inducing and bug-fixing commits},
    booktitle = {Proceedings of the 27th {ACM} European Software Engineering Conference and Symposium on the Foundations of Software Engineering}
}

@inproceedings{Najafi2019,
    doi = {10.1145/3338906.3338944},
    url = {https://doi.org/10.1145%2F3338906.3338944},
    year = 2019,
    month = {aug},
    publisher = {{ACM}},
    author = {Armin Najafi and Peter C. Rigby and Weiyi Shang},
    title = {Bisecting commits and modeling commit risk during testing},
    booktitle = {Proceedings of the 2019 27th {ACM} Joint Meeting on European Software Engineering Conference and Symposium on the Foundations of Software Engineering}
}

@inproceedings{Falleri2014,
  author    = {Jean{-}R{\'{e}}my Falleri and
               Flor{\'{e}}al Morandat and
               Xavier Blanc and
               Matias Martinez and
               Martin Monperrus},
  title     = {Fine-grained and accurate source code differencing},
  booktitle = {{ACM/IEEE} International Conference on Automated Software Engineering,
               {ASE} '14, Vasteras, Sweden - September 15 - 19, 2014},
  pages     = {313--324},
  year      = {2014},
  url       = {http://doi.acm.org/10.1145/2642937.2642982},
  doi       = {10.1145/2642937.2642982}
}

@article{Wong2016,
    doi = {10.1109/tse.2016.2521368},
    url = {https://doi.org/10.1109%2Ftse.2016.2521368},
    year = 2016,
    month = {aug},
    publisher = {Institute of Electrical and Electronics Engineers ({IEEE})},
    volume = {42},
    number = {8},
    pages = {707--740},
    author = {W. Eric Wong and Ruizhi Gao and Yihao Li and Rui Abreu and Franz Wotawa},
    title = {A Survey on Software Fault Localization},
    journal = {{IEEE} Transactions on Software Engineering}
}

@article{liwerski2005,
    doi = {10.1145/1082983.1083147},
    url = {https://doi.org/10.1145%2F1082983.1083147},
    year = 2005,
    month = {jul},
    publisher = {Association for Computing Machinery ({ACM})},
    volume = {30},
    number = {4},
    pages = {1--5},
    author = {Jacek {\'{S}}liwerski and Thomas Zimmermann and Andreas Zeller},
    title = {When do changes induce fixes?},
    journal = {{ACM} {SIGSOFT} Software Engineering Notes}
}

@inproceedings{Wen2020,
    doi = {10.1145/3377816.3381743},
    url = {https://doi.org/10.1145%2F3377816.3381743},
    year = 2020,
    month = {jun},
    publisher = {{ACM}},
    author = {Ming Wen and Yepang Liu and Shing-Chi Cheung},
    title = {Boosting automated program repair with bug-inducing commits},
    booktitle = {Proceedings of the {ACM}/{IEEE} 42nd International Conference on Software Engineering: New Ideas and Emerging Results}
}

@article{RodrguezPrez2020,
    doi = {10.1007/s10664-019-09781-y},
    url = {https://doi.org/10.1007%2Fs10664-019-09781-y},
    year = 2020,
    month = {feb},
    publisher = {Springer Science and Business Media {LLC}},
    volume = {25},
    number = {2},
    pages = {1294--1340},
    author = {Gema Rodr{\'{\i}}guez-P{\'{e}}rez and Gregorio Robles and Alexander Serebrenik and Andy Zaidman and Daniel M. Germ{\'{a}}n and Jesus M. Gonzalez-Barahona},
    title = {How bugs are born: a model to identify how bugs are introduced in software components},
    journal = {Empirical Software Engineering}
}

@article{Catal2011,
    doi = {10.1016/j.eswa.2010.10.024},
    url = {https://doi.org/10.1016%2Fj.eswa.2010.10.024},
    year = 2011,
    month = {apr},
    publisher = {Elsevier {BV}},
    volume = {38},
    number = {4},
    pages = {4626--4636},
    author = {Cagatay Catal},
    title = {Software fault prediction: A literature review and current trends},
    journal = {Expert Systems with Applications}
}

@inproceedings{Dyer2013,
    doi = {10.1109/icse.2013.6606588},
    url = {https://doi.org/10.1109%2Ficse.2013.6606588},
    year = 2013,
    month = {may},
    publisher = {{IEEE}},
    author = {Robert Dyer and Hoan Anh Nguyen and Hridesh Rajan and Tien N. Nguyen},
    title = {Boa: A language and infrastructure for analyzing ultra-large-scale software repositories},
    booktitle = {2013 35th International Conference on Software Engineering ({ICSE})}
}

@article{Liu2022,
    doi = {10.1109/tse.2020.3038681},
    url = {https://doi.org/10.1109%2Ftse.2020.3038681},
    year = 2022,
    month = {may},
    publisher = {Institute of Electrical and Electronics Engineers ({IEEE})},
    volume = {48},
    number = {5},
    pages = {1800--1817},
    author = {Shangqing Liu and Cuiyun Gao and Sen Chen and Lun Yiu Nie and Yang Liu},
    title = {{ATOM}: Commit Message Generation Based on Abstract Syntax Tree and Hybrid Ranking},
    journal = {{IEEE} Transactions on Software Engineering}
}

@article{Wu2017,
    doi = {10.1007/s10664-017-9567-4},
    url = {https://doi.org/10.1007%2Fs10664-017-9567-4},
    year = 2017,
    month = {nov},
    publisher = {Springer Science and Business Media {LLC}},
    volume = {23},
    number = {5},
    pages = {2866--2900},
    author = {Rongxin Wu and Ming Wen and Shing-Chi Cheung and Hongyu Zhang},
    title = {{ChangeLocator}: locate crash-inducing changes based on crash reports},
    journal = {Empirical Software Engineering}
}

@inproceedings{Kim2007,
    doi = {10.1109/icse.2007.66},
    url = {https://doi.org/10.1109%2Ficse.2007.66},
    year = 2007,
    month = {may},
    publisher = {{IEEE}},
    author = {Sunghun Kim and Thomas Zimmermann and E. James Whitehead Jr. and Andreas Zeller},
    title = {Predicting Faults from Cached History},
    booktitle = {29th International Conference on Software Engineering ({ICSE}{\textquotesingle}07)}
}

@article{Yoo2017,
    doi = {10.1145/3078840},
    url = {https://doi.org/10.1145%2F3078840},
    year = 2017,
    month = {jul},
    publisher = {Association for Computing Machinery ({ACM})},
    volume = {26},
    number = {1},
    pages = {1--30},
    author = {Shin Yoo and Xiaoyuan Xie and Fei-Ching Kuo and Tsong Yueh Chen and Mark Harman},
    title = {Human Competitiveness of Genetic Programming in Spectrum-Based Fault Localisation},
    journal = {{ACM} Transactions on Software Engineering and Methodology}
}

@article{habchi2022made,
  doi={10.48550/arXiv.2207.10143},
  url={https://doi.org/10.48550/arXiv.2207.10143},
  title={What Made This Test Flake? Pinpointing Classes Responsible for Test Flakiness},
  author={Habchi, Sarra and Haben, Guillaume and Sohn, Jeongju and Franci, Adriano and Papadakis, Mike and Cordy, Maxime and Le Traon, Yves},
  journal={arXiv e-prints},
  pages={arXiv--2207},
  year={2022}
}

@inproceedings{Sohn2019,
    doi = {10.1145/3321707.3321873},
    url = {https://doi.org/10.1145%2F3321707.3321873},
    year = 2019,
    month = {jul},
    publisher = {{ACM}},
    author = {Jeongju Sohn and Shin Yoo},
    title = {Why train-and-select when you can use them all?},
    booktitle = {Proceedings of the Genetic and Evolutionary Computation Conference}
}

@inproceedings{Just2014,
    doi = {10.1145/2610384.2628055},
    url = {https://doi.org/10.1145%2F2610384.2628055},
    year = 2014,
    publisher = {{ACM} Press},
    author = {Ren{\'{e}} Just and Darioush Jalali and Michael D. Ernst},
    title = {Defects4J: a database of existing faults to enable controlled testing studies for Java programs},
    booktitle = {Proceedings of the 2014 International Symposium on Software Testing and Analysis - {ISSTA} 2014}
}

@inproceedings{Ciborowska2022,
    doi = {10.1145/3510003.3510042},
    url = {https://doi.org/10.1145%2F3510003.3510042},
    year = 2022,
    month = {may},
    publisher = {{ACM}},
    author = {Agnieszka Ciborowska and Kostadin Damevski},
    title = {Fast changeset-based bug localization with {BERT}},
    booktitle = {Proceedings of the 44th International Conference on Software Engineering}
}

@inproceedings{Sohn2017,
    doi = {10.1145/3092703.3092717},
    url = {https://doi.org/10.1145%2F3092703.3092717},
    year = 2017,
    month = {jul},
    publisher = {{ACM}},
    author = {Jeongju Sohn and Shin Yoo},
    title = {{FLUCCS}: using code and change metrics to improve fault localization},
    booktitle = {Proceedings of the 26th {ACM} {SIGSOFT} International Symposium on Software Testing and Analysis}
}

@inproceedings{Abreu2006,
    doi = {10.1109/prdc.2006.18},
    url = {https://doi.org/10.1109%2Fprdc.2006.18},
    year = 2006,
    publisher = {{IEEE}},
    author = {Rui Abreu and Peter Zoeteweij and Arjan Van Gemund},
    title = {An Evaluation of Similarity Coefficients for Software Fault Localization},
    booktitle = {2006 12th Pacific Rim International Symposium on Dependable Computing ({PRDC}{\textquotesingle}06)}
}

@inproceedings{Perez2017,
    doi = {10.1109/icse.2017.66},
    url = {https://doi.org/10.1109%2Ficse.2017.66},
    year = 2017,
    month = {may},
    publisher = {{IEEE}},
    author = {Alexandre Perez and Rui Abreu and Arie van Deursen},
    title = {A Test-Suite Diagnosability Metric for Spectrum-Based Fault Localization Approaches},
    booktitle = {2017 {IEEE}/{ACM} 39th International Conference on Software Engineering ({ICSE})}
}

@inproceedings{tabassum2020code,
  doi={10.18653/v1/2020.acl-main.443},
  url={https://doi.org/10.18653/v1/2020.acl-main.443},
  title={Code and Named Entity Recognition in {S}tack{O}verflow},
  author={Tabassum, Jeniya and Maddela, Mounica and Xu, Wei and Ritter, Alan},
  booktitle={Proceedings of the 58th Annual Meeting of the Association for Computational Linguistics},
  pages={4913--4926},
  year={2020}
}

@inproceedings{zhang2011localizing,
  doi={10.1109/ICSM.2011.6080769},
  url={https://doi.org/10.1109/ICSM.2011.6080769},
  title={Localizing failure-inducing program edits based on spectrum information},
  author={Zhang, Lingming and Kim, Miryung and Khurshid, Sarfraz},
  booktitle={2011 27th IEEE International Conference on Software Maintenance (ICSM)},
  pages={23--32},
  year={2011},
  organization={IEEE}
}

@inproceedings{Kawrykow2011,
    doi = {10.1145/1985793.1985842},
    url = {https://doi.org/10.1145%2F1985793.1985842},
    year = 2011,
    month = {may},
    publisher = {{ACM}},
    author = {David Kawrykow and Martin P. Robillard},
    title = {Non-essential changes in version histories},
    booktitle = {Proceedings of the 33rd International Conference on Software Engineering}
}

@article{Fluri2007,
    doi = {10.1109/tse.2007.70731},
    url = {https://doi.org/10.1109%2Ftse.2007.70731},
    year = 2007,
    month = {nov},
    publisher = {Institute of Electrical and Electronics Engineers ({IEEE})},
    volume = {33},
    number = {11},
    pages = {725--743},
    author = {Beat Fluri and Michael Wursch and Martin PInzger and Harald Gall},
    title = {Change Distilling:Tree Differencing for Fine-Grained Source Code Change Extraction},
    journal = {{IEEE} Transactions on Software Engineering}
}

@article{robertson1995okapi,
  title={Okapi at {TREC}-3},
  author={Robertson, Stephen E and Walker, Steve and Jones, Susan and Hancock-Beaulieu, Micheline M and Gatford, Mike and others},
  journal={Nist Special Publication Sp},
  volume={109},
  pages={109},
  year={1995},
  publisher={NATIONAL INSTIUTE OF STANDARDS \& TECHNOLOGY}
}

@article{johnson2019billion,
  doi={10.1109/TBDATA.2019.2921572},
  url={https://doi.org/10.1109/TBDATA.2019.2921572},
  title={Billion-scale similarity search with {GPUs}},
  author={Johnson, Jeff and Douze, Matthijs and J{\'e}gou, Herv{\'e}},
  journal={IEEE Transactions on Big Data},
  volume={7},
  number={3},
  pages={535--547},
  year={2019},
  publisher={IEEE}
}

@inproceedings{Yang2008,
    doi = {10.1145/1458082.1458321},
    url = {https://doi.org/10.1145%2F1458082.1458321},
    year = 2008,
    publisher = {{ACM} Press},
    author = {Jiang-Ming Yang and Rui Cai and Feng Jing and Shuo Wang and Lei Zhang and Wei-Ying Ma},
    title = {Search-based query suggestion},
    booktitle = {Proceeding of the 17th {ACM} conference on Information and knowledge mining - {CIKM} {\textquotesingle}08}
}

@article{Graves2000,
    doi = {10.1109/32.859533},
    url = {https://doi.org/10.1109%2F32.859533},
    year = 2000,
    month = {jul},
    publisher = {Institute of Electrical and Electronics Engineers ({IEEE})},
    volume = {26},
    number = {7},
    pages = {653--661},
    author = {T.L. Graves and A.F. Karr and J.S. Marron and H. Siy},
    title = {Predicting fault incidence using software change history},
    journal = {{IEEE} Transactions on Software Engineering}
}

@misc{gitbisect,
    title={Git-bisect-LK2009 documentation},
    url={https://git-scm.com/docs/git-bisect-lk2009.html},
    journal={Git bisect algorithm overview}
}

@incollection{Craswell2009,
    doi = {10.1007/978-0-387-39940-9_488},
    url = {https://doi.org/10.1007%2F978-0-387-39940-9_488},
    year = 2009,
    publisher = {Springer {US}},
    pages = {1703--1703},
    author = {Nick Craswell},
    title = {Mean Reciprocal Rank},
    booktitle = {Encyclopedia of Database Systems}
}

@incollection{Artzi,
    doi = {10.1007/978-3-540-70592-5_23},
    url = {https://doi.org/10.1007%2F978-3-540-70592-5_23},
    publisher = {Springer Berlin Heidelberg},
    pages = {542--565},
    author = {Shay Artzi and Sunghun Kim and Michael D. Ernst},
    title = {{ReCrash}: Making Software Failures Reproducible by Preserving Object States},
    booktitle = {{ECOOP} 2008 {\textendash} Object-Oriented Programming}
}

@inproceedings{Jin2012,
    doi = {10.1109/icse.2012.6227168},
    url = {https://doi.org/10.1109%2Ficse.2012.6227168},
    year = 2012,
    month = {jun},
    publisher = {{IEEE}},
    author = {Wei Jin and Alessandro Orso},
    title = {{BugRedux}: Reproducing field failures for in-house debugging},
    booktitle = {2012 34th International Conference on Software Engineering ({ICSE})}
}

@article{Zimmermann2010,
    doi = {10.1109/tse.2010.63},
    url = {https://doi.org/10.1109%2Ftse.2010.63},
    year = 2010,
    month = {sep},
    publisher = {Institute of Electrical and Electronics Engineers ({IEEE})},
    volume = {36},
    number = {5},
    pages = {618--643},
    author = {Thomas Zimmermann and Rahul Premraj and Nicolas Bettenburg and Sascha Just and Adrian Schroter and Cathrin Weiss},
    title = {What Makes a Good Bug Report?},
    journal = {{IEEE} Transactions on Software Engineering}
}

@inproceedings{Lou2020,
    doi = {10.1145/3395363.3397351},
    url = {https://doi.org/10.1145%2F3395363.3397351},
    year = 2020,
    month = {jul},
    publisher = {{ACM}},
    author = {Yiling Lou and Ali Ghanbari and Xia Li and Lingming Zhang and Haotian Zhang and Dan Hao and Lu Zhang},
    title = {Can automated program repair refine fault localization? a unified debugging approach},
    booktitle = {Proceedings of the 29th {ACM} {SIGSOFT} International Symposium on Software Testing and Analysis}
}

@article{Kim2019,
    doi = {10.1016/j.infsof.2018.11.009},
    url = {https://doi.org/10.1016%2Fj.infsof.2018.11.009},
    year = 2019,
    month = {mar},
    publisher = {Elsevier {BV}},
    volume = {107},
    pages = {179--191},
    author = {Jeongho Kim and Jindae Kim and Eunseok Lee},
    title = {{VFL}: Variable-based fault localization},
    journal = {Information and Software Technology}
}

@article{Beheshtian2022,
    doi = {10.1109/tse.2021.3070269},
    url = {https://doi.org/10.1109%2Ftse.2021.3070269},
    year = 2022,
    month = {aug},
    publisher = {Institute of Electrical and Electronics Engineers ({IEEE})},
    volume = {48},
    number = {8},
    pages = {2784--2801},
    author = {Mohammad Javad Beheshtian and Amir Hossein Bavand and Peter C. Rigby},
    title = {Software Batch Testing to Save Build Test Resources and to Reduce Feedback Time},
    journal = {{IEEE} Transactions on Software Engineering}
}

@article{spiral2018,
  title   = "Spiral: splitters for identifiers in source code files",
  author  = "Hucka, Michael",
  journal = "Journal of Open Source Software",
  volume  =  3,
  number  =  24,
  pages   = "653",
  month   =  apr,
  year    =  2018,
  url     = "http://joss.theoj.org/papers/10.21105/joss.00653",
  issn    = "2475-9066",
  doi     = "10.21105/joss.00653"
}

@inproceedings{Zhang2007,
    doi = {10.1145/1250734.1250782},
    url = {https://doi.org/10.1145%2F1250734.1250782},
    year = 2007,
    publisher = {{ACM} Press},
    author = {Xiangyu Zhang and Sriraman Tallam and Neelam Gupta and Rajiv Gupta},
    title = {Towards locating execution omission errors},
    booktitle = {Proceedings of the 2007 {ACM} {SIGPLAN} conference on Programming language design and implementation  - {PLDI} {\textquotesingle}07}
}

@incollection{Wilcoxon1992,
    doi = {10.1007/978-1-4612-4380-9_16},
    url = {https://doi.org/10.1007%2F978-1-4612-4380-9_16},
    year = 1992,
    publisher = {Springer New York},
    pages = {196--202},
    author = {Frank Wilcoxon},
    title = {Individual Comparisons by Ranking Methods},
    booktitle = {Springer Series in Statistics}
}

@inproceedings{Kim2006,
    doi = {10.1109/ase.2006.23},
    url = {https://doi.org/10.1109%2Fase.2006.23},
    year = 2006,
    month = {sep},
    publisher = {{IEEE}},
    author = {Sunghun Kim and Thomas Zimmermann and Kai Pan and E. James Jr. Whitehead},
    title = {Automatic Identification of Bug-Introducing Changes},
    booktitle = {21st {IEEE}/{ACM} International Conference on Automated Software Engineering ({ASE}{\textquotesingle}06)}
}

@article{Bach2022,
    doi = {10.1007/s13222-022-00426-x},
    url = {https://doi.org/10.1007%2Fs13222-022-00426-x},
    year = 2022,
    month = {nov},
    publisher = {Springer Science and Business Media {LLC}},
    author = {Thomas Bach and Artur Andrzejak and Changyun Seo and Christian Bierstedt and Christian Lemke and Daniel Ritter and Dong Won Hwang and Erda Sheshi and Felix Schabernack and Frank Renkes and Gordon Gaumnitz and Jakob Martens and Lars Hoemke and Michael Felderer and Michael Rudolf and Neetha Jambigi and Norman May and Robin Joy and Ruben Scheja and Sascha Schwedes and Sebastian Seibel and Sebastian Seifert and Stefan Haas and Stephan Kraft and Thomas Kroll and Tobias Scheuer and Wolfgang Lehner},
    title = {Testing Very Large Database Management Systems: The Case of {SAP} {HANA}},
    journal = {Datenbank-Spektrum}
}

@proceedings{Dorward2021,
title	= {Flake-Aware Culprit Finding},
editor	= {Bobby Dorward and Collin Johnston and Eric Nickell and Tim Henderson},
year	= {2021},
URL	= {https://conf.researchr.org/details/cciw-2021/cciw-2021-ci-cd-industry-workshop/6/Flake-Aware-Culprit-Finding}
}

@inproceedings{Jodavi2022,
    doi = {10.1145/3540250.3549079},
    url = {https://doi.org/10.1145%2F3540250.3549079},
    year = 2022,
    month = {nov},
    publisher = {{ACM}},
    author = {Mehran Jodavi and Nikolaos Tsantalis},
    title = {Accurate method and variable tracking in commit history},
    booktitle = {Proceedings of the 30th {ACM} Joint European Software Engineering Conference and Symposium on the Foundations of Software Engineering}
}

@inproceedings{Servant2012,
    doi = {10.1109/icse.2012.6227208},
    url = {https://doi.org/10.1109%2Ficse.2012.6227208},
    year = 2012,
    month = {jun},
    publisher = {{IEEE}},
    author = {Francisco Servant and James A. Jones},
    title = {{WhoseFault}: Automatic developer-to-fault assignment through fault localization},
    booktitle = {2012 34th International Conference on Software Engineering ({ICSE})}
}

@inproceedings{Neto2018,
    doi = {10.1109/saner.2018.8330225},
    url = {https://doi.org/10.1109%2Fsaner.2018.8330225},
    year = 2018,
    month = {mar},
    publisher = {{IEEE}},
    author = {Edmilson Campos Neto and Daniel Alencar da Costa and Uira Kulesza},
    title = {The impact of refactoring changes on the {SZZ} algorithm: An empirical study},
    booktitle = {2018 {IEEE} 25th International Conference on Software Analysis, Evolution and Reengineering ({SANER})}
}

@book{fowler2018refactoring,
  title={Refactoring},
  author={Fowler, Martin},
  year={2018},
  publisher={Addison-Wesley Professional}
}

@article{Silva2021,
    doi = {10.1109/tse.2020.2968072},
    url = {https://doi.org/10.1109%2Ftse.2020.2968072},
    year = 2021,
    month = {dec},
    publisher = {Institute of Electrical and Electronics Engineers ({IEEE})},
    volume = {47},
    number = {12},
    pages = {2786--2802},
    author = {Danilo Silva and Joao Paulo da Silva and Gustavo Santos and Ricardo Terra and Marco Tulio Valente},
    title = {{RefDiff} 2.0: A Multi-Language Refactoring Detection Tool},
    journal = {{IEEE} Transactions on Software Engineering}
}

@inproceedings{Henderson2023,
    doi = {10.1109/icst57152.2023.00041},
    url = {https://doi.org/10.1109%2Ficst57152.2023.00041},
    year = 2023,
    month = {apr},
    publisher = {{IEEE}},
    author = {Tim A. D. Henderson and Bobby Dorward and Eric Nickell and Collin Johnston and Avi Kondareddy},
    title = {Flake Aware Culprit Finding},
    booktitle = {2023 {IEEE} Conference on Software Testing, Verification and Validation ({ICST})}
}

 @inproceedings{Kochhar2016, series={ISSTA ’16}, title={Practitioners’ expectations on automated fault localization}, url={http://dx.doi.org/10.1145/2931037.2931051}, DOI={10.1145/2931037.2931051}, booktitle={Proceedings of the 25th International Symposium on Software Testing and Analysis}, publisher={ACM}, author={Kochhar, Pavneet Singh and Xia, Xin and Lo, David and Li, Shanping}, year={2016}, month=jul, collection={ISSTA ’16} }


 @article{Wen2021, title={Historical Spectrum Based Fault Localization}, volume={47}, ISSN={2326-3881}, url={http://dx.doi.org/10.1109/TSE.2019.2948158}, DOI={10.1109/tse.2019.2948158}, number={11}, journal={IEEE Transactions on Software Engineering}, publisher={Institute of Electrical and Electronics Engineers (IEEE)}, author={Wen, Ming and Chen, Junjie and Tian, Yongqiang and Wu, Rongxin and Hao, Dan and Han, Shi and Cheung, Shing-Chi}, year={2021}, month=nov, pages={2348–2368} }


 @inproceedings{An2023, title={Fonte: Finding Bug Inducing Commits from Failures}, url={http://dx.doi.org/10.1109/ICSE48619.2023.00059}, DOI={10.1109/icse48619.2023.00059}, booktitle={2023 IEEE/ACM 45th International Conference on Software Engineering (ICSE)}, publisher={IEEE}, author={An, Gabin and Hong, Jingun and Kim, Naryeong and Yoo, Shin}, year={2023}, month=may }


 @inproceedings{Du2023, series={ESEC/FSE ’23}, title={Pre-training Code Representation with Semantic Flow Graph for Effective Bug Localization}, url={http://dx.doi.org/10.1145/3611643.3616338}, DOI={10.1145/3611643.3616338}, booktitle={Proceedings of the 31st ACM Joint European Software Engineering Conference and Symposium on the Foundations of Software Engineering}, publisher={ACM}, author={Du, Yali and Yu, Zhongxing}, year={2023}, month=nov, collection={ESEC/FSE ’23} }


 @inproceedings{Motwani2023, title={Better Automatic Program Repair by Using Bug Reports and Tests Together}, url={http://dx.doi.org/10.1109/ICSE48619.2023.00109}, DOI={10.1109/icse48619.2023.00109}, booktitle={2023 IEEE/ACM 45th International Conference on Software Engineering (ICSE)}, publisher={IEEE}, author={Motwani, Manish and Brun, Yuriy}, year={2023}, month=may }


 @inproceedings{Saha2013, title={Improving bug localization using structured information retrieval}, url={http://dx.doi.org/10.1109/ASE.2013.6693093}, DOI={10.1109/ase.2013.6693093}, booktitle={2013 28th IEEE/ACM International Conference on Automated Software Engineering (ASE)}, publisher={IEEE}, author={Saha, Ripon K. and Lease, Matthew and Khurshid, Sarfraz and Perry, Dewayne E.}, year={2013}, month=nov }
