@inproceedings{lo2024autoethnographic,
  title={An Autoethnographic Reflection of Prompting a Custom GPT Based on Oneself},
  author={Lo, Priscilla Y},
  booktitle={Extended Abstracts of the CHI Conference on Human Factors in Computing Systems},
  pages={1--9},
  year={2024}
}
@article{kocielnik2015personalized,
  title={Personalized stress management: enabling stress monitoring with lifelogexplorer},
  author={Kocielnik, Rafal and Sidorova, Natalia},
  journal={KI-K{\"u}nstliche Intelligenz},
  volume={29},
  pages={115--122},
  year={2015},
  publisher={Springer}
}
@article{battalio2021sense2stop,
  title={Sense2Stop: a micro-randomized trial using wearable sensors to optimize a just-in-time-adaptive stress management intervention for smoking relapse prevention},
  author={Battalio, Samuel L and Conroy, David E and Dempsey, Walter and Liao, Peng and Menictas, Marianne and Murphy, Susan and Nahum-Shani, Inbal and Qian, Tianchen and Kumar, Santosh and Spring, Bonnie},
  journal={Contemporary Clinical Trials},
  volume={109},
  pages={106534},
  year={2021},
  publisher={Elsevier}
}
@inproceedings{smyth2016providing,
  title={Is providing mobile interventions" just-in-time" helpful? An experimental proof of concept study of just-in-time intervention for stress management},
  author={Smyth, Joshua M and Heron, Kristin E},
  booktitle={2016 IEEE Wireless Health (WH)},
  pages={1--7},
  year={2016},
  organization={IEEE}
}
@book{sawyer2012duoethnography,
  title={Duoethnography: Dialogic Methods for Social, Health, and Educational Research},
  author={Sawyer, Richard D and Lund, Darren},
  volume={7},
  year={2012},
  publisher={Left Coast Press}
}
@article{yao2024survey,
  title={A survey on large language model (llm) security and privacy: The good, the bad, and the ugly},
  author={Yao, Yifan and Duan, Jinhao and Xu, Kaidi and Cai, Yuanfang and Sun, Zhibo and Zhang, Yue},
  journal={High-Confidence Computing},
  pages={100211},
  year={2024},
  publisher={Elsevier}
}
@article{ji2024mindguard,
  title={MindGuard: Towards Accessible and Sitgma-free Mental Health First Aid via Edge LLM},
  author={Ji, Sijie and Zheng, Xinzhe and Sun, Jiawei and Chen, Renqi and Gao, Wei and Srivastava, Mani},
  journal={arXiv preprint arXiv:2409.10064},
  year={2024}
}
@article{liu2024artificial,
  title={Artificial intelligence in mental health: Innovations brought by artificial intelligence techniques in stress detection and interventions of building resilience},
  author={Liu, Feng and Ju, Qianqian and Zheng, Qijian and Peng, Yujia},
  journal={Current Opinion in Behavioral Sciences},
  volume={60},
  pages={101452},
  year={2024},
  publisher={Elsevier}
}
@article{nie2024llm,
  title={LLM-based Conversational AI Therapist for Daily Functioning Screening and Psychotherapeutic Intervention via Everyday Smart Devices},
  author={Nie, Jingping and Shao, Hanya and Fan, Yuang and Shao, Qijia and You, Haoxuan and Preindl, Matthias and Jiang, Xiaofan},
  journal={arXiv preprint arXiv:2403.10779},
  year={2024}
}
@article{chiu2024computational,
  title={A computational framework for behavioral assessment of llm therapists},
  author={Chiu, Yu Ying and Sharma, Ashish and Lin, Inna Wanyin and Althoff, Tim},
  journal={arXiv preprint arXiv:2401.00820},
  year={2024}
}
@article{nepal2024mindscape,
  title={MindScape Study: Integrating LLM and Behavioral Sensing for Personalized AI-Driven Journaling Experiences},
  author={Nepal, Subigya and Pillai, Arvind and Campbell, William and Massachi, Talie and Heinz, Michael V and Kunwar, Ashmita and Choi, Eunsol Soul and Xu, Xuhai and Kuc, Joanna and Huckins, Jeremy F and others},
  journal={Proceedings of the ACM on interactive, mobile, wearable and ubiquitous technologies},
  volume={8},
  number={4},
  pages={1--44},
  year={2024},
  publisher={ACM New York, NY, USA}
}
@inproceedings{stepanovic2019designing,
  title={Designing visualizations for workplace stress management: results of a pilot study at a swiss municipality},
  author={Stepanovic, Stefan and Mozgovoy, Vadym and Mettler, Tobias},
  booktitle={International Conference on Electronic Government},
  pages={94--104},
  year={2019},
  organization={Springer}
}
@inproceedings{lee2020toward,
  title={Toward future-centric personal informatics: Expecting stressful events and preparing personalized interventions in stress management},
  author={Lee, Kwangyoung and Cho, Hyewon and Toshnazarov, Kobiljon and Narziev, Nematjon and Rhim, So Young and Han, Kyungsik and Noh, YoungTae and Hong, Hwajung},
  booktitle={Proceedings of the 2020 CHI Conference on Human Factors in Computing Systems},
  pages={1--13},
  year={2020}
}
@article{xue2019affectivewall,
  title={AffectiveWall: Designing collective stress-related physiological data visualization for reflection},
  author={Xue, Mengru and Liang, Rong-Hao and Yu, Bin and Funk, Mathias and Hu, Jun and Feijs, Loe},
  journal={IEEE Access},
  volume={7},
  pages={131289--131303},
  year={2019},
  publisher={IEEE}
}
@inproceedings{sanches2010mind,
  title={Mind the body! Designing a mobile stress management application encouraging personal reflection},
  author={Sanches, Pedro and H{\"o}{\"o}k, Kristina and Vaara, Elsa and Weymann, Claus and Bylund, Markus and Ferreira, Pedro and Peira, Nathalie and Sj{\"o}linder, Marie},
  booktitle={Proceedings of the 8th ACM conference on designing interactive systems},
  pages={47--56},
  year={2010}
}
@inproceedings{kocielnik2013smart,
  title={Smart technologies for long-term stress monitoring at work},
  author={Kocielnik, Rafal and Sidorova, Natalia and Maggi, Fabrizio Maria and Ouwerkerk, Martin and Westerink, Joyce HDM},
  booktitle={proceedings of the 26th IEEE international symposium on computer-based medical systems},
  pages={53--58},
  year={2013},
  organization={IEEE}
}
@article{kang2023k,
  title={K-emophone: A mobile and wearable dataset with in-situ emotion, stress, and attention labels},
  author={Kang, Soowon and Choi, Woohyeok and Park, Cheul Young and Cha, Narae and Kim, Auk and Khandoker, Ahsan Habib and Hadjileontiadis, Leontios and Kim, Heepyung and Jeong, Yong and Lee, Uichin},
  journal={Scientific data},
  volume={10},
  number={1},
  pages={351},
  year={2023},
  publisher={Nature Publishing Group UK London}
}
@inproceedings{wong-2019-stress-empatica,
  title={Activity recognition and stress detection via wristband},
  author={Wong, Johnny Chun Yiu and Wang, Jun and Fu, Eugene Yujun and Leong, Hong Va and Ngai, Grace},
  booktitle={Proceedings of the 17th International Conference on Advances in Mobile Computing \& Multimedia},
  pages={102--106},
  year={2019}
}
@article{mundnich2020tiles,
  title={TILES-2018, a longitudinal physiologic and behavioral data set of hospital workers},
  author={Mundnich, Karel and Booth, Brandon M and l’Hommedieu, Michelle and Feng, Tiantian and Girault, Benjamin and L’hommedieu, Justin and Wildman, Mackenzie and Skaaden, Sophia and Nadarajan, Amrutha and Villatte, Jennifer L and others},
  journal={Scientific Data},
  volume={7},
  number={1},
  pages={354},
  year={2020},
  publisher={Nature Publishing Group UK London}
}
@inproceedings{gjoreski2016continuous,
  title={Monitoring stress with a wrist device using context},
  author={Gjoreski, Martin and Lu{\v{s}}trek, Mitja and Gams, Matja{\v{z}} and Gjoreski, Hristijan},
  journal={Journal of biomedical informatics},
  volume={73},
  pages={159--170},
  year={2017},
  publisher={Elsevier}
}

@inproceedings{ollander-2016-stress-empatica,
  title={A comparison of wearable and stationary sensors for stress detection},
  author={Ollander, Simon and Godin, Christelle and Campagne, Aur{\'e}lie and Charbonnier, Sylvie},
  booktitle={2016 IEEE International Conference on Systems, Man, and Cybernetics (SMC)},
  pages={004362--004366},
  year={2016},
  organization={IEEE}
}
@inproceedings{dongre2024physiology,
  title={Physiology-Driven Empathic Large Language Models (EmLLMs) for Mental Health Support},
  author={Dongre, Poorvesh},
  booktitle={Extended Abstracts of the CHI Conference on Human Factors in Computing Systems},
  pages={1--5},
  year={2024}
}

@article{dongre2024integrating,
  title={Integrating Physiological Data with Large Language Models for Empathic Human-AI Interaction},
  author={Dongre, Poorvesh and Behravan, Majid and Gupta, Kunal and Billinghurst, Mark and Gra{\v{c}}anin, Denis},
  journal={arXiv preprint arXiv:2404.15351},
  year={2024}
}

@misc{CiteDrive2022_1,
    title        = {Empatica Embrace Plus},
    author       = {Empatica},
    year         = 2023,
    note         = {\url{https://www.empatica.com/embraceplus/} [Accessed: (Feb 18, 2024)]}
}

@inproceedings{mauriello2021sad,
  title={Sad: A stress annotated dataset for recognizing everyday stressors in sms-like conversational systems},
  author={Mauriello, Matthew Louis and Lincoln, Thierry and Hon, Grace and Simon, Dorien and Jurafsky, Dan and Paredes, Pablo},
  booktitle={Extended abstracts of the 2021 CHI conference on human factors in computing systems},
  pages={1--7},
  year={2021}
}
@inproceedings{tong2023just,
  title={Just Do Something: Comparing Self-proposed and Machine-recommended Stress Interventions among Online Workers with Home Sweet Office},
  author={Tong, Xin and Mauriello, Matthew Louis and Mora-Mendoza, Marco Antonio and Prabhu, Nina and Kim, Jane Paik and Paredes Castro, Pablo E},
  booktitle={Proceedings of the 2023 CHI Conference on Human Factors in Computing Systems},
  pages={1--20},
  year={2023}
}
@inproceedings{howe2022design,
  title={Design of digital workplace stress-reduction intervention systems: Effects of intervention type and timing},
  author={Howe, Esther and Suh, Jina and Bin Morshed, Mehrab and McDuff, Daniel and Rowan, Kael and Hernandez, Javier and Abdin, Marah Ihab and Ramos, Gonzalo and Tran, Tracy and Czerwinski, Mary P},
  booktitle={CHI Conference on Human Factors in Computing Systems},
  pages={1--16},
  year={2022}
}
@article{lai2023psy,
  title={Psy-llm: Scaling up global mental health psychological services with ai-based large language models},
  author={Lai, Tin and Shi, Yukun and Du, Zicong and Wu, Jiajie and Fu, Ken and Dou, Yichao and Wang, Ziqi},
  journal={arXiv preprint arXiv:2307.11991},
  year={2023}
}
@article{liu2023chatcounselor,
  title={Chatcounselor: A large language models for mental health support},
  author={Liu, June M and Li, Donghao and Cao, He and Ren, Tianhe and Liao, Zeyi and Wu, Jiamin},
  journal={arXiv preprint arXiv:2309.15461},
  year={2023}
}
@book{sapolsky2004zebras,
  title={Why zebras don't get ulcers: The acclaimed guide to stress, stress-related diseases, and coping},
  author={Sapolsky, Robert M},
  year={2004},
  publisher={Holt paperbacks}
}
@misc{garmin-watch, 
author={Garmin},
title={Stress tracking}, 
url={https://www.garmin.com/en-US/garmin-technology/health-science/stress-tracking/}, 
month = {Accessed:September},
year = {2022}
}
@misc{Kuzmowycz_2023, title={Introducing stress monitor: A new way to monitor and manage stress}, url={https://www.whoop.com/thelocker/introducing-stress-monitor-a-new-way-to-monitor-manage-stress/}, journal={WHOOP}, author={Kuzmowycz, Tatiana}, year={2023}, month={Mar}} 
@misc{Staff_2022, title={Learn more about Fitbit’s new body response feature on sense 2}, url={https://blog.fitbit.com/fitbit-new-stress-detection/}, journal={Fitbit Blog}, author={Staff, Fitbit}, year={2022}, month={Aug}} 
@article{leonard2015multi,
  title={A multi-method exploratory study of stress, coping, and substance use among high school youth in private schools},
  author={Leonard, Noelle R and Gwadz, Marya V and Ritchie, Amanda and Linick, Jessica L and Cleland, Charles M and Elliott, Luther and Grethel, Michele},
  journal={Frontiers in psychology},
  pages={1028},
  year={2015},
  publisher={Frontiers}
}
@article{guilliams2010chronic,
  title={Chronic stress and the HPA axis},
  author={Guilliams, Thomas G and Edwards, Lena},
  journal={The standard},
  volume={9},
  number={2},
  pages={1--12},
  year={2010}
}
@article{dai2020chronic,
  title={Chronic stress promotes cancer development},
  author={Dai, Shirui and Mo, Yongzhen and Wang, Yumin and Xiang, Bo and Liao, Qianjin and Zhou, Ming and Li, Xiaoling and Li, Yong and Xiong, Wei and Li, Guiyuan and others},
  journal={Frontiers in oncology},
  volume={10},
  pages={1492},
  year={2020},
  publisher={Frontiers Media SA}
}
@article{chrousos2009stress,
  title={Stress and disorders of the stress system},
  author={Chrousos, George P},
  journal={Nature reviews endocrinology},
  volume={5},
  number={7},
  pages={374--381},
  year={2009},
  publisher={Nature Publishing Group UK London}
}
@inproceedings{neupane2024momentary,
  title={Momentary Stressor Logging and Reflective Visualizations: Implications for Stress Management with Wearables},
  author={Neupane, Sameer and Saha, Mithun and Ali, Nasir and Hnat, Timothy and Samiei, Shahin Alan and Nandugudi, Anandatirtha and Almeida, David M and Kumar, Santosh},
  booktitle={Proceedings of the CHI Conference on Human Factors in Computing Systems},
  pages={1--19},
  year={2024}
}

@article{white2023prompt,
  title={A prompt pattern catalog to enhance prompt engineering with chatgpt},
  author={White, Jules and Fu, Quchen and Hays, Sam and Sandborn, Michael and Olea, Carlos and Gilbert, Henry and Elnashar, Ashraf and Spencer-Smith, Jesse and Schmidt, Douglas C},
  journal={arXiv preprint arXiv:2302.11382},
  year={2023}
}

@article{cifor2020gendered,
  title={Gendered by design: A duoethnographic study of personal fitness tracking systems},
  author={Cifor, Marika and Garcia, Patricia},
  journal={ACM Transactions on Social Computing},
  volume={2},
  number={4},
  pages={1--22},
  year={2020},
  publisher={ACM New York, NY, USA}
}

@article{yuan2024improving,
  title={Improving Workplace Well-being in Modern Organizations: A Review of Large Language Model-based Mental Health Chatbots},
  author={Yuan, Aijia and Garcia Colato, Edlin and Pescosolido, Bernice and Song, Hyunju and Samtani, Sagar},
  journal={ACM Transactions on Management Information Systems},
  year={2024},
  publisher={ACM New York, NY}
}
@misc{CuesHub_CuesHub, title={https://www.cueshub.com/}}
@online{CuesHub,
  title = {CuesHub, PBC.},

  year = {2024}, 
  url = {https://www.cueshub.com/}
}
@inproceedings{cecchinato2017always,
  title={Always on (line)? User experience of smartwatches and their role within multi-device ecologies},
  author={Cecchinato, Marta E and Cox, Anna L and Bird, Jon},
  booktitle={Proceedings of the 2017 CHI Conference on Human Factors in Computing Systems},
  pages={3557--3568},
  year={2017}
}

@inproceedings{verne2020adapting,
  title={Adapting to a robot: Adapting gardening and the garden to fit a robot lawn mower},
  author={Verne, Guri B},
  booktitle={Companion of the 2020 ACM/IEEE International Conference on Human-Robot Interaction},
  pages={34--42},
  year={2020}
}

@inproceedings{o2014gaining,
  title={Gaining empathy for non-routine mobile device use through autoethnography},
  author={O'Kane, Aisling Ann and Rogers, Yvonne and Blandford, Ann E},
  booktitle={Proceedings of the SIGCHI Conference on Human factors in Computing Systems},
  pages={987--990},
  year={2014}
}
@inproceedings{vakeva2024disorientation,
  title={From Disorientation to Harmony: Autoethnographic Insights into Transformative Videogame Experiences},
  author={V{\"a}kev{\"a}, Jaakko and Mekler, Elisa D and Lindqvist, Janne},
  booktitle={Proceedings of the CHI Conference on Human Factors in Computing Systems},
  pages={1--20},
  year={2024}
}
@book{creswell2016qualitative,
  title={Qualitative inquiry and research design: Choosing among five approaches},
  author={Creswell, John W and Poth, Cheryl N},
  year={2016},
  publisher={Sage publications}
}

@incollection{jones2016introduction,
  title={Introduction: Putting meanings into motion autoethnography's existential calling},
  author={Jones, Stacy Holman and Adams, Tony E and Ellis, Carolyn},
  booktitle={Handbook of autoethnography},
  pages={50--202},
  year={2016},
  publisher={Routledge}
}

@article{ellis2011autoethnography,
  title={Autoethnography: an overview},
  author={Ellis, Carolyn and Adams, Tony E and Bochner, Arthur P},
  journal={Historical social research/Historische sozialforschung},
  pages={273--290},
  year={2011},
  publisher={JSTOR}
}

@book{Picard1997,
  author    = {Rosalind W. Picard},
  title     = {Affective Computing},
  year      = {1997},
  publisher = {MIT Press},
  address   = {Cambridge, MA},
  isbn      = {978-0-262-16170-1},
  url       = {https://mitpress.mit.edu/9780262661157/affective-computing/},
  note      = {Accessed: 2024-11-30}
}

@inproceedings{haag2004emotion,
  title={Emotion recognition using bio-sensors: First steps towards an automatic system},
  author={Haag, Andreas and Goronzy, Silke and Schaich, Peter and Williams, Jason},
  booktitle={Tutorial and research workshop on affective dialogue systems},
  pages={36--48},
  year={2004},
  organization={Springer}
}

@inproceedings{hovsepian2015cstress,
  title={cStress: towards a gold standard for continuous stress assessment in the mobile environment},
  author={Hovsepian, Karen and Al'Absi, Mustafa and Ertin, Emre and Kamarck, Thomas and Nakajima, Motohiro and Kumar, Santosh},
  booktitle={Proceedings of the 2015 ACM international joint conference on pervasive and ubiquitous computing},
  pages={493--504},
  year={2015}
}

@inproceedings{schmidt2018introducing,
  title={Introducing wesad, a multimodal dataset for wearable stress and affect detection},
  author={Schmidt, Philip and Reiss, Attila and Duerichen, Robert and Marberger, Claus and Van Laerhoven, Kristof},
  booktitle={Proceedings of the 20th ACM international conference on multimodal interaction},
  pages={400--408},
  year={2018}
}

@article{weizenbaum1966eliza,
  title={ELIZA—a computer program for the study of natural language communication between man and machine},
  author={Weizenbaum, Joseph},
  journal={Communications of the ACM},
  volume={9},
  number={1},
  pages={36--45},
  year={1966},
  publisher={ACM New York, NY, USA}
}

@article{lupton2020wearable,
  title={Wearable devices: Sociotechnical imaginaries and agential capacities}, 
  author={Lupton, Deborah}, 
  journal={Preprint of chapter for publication in Embodied Technology: Wearables, Implantables, Embeddables, Ingestibles}, 
  year={2020}
}

@article{schwenke2023potentials,
  title={Potentials and challenges of chatbot-supported thesis writing: An autoethnography},
  author={Schwenke, Nicolas and S{\"o}bke, Heinrich and Kraft, Eckhard},
  journal={Trends in Higher Education},
  volume={2},
  number={4},
  pages={611--635},
  year={2023},
  publisher={MDPI}
}

@inproceedings{ghajargar2022redhead,
  title={A redhead walks into a bar: experiences of writing fiction with artificial intelligence},
  author={Ghajargar, Maliheh and Bardzell, Jeffrey and Lagerkvist, Love},
  booktitle={Proceedings of the 25th international academic MindTrek conference},
  pages={230--241},
  year={2022}
}

@article{olasik2023good,
  title={“Good morning, ChatGPT, can we become friends?”: an interdisciplinary scholar’s experience of ‘getting acquainted’with the OpenAI’s Chat GPT: an auto ethnographical report},
  author={Olasik, Marta},
  year={2023},
  journal={European Research Studies Journal},
  publisher={University of Piraeus. International Strategic Management Association}
}