@misc{CiteDrive2022_1,
    title        = {Empatica Embrace Plus},
    author       = {Empatica},
    year         = 2023,
    note         = {\url{https://www.empatica.com/embraceplus/} [Accessed: (Feb 18, 2024)]}
}

@misc{Kuzmowycz_2023, title={Introducing stress monitor: A new way to monitor and manage stress}, url={https://www.whoop.com/thelocker/introducing-stress-monitor-a-new-way-to-monitor-manage-stress/}, journal={WHOOP}, author={Kuzmowycz, Tatiana}, year={2023}, month={Mar}}

@misc{Staff_2022, title={Learn more about Fitbit’s new body response feature on sense 2}, url={https://blog.fitbit.com/fitbit-new-stress-detection/}, journal={Fitbit Blog}, author={Staff, Fitbit}, year={2022}, month={Aug}}

@article{battalio2021sense2stop,
  title={Sense2Stop: a micro-randomized trial using wearable sensors to optimize a just-in-time-adaptive stress management intervention for smoking relapse prevention},
  author={Battalio, Samuel L and Conroy, David E and Dempsey, Walter and Liao, Peng and Menictas, Marianne and Murphy, Susan and Nahum-Shani, Inbal and Qian, Tianchen and Kumar, Santosh and Spring, Bonnie},
  journal={Contemporary Clinical Trials},
  volume={109},
  pages={106534},
  year={2021},
  publisher={Elsevier}
}

@article{chiu2024computational,
  title={A computational framework for behavioral assessment of llm therapists},
  author={Chiu, Yu Ying and Sharma, Ashish and Lin, Inna Wanyin and Althoff, Tim},
  journal={arXiv preprint arXiv:2401.00820},
  year={2024}
}

@article{dongre2024integrating,
  title={Integrating Physiological Data with Large Language Models for Empathic Human-AI Interaction},
  author={Dongre, Poorvesh and Behravan, Majid and Gupta, Kunal and Billinghurst, Mark and Gra{\v{c}}anin, Denis},
  journal={arXiv preprint arXiv:2404.15351},
  year={2024}
}

@inproceedings{dongre2024physiology,
  title={Physiology-Driven Empathic Large Language Models (EmLLMs) for Mental Health Support},
  author={Dongre, Poorvesh},
  booktitle={Extended Abstracts of the CHI Conference on Human Factors in Computing Systems},
  pages={1--5},
  year={2024}
}

@misc{garmin-watch, 
author={Garmin},
title={Stress tracking}, 
url={https://www.garmin.com/en-US/garmin-technology/health-science/stress-tracking/}, 
month = {Accessed:September},
year = {2022}
}

@inproceedings{gjoreski2016continuous,
  title={Monitoring stress with a wrist device using context},
  author={Gjoreski, Martin and Lu{\v{s}}trek, Mitja and Gams, Matja{\v{z}} and Gjoreski, Hristijan},
  journal={Journal of biomedical informatics},
  volume={73},
  pages={159--170},
  year={2017},
  publisher={Elsevier}
}

@inproceedings{howe2022design,
  title={Design of digital workplace stress-reduction intervention systems: Effects of intervention type and timing},
  author={Howe, Esther and Suh, Jina and Bin Morshed, Mehrab and McDuff, Daniel and Rowan, Kael and Hernandez, Javier and Abdin, Marah Ihab and Ramos, Gonzalo and Tran, Tracy and Czerwinski, Mary P},
  booktitle={CHI Conference on Human Factors in Computing Systems},
  pages={1--16},
  year={2022}
}

@article{ji2024mindguard,
  title={MindGuard: Towards Accessible and Sitgma-free Mental Health First Aid via Edge LLM},
  author={Ji, Sijie and Zheng, Xinzhe and Sun, Jiawei and Chen, Renqi and Gao, Wei and Srivastava, Mani},
  journal={arXiv preprint arXiv:2409.10064},
  year={2024}
}

@inproceedings{kocielnik2013smart,
  title={Smart technologies for long-term stress monitoring at work},
  author={Kocielnik, Rafal and Sidorova, Natalia and Maggi, Fabrizio Maria and Ouwerkerk, Martin and Westerink, Joyce HDM},
  booktitle={proceedings of the 26th IEEE international symposium on computer-based medical systems},
  pages={53--58},
  year={2013},
  organization={IEEE}
}

@article{kocielnik2015personalized,
  title={Personalized stress management: enabling stress monitoring with lifelogexplorer},
  author={Kocielnik, Rafal and Sidorova, Natalia},
  journal={KI-K{\"u}nstliche Intelligenz},
  volume={29},
  pages={115--122},
  year={2015},
  publisher={Springer}
}

@article{lai2023psy,
  title={Psy-llm: Scaling up global mental health psychological services with ai-based large language models},
  author={Lai, Tin and Shi, Yukun and Du, Zicong and Wu, Jiajie and Fu, Ken and Dou, Yichao and Wang, Ziqi},
  journal={arXiv preprint arXiv:2307.11991},
  year={2023}
}

@article{liu2023chatcounselor,
  title={Chatcounselor: A large language models for mental health support},
  author={Liu, June M and Li, Donghao and Cao, He and Ren, Tianhe and Liao, Zeyi and Wu, Jiamin},
  journal={arXiv preprint arXiv:2309.15461},
  year={2023}
}

@article{nepal2024mindscape,
  title={MindScape Study: Integrating LLM and Behavioral Sensing for Personalized AI-Driven Journaling Experiences},
  author={Nepal, Subigya and Pillai, Arvind and Campbell, William and Massachi, Talie and Heinz, Michael V and Kunwar, Ashmita and Choi, Eunsol Soul and Xu, Xuhai and Kuc, Joanna and Huckins, Jeremy F and others},
  journal={Proceedings of the ACM on interactive, mobile, wearable and ubiquitous technologies},
  volume={8},
  number={4},
  pages={1--44},
  year={2024},
  publisher={ACM New York, NY, USA}
}

@inproceedings{neupane2024momentary,
  title={Momentary Stressor Logging and Reflective Visualizations: Implications for Stress Management with Wearables},
  author={Neupane, Sameer and Saha, Mithun and Ali, Nasir and Hnat, Timothy and Samiei, Shahin Alan and Nandugudi, Anandatirtha and Almeida, David M and Kumar, Santosh},
  booktitle={Proceedings of the CHI Conference on Human Factors in Computing Systems},
  pages={1--19},
  year={2024}
}

@article{nie2024llm,
  title={LLM-based Conversational AI Therapist for Daily Functioning Screening and Psychotherapeutic Intervention via Everyday Smart Devices},
  author={Nie, Jingping and Shao, Hanya and Fan, Yuang and Shao, Qijia and You, Haoxuan and Preindl, Matthias and Jiang, Xiaofan},
  journal={arXiv preprint arXiv:2403.10779},
  year={2024}
}

@inproceedings{ollander-2016-stress-empatica,
  title={A comparison of wearable and stationary sensors for stress detection},
  author={Ollander, Simon and Godin, Christelle and Campagne, Aur{\'e}lie and Charbonnier, Sylvie},
  booktitle={2016 IEEE International Conference on Systems, Man, and Cybernetics (SMC)},
  pages={004362--004366},
  year={2016},
  organization={IEEE}
}

@inproceedings{sanches2010mind,
  title={Mind the body! Designing a mobile stress management application encouraging personal reflection},
  author={Sanches, Pedro and H{\"o}{\"o}k, Kristina and Vaara, Elsa and Weymann, Claus and Bylund, Markus and Ferreira, Pedro and Peira, Nathalie and Sj{\"o}linder, Marie},
  booktitle={Proceedings of the 8th ACM conference on designing interactive systems},
  pages={47--56},
  year={2010}
}

@inproceedings{stepanovic2019designing,
  title={Designing visualizations for workplace stress management: results of a pilot study at a swiss municipality},
  author={Stepanovic, Stefan and Mozgovoy, Vadym and Mettler, Tobias},
  booktitle={International Conference on Electronic Government},
  pages={94--104},
  year={2019},
  organization={Springer}
}

@article{weizenbaum1966eliza,
  title={ELIZA—a computer program for the study of natural language communication between man and machine},
  author={Weizenbaum, Joseph},
  journal={Communications of the ACM},
  volume={9},
  number={1},
  pages={36--45},
  year={1966},
  publisher={ACM New York, NY, USA}
}

@inproceedings{wong-2019-stress-empatica,
  title={Activity recognition and stress detection via wristband},
  author={Wong, Johnny Chun Yiu and Wang, Jun and Fu, Eugene Yujun and Leong, Hong Va and Ngai, Grace},
  booktitle={Proceedings of the 17th International Conference on Advances in Mobile Computing \& Multimedia},
  pages={102--106},
  year={2019}
}

@article{xue2019affectivewall,
  title={AffectiveWall: Designing collective stress-related physiological data visualization for reflection},
  author={Xue, Mengru and Liang, Rong-Hao and Yu, Bin and Funk, Mathias and Hu, Jun and Feijs, Loe},
  journal={IEEE Access},
  volume={7},
  pages={131289--131303},
  year={2019},
  publisher={IEEE}
}

