@article{best-of-n,
  author       = {Nisan Stiennon and
                  Long Ouyang and
                  Jeff Wu and
                  Daniel M. Ziegler and
                  Ryan Lowe and
                  Chelsea Voss and
                  Alec Radford and
                  Dario Amodei and
                  Paul F. Christiano},
  title        = {Learning to summarize from human feedback},
  journal      = {CoRR},
  volume       = {abs/2009.01325},
  year         = {2020},
  url          = {https://arxiv.org/abs/2009.01325},
  eprinttype    = {arXiv},
  eprint       = {2009.01325},
  timestamp    = {Thu, 01 Apr 2021 19:06:51 +0200},
  biburl       = {https://dblp.org/rec/journals/corr/abs-2009-01325.bib},
  bibsource    = {dblp computer science bibliography, https://dblp.org}
}

@misc{wang2023selfconsistencyimproveschainthought,
      title={Self-Consistency Improves Chain of Thought Reasoning in Language Models}, 
      author={Xuezhi Wang and Jason Wei and Dale Schuurmans and Quoc Le and Ed Chi and Sharan Narang and Aakanksha Chowdhery and Denny Zhou},
      year={2023},
      eprint={2203.11171},
      archivePrefix={arXiv},
      primaryClass={cs.CL},
      url={https://arxiv.org/abs/2203.11171}, 
}

@inproceedings{olausson2024self,
  title={Is Self-Repair a Silver Bullet for Code Generation?},
  author={Olausson, Theo X. and Inala, Jeevana Priya and Wang, Chenglong and Gao, Jianfeng and Solar-Lezama, Armando},
  booktitle={International Conference on Learning Representations},
  year={2024}
}

@article{
  codecontests,
  author = {Yujia Li  and David Choi  and Junyoung Chung  and Nate Kushman  and Julian Schrittwieser  and R{\'e}mi Leblond  and Tom Eccles  and James Keeling  and Felix Gimeno  and Agustin Dal Lago  and Thomas Hubert  and Peter Choy  and Cyprien de Masson d’Autume  and Igor Babuschkin  and Xinyun Chen  and Po-Sen Huang  and Johannes Welbl  and Sven Gowal  and Alexey Cherepanov  and James Molloy  and Daniel J. Mankowitz  and Esme Sutherland Robson  and Pushmeet Kohli  and Nando de Freitas  and Koray Kavukcuoglu  and Oriol Vinyals },
  title = {Competition-level code generation with AlphaCode},
  journal = {Science},
  volume = {378},
  number = {6624},
  pages = {1092-1097},
  year = {2022},
  doi = {10.1126/science.abq1158},
  URL = {https://www.science.org/doi/abs/10.1126/science.abq1158},
  eprint = {https://www.science.org/doi/pdf/10.1126/science.abq1158},
}
 
@article{jain2024livecodebench,
    title={LiveCodeBench: Holistic and Contamination Free Evaluation of Large Language Models for Code},
    author={Jain, Naman and Han, King and Gu, Alex and Li, Wen-Ding and Yan, Fanjia and Zhang, Tianjun and Wang, Sida and Solar-Lezama, Armando and Sen, Koushik and Stoica, Ion},
    journal={arXiv preprint arXiv:2403.07974},
    year={2024}
}

@inproceedings{hendrycks2021measuring,
  title={Measuring Coding Challenge Competence With APPS},
  author={Hendrycks, Dan and Basart, Steven and Kadavath, Saurav and Mazeika, Mantas and Arora, Akul and Guo, Ethan and Burns, Collin and Puranik, Samir and He, Horace and Song, Dawn and Steinhardt, Jacob},
  booktitle={Advances in Neural Information Processing Systems},
  year={2021}
}

@article{10.1145/3697010,
author = {Ouyang, Shuyin and Zhang, Jie M. and Harman, Mark and Wang, Meng},
title = {An Empirical Study of the Non-determinism of ChatGPT in Code Generation},
year = {2024},
publisher = {Association for Computing Machinery},
address = {New York, NY, USA},
issn = {1049-331X},
url = {https://doi.org/10.1145/3697010},
doi = {10.1145/3697010},
journal = {ACM Trans. Softw. Eng. Methodol.},
month = sep
}

@article{wu2024benchmarking,
  title={Benchmarking the Communication Competence of Code Generation for LLMs and LLM Agent},
  author={Wu, Jie JW and Fard, Fatemeh H},
  journal={arXiv preprint arXiv:2406.00215},
  year={2024}
}

@misc{temperature,
      title={The Effect of Sampling Temperature on Problem Solving in Large Language Models}, 
      author={Matthew Renze and Erhan Guven},
      year={2024},
      eprint={2402.05201},
      archivePrefix={arXiv},
      primaryClass={cs.CL},
      url={https://arxiv.org/abs/2402.05201}, 
}

@article{devlin2017semcode,
  author       = {Jacob Devlin and
                  Jonathan Uesato and
                  Rishabh Singh and
                  Pushmeet Kohli},
  title        = {Semantic Code Repair using Neuro-Symbolic Transformation Networks},
  journal      = {CoRR},
  volume       = {abs/1710.11054},
  year         = {2017},
  url          = {http://arxiv.org/abs/1710.11054},
  eprinttype    = {arXiv},
  eprint       = {1710.11054},
  timestamp    = {Mon, 13 Aug 2018 16:46:48 +0200},
  biburl       = {https://dblp.org/rec/journals/corr/abs-1710-11054.bib}
}

@article{bhatia2016synfix,
  author       = {Sahil Bhatia and
                  Rishabh Singh},
  title        = {Automated Correction for Syntax Errors in Programming Assignments using Recurrent Neural Networks},
  journal      = {CoRR},
  volume       = {abs/1603.06129},
  year         = {2016},
  url          = {http://arxiv.org/abs/1603.06129},
  eprinttype    = {arXiv},
  eprint       = {1603.06129},
  timestamp    = {Mon, 13 Aug 2018 16:46:25 +0200},
  biburl       = {https://dblp.org/rec/journals/corr/BhatiaS16.bib},
}

@article{chen2019sequencer,
  author       = {Zimin Chen and
                  Steve Kommrusch and
                  Michele Tufano and
                  Louis{-}No{\"{e}}l Pouchet and
                  Denys Poshyvanyk and
                  Martin Monperrus},
  title        = {SequenceR: Sequence-to-Sequence Learning for End-to-End Program Repair},
  journal      = {CoRR},
  volume       = {abs/1901.01808},
  year         = {2019},
  url          = {http://arxiv.org/abs/1901.01808},
  eprinttype    = {arXiv},
  eprint       = {1901.01808},
  timestamp    = {Thu, 31 Jan 2019 13:52:49 +0100},
  biburl       = {https://dblp.org/rec/journals/corr/abs-1901-01808.bib},
  bibsource    = {dblp computer science bibliography, https://dblp.org}
}

@inproceedings{feng-etal-2020-codebert,
    title = "{C}ode{BERT}: A Pre-Trained Model for Programming and Natural Languages",
    author = "Feng, Zhangyin  and
      Guo, Daya  and
      Tang, Duyu  and
      Duan, Nan  and
      Feng, Xiaocheng  and
      Gong, Ming  and
      Shou, Linjun  and
      Qin, Bing  and
      Liu, Ting  and
      Jiang, Daxin  and
      Zhou, Ming",
    editor = "Cohn, Trevor  and
      He, Yulan  and
      Liu, Yang",
    booktitle = "Findings of the Association for Computational Linguistics: EMNLP 2020",
    month = nov,
    year = "2020",
    address = "Online",
    publisher = "Association for Computational Linguistics",
    url = "https://aclanthology.org/2020.findings-emnlp.139",
    doi = "10.18653/v1/2020.findings-emnlp.139",
    pages = "1536--1547",
}

@InProceedings{berabi2021tfix,
  title = 	 {TFix: Learning to Fix Coding Errors with a Text-to-Text Transformer},
  author =       {Berabi, Berkay and He, Jingxuan and Raychev, Veselin and Vechev, Martin},
  booktitle = 	 {Proceedings of the 38th International Conference on Machine Learning},
  pages = 	 {780--791},
  year = 	 {2021},
  editor = 	 {Meila, Marina and Zhang, Tong},
  volume = 	 {139},
  series = 	 {Proceedings of Machine Learning Research},
  month = 	 {18--24 Jul},
  publisher =    {PMLR},
  pdf = 	 {http://proceedings.mlr.press/v139/berabi21a/berabi21a.pdf},
  url = 	 {https://proceedings.mlr.press/v139/berabi21a.html},
}

@article{codit,
   title={CODIT: Code Editing With Tree-Based Neural Models},
   volume={48},
   ISSN={2326-3881},
   url={http://dx.doi.org/10.1109/TSE.2020.3020502},
   DOI={10.1109/tse.2020.3020502},
   number={4},
   journal={IEEE Transactions on Software Engineering},
   publisher={Institute of Electrical and Electronics Engineers (IEEE)},
   author={Chakraborty, Saikat and Ding, Yangruibo and Allamanis, Miltiadis and Ray, Baishakhi},
   year={2022},
   month=apr, pages={1385–1399} 
}

@inproceedings{circle,
author = {Yuan, Wei and Zhang, Quanjun and He, Tieke and Fang, Chunrong and Hung, Nguyen Quoc Viet and Hao, Xiaodong and Yin, Hongzhi},
title = {CIRCLE: continual repair across programming languages},
year = {2022},
isbn = {9781450393799},
publisher = {Association for Computing Machinery},
address = {New York, NY, USA},
url = {https://doi.org/10.1145/3533767.3534219},
doi = {10.1145/3533767.3534219},
booktitle = {Proceedings of the 31st ACM SIGSOFT International Symposium on Software Testing and Analysis},
pages = {678–690},
numpages = {13},
keywords = {AI and Software Engineering, Automatic Program Repair, Lifelong Learning, Neural Machine Translation},
location = {Virtual, South Korea},
series = {ISSTA 2022}
}

@misc{hu2022nsedit,
      title={Fix Bugs with Transformer through a Neural-Symbolic Edit Grammar}, 
      author={Yaojie Hu and Xingjian Shi and Qiang Zhou and Lee Pike},
      year={2022},
      eprint={2204.06643},
      archivePrefix={arXiv},
      primaryClass={cs.LG},
      url={https://arxiv.org/abs/2204.06643}, 
}

@inproceedings{cure,
   title={CURE: Code-Aware Neural Machine Translation for Automatic Program Repair},
   url={http://dx.doi.org/10.1109/ICSE43902.2021.00107},
   DOI={10.1109/icse43902.2021.00107},
   booktitle={2021 IEEE/ACM 43rd International Conference on Software Engineering (ICSE)},
   publisher={IEEE},
   author={Jiang, Nan and Lutellier, Thibaud and Tan, Lin},
   year={2021},
   month=may 
}

@inproceedings{xia2022alpharepair,
author = {Xia, Chunqiu Steven and Zhang, Lingming},
title = {Less training, more repairing please: revisiting automated program repair via zero-shot learning},
year = {2022},
isbn = {9781450394130},
publisher = {Association for Computing Machinery},
address = {New York, NY, USA},
url = {https://doi.org/10.1145/3540250.3549101},
doi = {10.1145/3540250.3549101},
booktitle = {Proceedings of the 30th ACM Joint European Software Engineering Conference and Symposium on the Foundations of Software Engineering},
pages = {959–971},
numpages = {13},
keywords = {Automated Program Repair, Deep Learning, Zero-shot Learning},
location = {Singapore, Singapore},
series = {ESEC/FSE 2022}
}

@inproceedings{dinella2020hoppity,
title={Hoppity: Learning graph transformations to ddetect and fix bugs in programs},
author={Elizabeth Dinella and Hanjun Dai and Ziyang Li and Mayur Naik and Le Song and Ke Wang},
booktitle={International Conference on Learning Representations},
year={2020},
url={https://openreview.net/forum?id=SJeqs6EFvB}
}

@InProceedings{yasunaga2021pmlr,
  title = {Break-It-Fix-It: Unsupervised Learning for Program Repair},
  author = {Yasunaga, Michihiro and Liang, Percy},
  booktitle = {Proceedings of the 38th International Conference on Machine Learning},
  pages = {11941--11952},
  year = {2021},
  editor = {Meila, Marina and Zhang, Tong},
  volume = {139},
  series = {Proceedings of Machine Learning Research},
  month = {18--24 Jul},
  publisher = {PMLR},
  pdf = {http://proceedings.mlr.press/v139/yasunaga21a/yasunaga21a.pdf},
  url = {https://proceedings.mlr.press/v139/yasunaga21a.html},
}

@inproceedings{chen2021evaluating,
  title={Evaluating Large Language Models Trained on Code},
  author={Chen, Mark and Tworek, Jerry and Jun, Heewoo and Yuan, Qiming and Pinto, Henrique Ponde de Oliveira and Kaplan, Jared and Edwards, Harri and Burda, Yuri and Joseph, Nicholas and Brockman, Greg and others},
  booktitle={arXiv preprint arXiv:2107.03374},
  year={2021}
}

@inproceedings{nijkamp2023codegen,
  title={CodeGen: An Open Large Language Model for Code with Multi-Turn Program Synthesis},
  author={Nijkamp, Erik and Pang, Bo and Hayashi, Hiroaki and Tu, Lifu and Wang, Huan and Zhou, Yingbo and Savarese, Silvio and Xiong, Caiming},
  booktitle={International Conference on Learning Representations},
  year={2023}
}

@article{chowdhery2024palmcoder,
author = {Chowdhery, Aakanksha and Narang, Sharan and Devlin, Jacob and Bosma, Maarten and Mishra, Gaurav and Roberts, Adam and Barham, Paul and Chung, Hyung Won and Sutton, Charles and Gehrmann, Sebastian and Schuh, Parker and Shi, Kensen and Tsvyashchenko, Sashank and Maynez, Joshua and Rao, Abhishek and Barnes, Parker and Tay, Yi and Shazeer, Noam and Prabhakaran, Vinodkumar and Reif, Emily and Du, Nan and Hutchinson, Ben and Pope, Reiner and Bradbury, James and Austin, Jacob and Isard, Michael and Gur-Ari, Guy and Yin, Pengcheng and Duke, Toju and Levskaya, Anselm and Ghemawat, Sanjay and Dev, Sunipa and Michalewski, Henryk and Garcia, Xavier and Misra, Vedant and Robinson, Kevin and Fedus, Liam and Zhou, Denny and Ippolito, Daphne and Luan, David and Lim, Hyeontaek and Zoph, Barret and Spiridonov, Alexander and Sepassi, Ryan and Dohan, David and Agrawal, Shivani and Omernick, Mark and Dai, Andrew M. and Pillai, Thanumalayan Sankaranarayana and Pellat, Marie and Lewkowycz, Aitor and Moreira, Erica and Child, Rewon and Polozov, Oleksandr and Lee, Katherine and Zhou, Zongwei and Wang, Xuezhi and Saeta, Brennan and Diaz, Mark and Firat, Orhan and Catasta, Michele and Wei, Jason and Meier-Hellstern, Kathy and Eck, Douglas and Dean, Jeff and Petrov, Slav and Fiedel, Noah},
title = {PaLM: scaling language modeling with pathways},
year = {2024},
issue_date = {January 2023},
publisher = {JMLR},
volume = {24},
number = {1},
issn = {1532-4435},
journal = {J. Mach. Learn. Res.},
month = mar,
articleno = {240},
numpages = {113},
keywords = {large language models, few-shot learning, natural language processing, scalable deep learning}
}

@article{li2022alphacode,
   title={Competition-level code generation with AlphaCode},
   volume={378},
   ISSN={1095-9203},
   url={http://dx.doi.org/10.1126/science.abq1158},
   number={6624},
   journal={Science},
   publisher={American Association for the Advancement of Science (AAAS)},
   author={Li, Yujia and Choi, David and Chung, Junyoung and Kushman, Nate and Schrittwieser, Julian and Leblond, Rémi and Eccles, Tom and Keeling, James and Gimeno, Felix and Dal Lago, Agustin and Hubert, Thomas and Choy, Peter and de Masson d’Autume, Cyprien and Babuschkin, Igor and Chen, Xinyun and Huang, Po-Sen and Welbl, Johannes and Gowal, Sven and Cherepanov, Alexey and Molloy, James and Mankowitz, Daniel J. and Sutherland Robson, Esme and Kohli, Pushmeet and de Freitas, Nando and Kavukcuoglu, Koray and Vinyals, Oriol},
   year={2022},
   month=dec, pages={1092–1097} 
}

@inproceedings{fried2023incoder,
  title={InCoder: A generative model for code infilling and synthesis},
  author={Fried, Daniel and Aghajanyan, Armen and Lin, Jessy and Wang, Sida and Wallace, Eric and Shi, Freda and Zhong, Ruiqi and Yih, Wen-tau and Zettlemoyer, Luke and Lewis, Mike},
  booktitle={International Conference on Learning Representations},
  year={2023}
}

@misc{li2023starcoder,
      title={StarCoder: may the source be with you!}, 
      author={Raymond Li and Loubna Ben Allal and Yangtian Zi and Niklas Muennighoff and Denis Kocetkov and Chenghao Mou and Marc Marone and Christopher Akiki and Jia Li and Jenny Chim and Qian Liu and Evgenii Zheltonozhskii and Terry Yue Zhuo and Thomas Wang and Olivier Dehaene and Mishig Davaadorj and Joel Lamy-Poirier and João Monteiro and Oleh Shliazhko and Nicolas Gontier and Nicholas Meade and Armel Zebaze and Ming-Ho Yee and Logesh Kumar Umapathi and Jian Zhu and Benjamin Lipkin and Muhtasham Oblokulov and Zhiruo Wang and Rudra Murthy and Jason Stillerman and Siva Sankalp Patel and Dmitry Abulkhanov and Marco Zocca and Manan Dey and Zhihan Zhang and Nour Fahmy and Urvashi Bhattacharyya and Wenhao Yu and Swayam Singh and Sasha Luccioni and Paulo Villegas and Maxim Kunakov and Fedor Zhdanov and Manuel Romero and Tony Lee and Nadav Timor and Jennifer Ding and Claire Schlesinger and Hailey Schoelkopf and Jan Ebert and Tri Dao and Mayank Mishra and Alex Gu and Jennifer Robinson and Carolyn Jane Anderson and Brendan Dolan-Gavitt and Danish Contractor and Siva Reddy and Daniel Fried and Dzmitry Bahdanau and Yacine Jernite and Carlos Muñoz Ferrandis and Sean Hughes and Thomas Wolf and Arjun Guha and Leandro von Werra and Harm de Vries},
      year={2023},
      eprint={2305.06161},
      archivePrefix={arXiv},
      primaryClass={cs.CL},
      url={https://arxiv.org/abs/2305.06161}, 
}

@article{chen2023teaching,
  title={Teaching Large Language Models to Self-Debug},
  author={Chen, Xinyun and Lin, Maxwell and Sch{\"a}rli, Nathanael and Zhou, Denny},
  journal={arXiv preprint arXiv:2304.05128},
  year={2023}
}

@inproceedings{zhao2024repair,
    title = "{R}e{P}air: Automated Program Repair with Process-based Feedback",
    author = "Zhao, Yuze  and
      Huang, Zhenya  and
      Ma, Yixiao  and
      Li, Rui  and
      Zhang, Kai  and
      Jiang, Hao  and
      Liu, Qi  and
      Zhu, Linbo  and
      Su, Yu",
    booktitle = "Findings of the Association for Computational Linguistics ACL 2024",
    month = aug,
    year = "2024",
    publisher = "Association for Computational Linguistics",
    url = "https://aclanthology.org/2024.findings-acl.973",
}

@misc{shypula2024codeedits,
      title={Learning Performance-Improving Code Edits}, 
      author={Alexander Shypula and Aman Madaan and Yimeng Zeng and Uri Alon and Jacob Gardner and Milad Hashemi and Graham Neubig and Parthasarathy Ranganathan and Osbert Bastani and Amir Yazdanbakhsh},
      journal={International Conference },
      year={2024},
      eprint={2302.07867},
      archivePrefix={arXiv},
      primaryClass={cs.SE},
      url={https://arxiv.org/abs/2302.07867}, 
}

@article{brown2020icl,
  author       = {Tom B. Brown and
                  Benjamin Mann and
                  Nick Ryder and
                  Melanie Subbiah and
                  Jared Kaplan and
                  Prafulla Dhariwal and
                  Arvind Neelakantan and
                  Pranav Shyam and
                  Girish Sastry and
                  Amanda Askell and
                  Sandhini Agarwal and
                  Ariel Herbert{-}Voss and
                  Gretchen Krueger and
                  Tom Henighan and
                  Rewon Child and
                  Aditya Ramesh and
                  Daniel M. Ziegler and
                  Jeffrey Wu and
                  Clemens Winter and
                  Christopher Hesse and
                  Mark Chen and
                  Eric Sigler and
                  Mateusz Litwin and
                  Scott Gray and
                  Benjamin Chess and
                  Jack Clark and
                  Christopher Berner and
                  Sam McCandlish and
                  Alec Radford and
                  Ilya Sutskever and
                  Dario Amodei},
  title        = {Language Models are Few-Shot Learners},
  journal      = {CoRR},
  volume       = {abs/2005.14165},
  year         = {2020},
  url          = {https://arxiv.org/abs/2005.14165},
  eprinttype    = {arXiv},
  eprint       = {2005.14165},
  timestamp    = {Thu, 25 May 2023 10:38:31 +0200},
  biburl       = {https://dblp.org/rec/journals/corr/abs-2005-14165.bib},
  bibsource    = {dblp computer science bibliography, https://dblp.org}
}

@inproceedings{oswald2022iclgrad,
author = {Von Oswald, Johannes and Niklasson, Eyvind and Randazzo, Ettore and Sacramento, Jo\~{a}o and Mordvintsev, Alexander and Zhmoginov, Andrey and Vladymyrov, Max},
title = {Transformers learn in-context by gradient descent},
year = {2023},
publisher = {JMLR},
booktitle = {Proceedings of the 40th International Conference on Machine Learning},
articleno = {1464},
numpages = {24},
location = {Honolulu, Hawaii, USA},
series = {ICML'23}
}

@inproceedings{akyurek2023ICLlinear,
title={What learning algorithm is in-context learning? Investigations with linear models},
author={Ekin Aky{\"u}rek and Dale Schuurmans and Jacob Andreas and Tengyu Ma and Denny Zhou},
booktitle={The Eleventh International Conference on Learning Representations },
year={2023},
url={https://openreview.net/forum?id=0g0X4H8yN4I}
}

@inproceedings{le2022coderl,
  title={CodeRL: Mastering Code Generation through Pretrained Models and Deep Reinforcement Learning},
  author={Le, Hung and Wang, Yue and Gotmare, Akhilesh Deepak and Savarese, Silvio and Hoi, Steven Chu Hong},
  booktitle={Advances in Neural Information Processing Systems},
  year={2022}
}

@inproceedings{gou2024critic,
title={{CRITIC}: Large Language Models Can Self-Correct with Tool-Interactive Critiquing},
author={Zhibin Gou and Zhihong Shao and Yeyun Gong and yelong shen and Yujiu Yang and Nan Duan and Weizhu Chen},
booktitle={The Twelfth International Conference on Learning Representations},
year={2024},
url={https://openreview.net/forum?id=Sx038qxjek}
}

@article{wang2024intervenor,
  author = {Wang, Hanbin and Liu, Zhenghao and Wang, Shuo and Cui, Ganqu and Ding, Ning and Liu, Zhiyuan and Yu, Ge},
  biburl = {https://www.bibsonomy.org/bibtex/27134b1c512bd47de31dd6e1f276325b9/dblp},
  ee = {https://doi.org/10.48550/arXiv.2311.09868},
  journal = {CoRR},
  keywords = {dblp},
  title = {INTERVENOR: Prompt the Coding Ability of Large Language Models with the Interactive Chain of Repairing.},
  url = {http://dblp.uni-trier.de/db/journals/corr/corr2311.html#abs-2311-09868},
  volume = {abs/2311.09868},
  year = 2023
}

@inproceedings{xin2024thinkrepair,
author = {Yin, Xin and Ni, Chao and Wang, Shaohua and Li, Zhenhao and Zeng, Limin and Yang, Xiaohu},
title = {ThinkRepair: Self-Directed Automated Program Repair},
year = {2024},
isbn = {9798400706127},
publisher = {Association for Computing Machinery},
address = {New York, NY, USA},
url = {https://doi.org/10.1145/3650212.3680359},
doi = {10.1145/3650212.3680359},
booktitle = {Proceedings of the 33rd ACM SIGSOFT International Symposium on Software Testing and Analysis},
pages = {1274–1286},
numpages = {13},
keywords = {Automated Program Repair, Large Language Model, Prompt Engineering},
location = {Vienna, Austria},
series = {ISSTA 2024}
}

@misc{agarwal2024manyshot,
      title={Many-Shot In-Context Learning}, 
      author={Rishabh Agarwal and Avi Singh and Lei M. Zhang and Bernd Bohnet and Luis Rosias and Stephanie Chan and Biao Zhang and Ankesh Anand and Zaheer Abbas and Azade Nova and John D. Co-Reyes and Eric Chu and Feryal Behbahani and Aleksandra Faust and Hugo Larochelle},
      year={2024},
      eprint={2404.11018},
      archivePrefix={arXiv},
      primaryClass={cs.LG},
      url={https://arxiv.org/abs/2404.11018}, 
}

@inproceedings{
welleck2023selfcorrect,
title={Generating Sequences by Learning to Self-Correct},
author={Sean Welleck and Ximing Lu and Peter West and Faeze Brahman and Tianxiao Shen and Daniel Khashabi and Yejin Choi},
booktitle={The Eleventh International Conference on Learning Representations },
year={2023},
url={https://openreview.net/forum?id=hH36JeQZDaO}
}

@article{yuan2017arja,
  title={ARJA: Automated Repair of Java Programs via Multi-Objective Genetic Programming},
  author={Yuan Yuan and W. Banzhaf},
  journal={IEEE Transactions on Software Engineering},
  year={2017},
  volume={46},
  pages={1040-1067},
  url={https://api.semanticscholar.org/CorpusID:25222219}
}

@article{paredes2023funsearch,
  title={Mathematical discoveries from program search with large language models},
  author={Bernardino Romera-Paredes and Mohammadamin Barekatain and Alexander Novikov and Matej Balog and M Pawan Kumar and Emilien Dupont and Francisco J. R. Ruiz and Jordan S. Ellenberg and Pengming Wang and Omar Fawzi and Pushmeet Kohli and Alhussein Fawzi and Josh Grochow and Andrea Lodi and Jean-Baptiste Mouret and Talia Ringer and Tao Yu},
  journal={Nature},
  year={2023},
  volume={625},
  pages={468 - 475},
  url={https://www.nature.com/articles/s41586-023-06924-6}
}

@inproceedings{shirafuji2023fewshot,
   title={Refactoring Programs Using Large Language Models with Few-Shot Examples},
   url={http://dx.doi.org/10.1109/APSEC60848.2023.00025},
   DOI={10.1109/apsec60848.2023.00025},
   booktitle={2023 30th Asia-Pacific Software Engineering Conference (APSEC)},
   publisher={IEEE},
   author={Shirafuji, Atsushi and Oda, Yusuke and Suzuki, Jun and Morishita, Makoto and Watanobe, Yutaka},
   year={2023},
   month=dec
}

