@article{chen2022ldp,
  title={LDP-FPMiner: FP-Tree Based Frequent Itemset Mining with Local Differential Privacy},
  author={Chen, Zhili and Wang, Jiali},
  journal={arXiv preprint arXiv:2209.01333},
  year={2022}
}

@inproceedings{day2016publishing,
  title={Publishing graph degree distribution with node differential privacy},
  author={Day, Wei-Yen and Li, Ninghui and Lyu, Min},
  booktitle={Proceedings of the 2016 International Conference on Management of Data},
  pages={123--138},
  year={2016}
}

@inproceedings{dhulipala2022differential,
  title={Differential Privacy from Locally Adjustable Graph Algorithms: k-Core Decomposition, Low Out-Degree Ordering, and Densest Subgraphs},
  author={Dhulipala, Laxman and Liu, Quanquan C and Raskhodnikova, Sofya and Shi, Jessica and Shun, Julian and Yu, Shangdi},
  booktitle={2022 IEEE 63rd Annual Symposium on Foundations of Computer Science (FOCS)},
  pages={754--765},
  year={2022},
  organization={IEEE}
}

@inproceedings{ding2018privacy,
  title={Privacy-preserving triangle counting in large graphs},
  author={Ding, Xiaofeng and Zhang, Xiaodong and Bao, Zhifeng and Jin, Hai},
  booktitle={Proceedings of the 27th ACM international conference on information and knowledge management},
  pages={1283--1292},
  year={2018}
}

@article{dinitz2023improved,
  title={Improved Differentially Private Densest Subgraph: Local and Purely Additive},
  author={Dinitz, Michael and Kale, Satyen and Lattanzi, Silvio and Vassilvitskii, Sergei},
  journal={arXiv preprint arXiv:2308.10316},
  year={2023}
}

@article{eden2023triangle,
  title={Triangle Counting with Local Edge Differential Privacy},
  author={Eden, Talya and Liu, Quanquan C and Raskhodnikova, Sofya and Smith, Adam},
  journal={arXiv preprint arXiv:2305.02263},
  year={2023}
}

@article{gao2018local,
  title={Local differential privately anonymizing online social networks under hrg-based model},
  author={Gao, Tianchong and Li, Feng and Chen, Yu and Zou, XuKai},
  journal={IEEE Transactions on Computational Social Systems},
  volume={5},
  number={4},
  pages={1009--1020},
  year={2018},
  publisher={IEEE}
}

@inproceedings{hay2009accurate,
  title={Accurate estimation of the degree distribution of private networks},
  author={Hay, Michael and Li, Chao and Miklau, Gerome and Jensen, David},
  booktitle={2009 Ninth IEEE International Conference on Data Mining},
  pages={169--178},
  year={2009},
  organization={IEEE}
}

@article{hay2009boosting,
  title={Boosting the accuracy of differentially-private histograms through consistency},
  author={Hay, Michael and Rastogi, Vibhor and Miklau, Gerome and Suciu, Dan},
  journal={arXiv preprint arXiv:0904.0942},
  year={2009}
}

@article{hou2023ppdu,
  title={PPDU: dynamic graph publication with local differential privacy},
  author={Hou, Lihe and Ni, Weiwei and Zhang, Sen and Fu, Nan and Zhang, Dongyue},
  journal={Knowledge and Information Systems},
  volume={65},
  number={7},
  pages={2965--2989},
  year={2023},
  publisher={Springer}
}

@inproceedings{imola2021locally,
  title={Locally Differentially Private Analysis of Graph Statistics.},
  author={Imola, Jacob and Murakami, Takao and Chaudhuri, Kamalika},
  booktitle={USENIX Security Symposium},
  pages={983--1000},
  year={2021}
}

@inproceedings{imola2022communication,
  title={Communication-Efficient Triangle Counting under Local Differential Privacy},
  author={Imola, Jacob and Murakami, Takao and Chaudhuri, Kamalika},
  booktitle={31st USENIX Security Symposium (USENIX Security 22)},
  pages={537--554},
  year={2022}
}

@inproceedings{imola2022differentially,
  title={Differentially Private Triangle and 4-Cycle Counting in the Shuffle Model},
  author={Imola, Jacob and Murakami, Takao and Chaudhuri, Kamalika},
  booktitle={Proceedings of the 2022 ACM SIGSAC Conference on Computer and Communications Security},
  pages={1505--1519},
  year={2022}
}

@article{jiang2021applications,
  title={Applications of differential privacy in social network analysis: A survey},
  author={Jiang, Honglu and Pei, Jian and Yu, Dongxiao and Yu, Jiguo and Gong, Bei and Cheng, Xiuzhen},
  journal={IEEE Transactions on Knowledge and Data Engineering},
  volume={35},
  number={1},
  pages={108--127},
  year={2021},
  publisher={IEEE}
}

@inproceedings{ju2019generating,
  title={Generating synthetic graphs for large sensitive and correlated social networks},
  author={Ju, Xin and Zhang, Xiaofeng and Cheung, William K},
  booktitle={2019 IEEE 35th international conference on data engineering workshops (ICDEW)},
  pages={286--293},
  year={2019},
  organization={IEEE}
}

@article{karwa2011private,
  title={Private analysis of graph structure},
  author={Karwa, Vishesh and Raskhodnikova, Sofya and Smith, Adam and Yaroslavtsev, Grigory},
  journal={Proceedings of the VLDB Endowment},
  volume={4},
  number={11},
  pages={1146--1157},
  year={2011},
  publisher={VLDB Endowment}
}

@article{lin2022towards,
  title={Towards private learning on decentralized graphs with local differential privacy},
  author={Lin, Wanyu and Li, Baochun and Wang, Cong},
  journal={IEEE Transactions on Information Forensics and Security},
  volume={17},
  pages={2936--2946},
  year={2022},
  publisher={IEEE}
}

@inproceedings{liu2020privag,
  title={PrivAG: Analyzing attributed graph data with local differential privacy},
  author={Liu, Zichun and Huang, Liusheng and Xu, Hongli and Yang, Wei and Wang, Shaowei},
  booktitle={2020 IEEE 26th International Conference on Parallel and Distributed Systems (ICPADS)},
  pages={422--429},
  year={2020},
  organization={IEEE}
}

@inproceedings{liu2022collecting,
  title={Collecting triangle counts with edge relationship local differential privacy},
  author={Liu, Yuhan and Zhao, Suyun and Liu, Yixuan and Zhao, Dan and Chen, Hong and Li, Cuiping},
  booktitle={2022 IEEE 38th International Conference on Data Engineering (ICDE)},
  pages={2008--2020},
  year={2022},
  organization={IEEE}
}

@article{liu2023cargo,
  title={CARGO: Crypto-Assisted Differentially Private Triangle Counting without Trusted Servers},
  author={Liu, Shang and Cao, Yang and Murakami, Takao and Liu, Jinfei and Yoshikawa, Masatoshi},
  journal={arXiv preprint arXiv:2312.12938},
  year={2023}
}

@article{lv2021publishing,
  title={Publishing Triangle Counting Histogram in Social Networks Based on Differential Privacy},
  author={Lv, Tianzi and Li, Huanzhou and Tang, Zhangguo and Fu, Fangzhou and Cao, Jian and Zhang, Jian},
  journal={Security and Communication Networks},
  volume={2021},
  pages={1--16},
  year={2021},
  publisher={Hindawi Limited}
}

@inproceedings{lv2024publishing,
  title={Publishing Common Neighbors Histograms of Social Networks under Edge Differential Privacy},
  author={Lv, Chaojie and Xiao, Xiaokui and Zhang, Lan and Yu, Ting},
  booktitle={Proceedings of the 19th ACM Asia Conference on Computer and Communications Security},
  pages={1099--1113},
  year={2024}
}

@article{macwan2018node,
  title={Node differential privacy in social graph degree publishing},
  author={Macwan, Kamalkumar R and Patel, Sankita J},
  journal={Procedia computer science},
  volume={143},
  pages={786--793},
  year={2018},
  publisher={Elsevier}
}

@inproceedings{nissim2007smooth,
  title={Smooth sensitivity and sampling in private data analysis},
  author={Nissim, Kobbi and Raskhodnikova, Sofya and Smith, Adam},
  booktitle={Proceedings of the thirty-ninth annual ACM symposium on Theory of computing},
  pages={75--84},
  year={2007}
}

@inproceedings{qin2017generating,
  title={Generating synthetic decentralized social graphs with local differential privacy},
  author={Qin, Zhan and Yu, Ting and Yang, Yin and Khalil, Issa and Xiao, Xiaokui and Ren, Kui},
  booktitle={Proceedings of the 2017 ACM SIGSAC Conference on Computer and Communications Security},
  pages={425--438},
  year={2017}
}

@inproceedings{qin_generating_2017,
	title = {Generating synthetic decentralized social graphs with local differential privacy},
	pages = {425--438},
	booktitle = {Proceedings of the 2017 {ACM} {SIGSAC} Conference on Computer and Communications Security},
	author = {Qin, Zhan and Yu, Ting and Yang, Yin and Khalil, Issa and Xiao, Xiaokui and Ren, Kui},
	date = {2017},
	file = {Full Text:/Users/yizhanghe/Zotero/storage/H3MRT6AQ/Qin et al. - 2017 - Generating synthetic decentralized social graphs w.pdf:application/pdf;Snapshot:/Users/yizhanghe/Zotero/storage/WK87EQJ8/3133956.html:text/html},
}

@inproceedings{sajadmanesh2021locally,
  title={Locally private graph neural networks},
  author={Sajadmanesh, Sina and Gatica-Perez, Daniel},
  booktitle={Proceedings of the 2021 ACM SIGSAC conference on computer and communications security},
  pages={2130--2145},
  year={2021}
}

@inproceedings{sun2019analyzing,
  title={Analyzing subgraph statistics from extended local views with decentralized differential privacy},
  author={Sun, Haipei and Xiao, Xiaokui and Khalil, Issa and Yang, Yin and Qin, Zhan and Wang, Hui and Yu, Ting},
  booktitle={Proceedings of the 2019 ACM SIGSAC Conference on Computer and Communications Security},
  pages={703--717},
  year={2019}
}

@article{sun2024k,
  title={K-stars LDP: A Novel Framework for (p, q)-clique Enumeration under Local Differential Privacy},
  author={Sun, Henan and Wu, Zhengyu and Li, Rong-Hua and Wang, Guoren and Li, Zening},
  journal={arXiv preprint arXiv:2403.01788},
  year={2024}
}

@article{wei2020asgldp,
  title={AsgLDP: Collecting and generating decentralized attributed graphs with local differential privacy},
  author={Wei, Chengkun and Ji, Shouling and Liu, Changchang and Chen, Wenzhi and Wang, Ting},
  journal={IEEE Transactions on Information Forensics and Security},
  volume={15},
  pages={3239--3254},
  year={2020},
  publisher={IEEE}
}

@inproceedings{wei2024poincare,
  title={Poincar{\'e} Differential Privacy for Hierarchy-aware Graph Embedding},
  author={Wei, Yuecen and Yuan, Haonan and Fu, Xingcheng and Sun, Qingyun and Peng, Hao and Li, Xianxian and Hu, Chunming},
  booktitle={Proceedings of the AAAI Conference on Artificial Intelligence},
  volume={38},
  number={8},
  pages={9160--9168},
  year={2024}
}

@inproceedings{wu2022linkteller,
  title={Linkteller: Recovering private edges from graph neural networks via influence analysis},
  author={Wu, Fan and Long, Yunhui and Zhang, Ce and Li, Bo},
  booktitle={2022 ieee symposium on security and privacy (sp)},
  pages={2005--2024},
  year={2022},
  organization={IEEE}
}

@article{ye2020lf,
  title={LF-GDPR: A framework for estimating graph metrics with local differential privacy},
  author={Ye, Qingqing and Hu, Haibo and Au, Man Ho and Meng, Xiaofeng and Xiao, Xiaokui},
  journal={IEEE Transactions on Knowledge and Data Engineering},
  volume={34},
  number={10},
  pages={4905--4920},
  year={2020},
  publisher={IEEE}
}

@inproceedings{zhang2015private,
  title={Private release of graph statistics using ladder functions},
  author={Zhang, Jun and Cormode, Graham and Procopiuc, Cecilia M and Srivastava, Divesh and Xiao, Xiaokui},
  booktitle={Proceedings of the 2015 ACM SIGMOD international conference on management of data},
  pages={731--745},
  year={2015}
}

@inproceedings{zhang2018two,
  title={A two-phase algorithm for generating synthetic graph under local differential privacy},
  author={Zhang, Yuxuan and Wei, Jianghong and Zhang, Xiaojian and Hu, Xuexian and Liu, Wenfen},
  booktitle={Proceedings of the 8th International Conference on Communication and Network Security},
  pages={84--89},
  year={2018}
}

@inproceedings{zhu2023blink,
  title={Blink: Link Local Differential Privacy in Graph Neural Networks via Bayesian Estimation},
  author={Zhu, Xiaochen and Tan, Vincent YF and Xiao, Xiaokui},
  booktitle={Proceedings of the 2023 ACM SIGSAC Conference on Computer and Communications Security},
  pages={2651--2664},
  year={2023}
}

