@ARTICLE{10,
  author={Jiang, Haochen and Xu, Yueming and Li, Kejie and Feng, Jianfeng and Zhang, Li},
  journal={IEEE Robotics and Automation Letters}, 
  title={RoDyn-SLAM: Robust Dynamic Dense RGB-D SLAM With Neural Radiance Fields}, 
  year={2024},
  volume={9},
  number={9},
  pages={7509-7516},
  keywords={Simultaneous localization and mapping;Dynamics;Pose estimation;Cameras;Robustness;Optimization;Geometry;Deep learning methods;dynamic scene;NeRF;pose estimation;RGB-D SLAM},
  doi={10.1109/LRA.2024.3427554}}

@article{12,
  title={Nerf: Representing scenes as neural radiance fields for view synthesis},
  author={Mildenhall, Ben and Srinivasan, Pratul P and Tancik, Matthew and Barron, Jonathan T and Ramamoorthi, Ravi and Ng, Ren},
  journal={Communications of the ACM},
  volume={65},
  number={1},
  pages={99--106},
  year={2021},
  publisher={ACM New York, NY, USA}
}

@article{13,
  title={3D Gaussian Splatting for Real-Time Radiance Field Rendering},
  author={Kerbl, Bernhard and Kopanas, Georgios and Leimk{\"u}hler, Thomas and Drettakis, George},
  journal={ACM Transactions on Graphics},
  volume={42},
  number={4},
  pages={1--14},
  year={2023}
}

@inproceedings{14,
  title={imap: Implicit mapping and positioning in real-time},
  author={Sucar, Edgar and Liu, Shikun and Ortiz, Joseph and Davison, Andrew J},
  booktitle={Proceedings of the IEEE/CVF International Conference on Computer Vision},
  pages={6229--6238},
  year={2021}
}

@inproceedings{2,
  title={Gaussian splatting slam},
  author={Matsuki, Hidenobu and Murai, Riku and Kelly, Paul HJ and Davison, Andrew J},
  booktitle={Proceedings of the IEEE/CVF Conference on Computer Vision and Pattern Recognition},
  pages={18039--18048},
  year={2024}
}

@inproceedings{4,
  title={SplaTAM: Splat Track \& Map 3D Gaussians for Dense RGB-D SLAM},
  author={Keetha, Nikhil and Karhade, Jay and Jatavallabhula, Krishna Murthy and Yang, Gengshan and Scherer, Sebastian and Ramanan, Deva and Luiten, Jonathon},
  booktitle={Proceedings of the IEEE/CVF Conference on Computer Vision and Pattern Recognition},
  pages={21357--21366},
  year={2024}
}

@ARTICLE{7,
  author={Ruan, Chenyu and Zang, Qiuyu and Zhang, Kehua and Huang, Kai},
  journal={IEEE Sensors Journal}, 
  title={DN-SLAM: A Visual SLAM With ORB Features and NeRF Mapping in Dynamic Environments}, 
  year={2024},
  volume={24},
  number={4},
  pages={5279-5287},
  keywords={Simultaneous localization and mapping;Heuristic algorithms;Vehicle dynamics;Optical sensors;Optical imaging;Motion segmentation;Dynamics;Dynamic objects;neural radiation fields;segment anything model (SAM);semantic segmentation;vision simultaneous localization and mapping (SLAM)},
  doi={10.1109/JSEN.2023.3345877}}

@article{8,
  title={Nid-slam: Neural implicit representation-based rgb-d slam in dynamic environments},
  author={Xu, Ziheng and Niu, Jianwei and Li, Qingfeng and Ren, Tao and Chen, Chen},
  journal={arXiv preprint arXiv:2401.01189},
  year={2024}
}

@article{DDN,
  title={Ddn-slam: Real-time dense dynamic neural implicit slam with joint semantic encoding},
  author={Li, Mingrui and He, Jiaming and Jiang, Guangan and Wang, Hongyu},
  journal={arXiv preprint arXiv:2401.01545},
  year={2024}
}

@article{deng2024neslam,
  title={Neslam: Neural implicit mapping and self-supervised feature tracking with depth completion and denoising},
  author={Deng, Tianchen and Wang, Yanbo and Xie, Hongle and Wang, Hesheng and Wang, Jingchuan and Wang, Danwei and Chen, Weidong},
  journal={arXiv preprint arXiv:2403.20034},
  year={2024}
}

@inproceedings{deng2024plgslam,
  title={Plgslam: Progressive neural scene represenation with local to global bundle adjustment},
  author={Deng, Tianchen and Shen, Guole and Qin, Tong and Wang, Jianyu and Zhao, Wentao and Wang, Jingchuan and Wang, Danwei and Chen, Weidong},
  booktitle={Proceedings of the IEEE/CVF Conference on Computer Vision and Pattern Recognition},
  pages={19657--19666},
  year={2024}
}

@inproceedings{johari2023eslam,
  title={Eslam: Efficient dense slam system based on hybrid representation of signed distance fields},
  author={Johari, Mohammad Mahdi and Carta, Camilla and Fleuret, Fran{\c{c}}ois},
  booktitle={Proceedings of the IEEE/CVF Conference on Computer Vision and Pattern Recognition},
  pages={17408--17419},
  year={2023}
}

@inproceedings{wang2023co,
  title={Co-slam: Joint coordinate and sparse parametric encodings for neural real-time slam},
  author={Wang, Hengyi and Wang, Jingwen and Agapito, Lourdes},
  booktitle={Proceedings of the IEEE/CVF Conference on Computer Vision and Pattern Recognition},
  pages={13293--13302},
  year={2023}
}

@inproceedings{zhu2022nice,
  title={Nice-slam: Neural implicit scalable encoding for slam},
  author={Zhu, Zihan and Peng, Songyou and Larsson, Viktor and Xu, Weiwei and Bao, Hujun and Cui, Zhaopeng and Oswald, Martin R and Pollefeys, Marc},
  booktitle={Proceedings of the IEEE/CVF Conference on Computer Vision and Pattern Recognition},
  pages={12786--12796},
  year={2022}
}

