@inproceedings{1,
  title={Gs-slam: Dense visual slam with 3d gaussian splatting},
  author={Yan, Chi and Qu, Delin and Xu, Dan and Zhao, Bin and Wang, Zhigang and Wang, Dong and Li, Xuelong},
  booktitle={Proceedings of the IEEE/CVF Conference on Computer Vision and Pattern Recognition},
  pages={19595--19604},
  year={2024}
}

@article{deng2024compact,
  title={Compact 3d gaussian splatting for dense visual slam},
  author={Deng, Tianchen and Chen, Yaohui and Zhang, Leyan and Yang, Jianfei and Yuan, Shenghai and Wang, Danwei and Chen, Weidong},
  journal={arXiv preprint arXiv:2403.11247},
  year={2024}
}

@inproceedings{2,
  title={Gaussian splatting slam},
  author={Matsuki, Hidenobu and Murai, Riku and Kelly, Paul HJ and Davison, Andrew J},
  booktitle={Proceedings of the IEEE/CVF Conference on Computer Vision and Pattern Recognition},
  pages={18039--18048},
  year={2024}
}

@article{3,
  title={Gaussian-slam: Photo-realistic dense slam with gaussian splatting},
  author={Yugay, Vladimir and Li, Yue and Gevers, Theo and Oswald, Martin R},
  journal={arXiv preprint arXiv:2312.10070},
  year={2023}
}

@inproceedings{4,
  title={SplaTAM: Splat Track \& Map 3D Gaussians for Dense RGB-D SLAM},
  author={Keetha, Nikhil and Karhade, Jay and Jatavallabhula, Krishna Murthy and Yang, Gengshan and Scherer, Sebastian and Ramanan, Deva and Luiten, Jonathon},
  booktitle={Proceedings of the IEEE/CVF Conference on Computer Vision and Pattern Recognition},
  pages={21357--21366},
  year={2024}
}
@inproceedings{huang2024photo,
  title={Photo-SLAM: Real-time Simultaneous Localization and Photorealistic Mapping for Monocular Stereo and RGB-D Cameras},
  author={Huang, Huajian and Li, Longwei and Cheng, Hui and Yeung, Sai-Kit},
  booktitle={Proceedings of the IEEE/CVF Conference on Computer Vision and Pattern Recognition},
  pages={21584--21593},
  year={2024}
}

@article{5,
  title={DynaSLAM: Tracking, mapping, and inpainting in dynamic scenes},
  author={Bescos, Berta and F{\'a}cil, Jos{\'e} M and Civera, Javier and Neira, Jos{\'e}},
  journal={IEEE Robotics and Automation Letters},
  volume={3},
  number={4},
  pages={4076--4083},
  year={2018},
  publisher={IEEE}
}

@article{6,
  title={Dynamic-SLAM: Semantic monocular visual localization and mapping based on deep learning in dynamic environment},
  author={Xiao, Linhui and Wang, Jinge and Qiu, Xiaosong and Rong, Zheng and Zou, Xudong},
  journal={Robotics and Autonomous Systems},
  volume={117},
  pages={1--16},
  year={2019},
  publisher={Elsevier}
}

@article{he2023ovd,
  title={OVD-SLAM: An online visual SLAM for dynamic environments},
  author={He, Jiaming and Li, Mingrui and Wang, Yangyang and Wang, Hongyu},
  journal={IEEE Sensors Journal},
  volume={23},
  number={12},
  pages={13210--13219},
  year={2023},
  publisher={IEEE}
}

@inproceedings{hu2022cfp,
  title={CFP-SLAM: A real-time visual SLAM based on coarse-to-fine probability in dynamic environments},
  author={Hu, Xinggang and Zhang, Yunzhou and Cao, Zhenzhong and Ma, Rong and Wu, Yanmin and Deng, Zhiqiang and Sun, Wenkai},
  booktitle={IEEE/RSJ International Conference on Intelligent Robots and Systems (IROS)},
  pages={4399--4406},
  year={2022}
}


@ARTICLE{liu2021rds,
  author={Liu, Yubao and Miura, Jun},
  journal={IEEE Access}, 
  title={RDS-SLAM: Real-Time Dynamic SLAM Using Semantic Segmentation Methods}, 
  year={2021},
  volume={9},
  number={},
  pages={23772-23785},
  keywords={Semantics;Vehicle dynamics;Simultaneous localization and mapping;Heuristic algorithms;Cameras;Real-time systems;Visualization;Dynamic SLAM;ORB SLAM;Mask R-CNN;SegNet;real-time},
  doi={10.1109/ACCESS.2021.3050617}}

@article{du2020accurate,
  title={Accurate dynamic SLAM using CRF-based long-term consistency},
  author={Du, Zheng-Jun and Huang, Shi-Sheng and Mu, Tai-Jiang and Zhao, Qunhe and Martin, Ralph R and Xu, Kun},
  journal={IEEE Transactions on Visualization and Computer Graphics},
  volume={28},
  number={4},
  pages={1745--1757},
  year={2020},
  publisher={IEEE}
}

@inproceedings{huang2020clustervo,
  title={ClusterVO: Clustering moving instances and estimating visual odometry for self and surroundings},
  author={Huang, Jiahui and Yang, Sheng and Mu, Tai-Jiang and Hu, Shi-Min},
  booktitle={Proceedings of the IEEE/CVF Conference on Computer Vision and Pattern Recognition},
  pages={2168--2177},
  year={2020}
}

@article{10376402,
  title={Dn-slam: A visual slam with orb features and nerf mapping in dynamic environments},
  author={Ruan, Chenyu and Zang, Qiuyu and Zhang, Kehua and Huang, Kai},
  journal={IEEE Sensors Journal},
  year={2023},
  publisher={IEEE}
}

@ARTICLE{7,
  author={Ruan, Chenyu and Zang, Qiuyu and Zhang, Kehua and Huang, Kai},
  journal={IEEE Sensors Journal}, 
  title={DN-SLAM: A Visual SLAM With ORB Features and NeRF Mapping in Dynamic Environments}, 
  year={2024},
  volume={24},
  number={4},
  pages={5279-5287},
  keywords={Simultaneous localization and mapping;Heuristic algorithms;Vehicle dynamics;Optical sensors;Optical imaging;Motion segmentation;Dynamics;Dynamic objects;neural radiation fields;segment anything model (SAM);semantic segmentation;vision simultaneous localization and mapping (SLAM)},
  doi={10.1109/JSEN.2023.3345877}}



@article{8,
  title={Nid-slam: Neural implicit representation-based rgb-d slam in dynamic environments},
  author={Xu, Ziheng and Niu, Jianwei and Li, Qingfeng and Ren, Tao and Chen, Chen},
  journal={arXiv preprint arXiv:2401.01189},
  year={2024}
}

@article{DDN,
  title={Ddn-slam: Real-time dense dynamic neural implicit slam with joint semantic encoding},
  author={Li, Mingrui and He, Jiaming and Jiang, Guangan and Wang, Hongyu},
  journal={arXiv preprint arXiv:2401.01545},
  year={2024}
}

@ARTICLE{10,
  author={Jiang, Haochen and Xu, Yueming and Li, Kejie and Feng, Jianfeng and Zhang, Li},
  journal={IEEE Robotics and Automation Letters}, 
  title={RoDyn-SLAM: Robust Dynamic Dense RGB-D SLAM With Neural Radiance Fields}, 
  year={2024},
  volume={9},
  number={9},
  pages={7509-7516},
  keywords={Simultaneous localization and mapping;Dynamics;Pose estimation;Cameras;Robustness;Optimization;Geometry;Deep learning methods;dynamic scene;NeRF;pose estimation;RGB-D SLAM},
  doi={10.1109/LRA.2024.3427554}}


@article{10598332,
  title={RoDyn-SLAM: Robust Dynamic Dense RGB-D SLAM with Neural Radiance Fields},
  author={Jiang, Haochen and Xu, Yueming and Li, Kejie and Feng, Jianfeng and Zhang, Li},
  journal={IEEE Robotics and Automation Letters},
  year={2024},
  publisher={IEEE}
}
%

@article{krahenbuhl2011efficient,
  title={Efficient inference in fully connected crfs with gaussian edge potentials},
  author={Kr{\"a}henb{\"u}hl, Philipp and Koltun, Vladlen},
  journal={Advances in neural information processing systems},
  volume={24},
  year={2011}
}


@article{11,
  title={Efficient Inference in Fully Connected CRFs with Gaussian Edge Potentials},
  author={Kr{\"a}henb{\"u}hl, Philipp and Koltun, Vladlen},
  journal={Advances in Neural Information Processing Systems},
  volume={24},
  year={2011}
}

@article{12,
  title={Nerf: Representing scenes as neural radiance fields for view synthesis},
  author={Mildenhall, Ben and Srinivasan, Pratul P and Tancik, Matthew and Barron, Jonathan T and Ramamoorthi, Ravi and Ng, Ren},
  journal={Communications of the ACM},
  volume={65},
  number={1},
  pages={99--106},
  year={2021},
  publisher={ACM New York, NY, USA}
}

@article{13,
  title={3D Gaussian Splatting for Real-Time Radiance Field Rendering},
  author={Kerbl, Bernhard and Kopanas, Georgios and Leimk{\"u}hler, Thomas and Drettakis, George},
  journal={ACM Transactions on Graphics},
  volume={42},
  number={4},
  pages={1--14},
  year={2023}
}

@article{kerbl20233d,
  title={3D Gaussian Splatting for Real-Time Radiance Field Rendering.},
  author={Kerbl, Bernhard and Kopanas, Georgios and Leimk{\"u}hler, Thomas and Drettakis, George},
  journal={ACM Trans. Graph.},
  volume={42},
  number={4},
  pages={139--1},
  year={2023}
}

@inproceedings{14,
  title={imap: Implicit mapping and positioning in real-time},
  author={Sucar, Edgar and Liu, Shikun and Ortiz, Joseph and Davison, Andrew J},
  booktitle={Proceedings of the IEEE/CVF International Conference on Computer Vision},
  pages={6229--6238},
  year={2021}
}

@inproceedings{deng2024plgslam,
  title={Plgslam: Progressive neural scene represenation with local to global bundle adjustment},
  author={Deng, Tianchen and Shen, Guole and Qin, Tong and Wang, Jianyu and Zhao, Wentao and Wang, Jingchuan and Wang, Danwei and Chen, Weidong},
  booktitle={Proceedings of the IEEE/CVF Conference on Computer Vision and Pattern Recognition},
  pages={19657--19666},
  year={2024}
}

@article{deng2024neslam,
  title={Neslam: Neural implicit mapping and self-supervised feature tracking with depth completion and denoising},
  author={Deng, Tianchen and Wang, Yanbo and Xie, Hongle and Wang, Hesheng and Wang, Jingchuan and Wang, Danwei and Chen, Weidong},
  journal={arXiv preprint arXiv:2403.20034},
  year={2024}
}
@inproceedings{zhu2022nice,
  title={Nice-slam: Neural implicit scalable encoding for slam},
  author={Zhu, Zihan and Peng, Songyou and Larsson, Viktor and Xu, Weiwei and Bao, Hujun and Cui, Zhaopeng and Oswald, Martin R and Pollefeys, Marc},
  booktitle={Proceedings of the IEEE/CVF Conference on Computer Vision and Pattern Recognition},
  pages={12786--12796},
  year={2022}
}

@inproceedings{johari2023eslam,
  title={Eslam: Efficient dense slam system based on hybrid representation of signed distance fields},
  author={Johari, Mohammad Mahdi and Carta, Camilla and Fleuret, Fran{\c{c}}ois},
  booktitle={Proceedings of the IEEE/CVF Conference on Computer Vision and Pattern Recognition},
  pages={17408--17419},
  year={2023}
}

@article{campos2021orb,
  title={Orb-slam3: An accurate open-source library for visual, visual--inertial, and multimap slam},
  author={Campos, Carlos and Elvira, Richard and Rodr{\'\i}guez, Juan J G{\'o}mez and Montiel, Jos{\'e} MM and Tard{\'o}s, Juan D},
  journal={IEEE Transactions on Robotics},
  volume={37},
  number={6},
  pages={1874--1890},
  year={2021},
  publisher={IEEE}
}

@inproceedings{sturm2012benchmark,
  title={A benchmark for the evaluation of RGB-D SLAM systems},
  author={Sturm, J{\"u}rgen and Engelhard, Nikolas and Endres, Felix and Burgard, Wolfram and Cremers, Daniel},
  booktitle={IEEE/RSJ International Conference on Intelligent Robots and Systems (IROS)},
  pages={573--580},
  year={2012}
}

@inproceedings{palazzolo2019refusion,
  title={ReFusion: 3D reconstruction in dynamic environments for RGB-D cameras exploiting residuals},
  author={Palazzolo, Emanuele and Behley, Jens and Lottes, Philipp and Giguere, Philippe and Stachniss, Cyrill},
  booktitle={IEEE/RSJ International Conference on Intelligent Robots and Systems (IROS)},
  pages={7855--7862},
  year={2019}
}

@inproceedings{wang2023co,
  title={Co-slam: Joint coordinate and sparse parametric encodings for neural real-time slam},
  author={Wang, Hengyi and Wang, Jingwen and Agapito, Lourdes},
  booktitle={Proceedings of the IEEE/CVF Conference on Computer Vision and Pattern Recognition},
  pages={13293--13302},
  year={2023}
}

@article{dai2020rgb,
  title={Rgb-d slam in dynamic environments using point correlations},
  author={Dai, Weichen and Zhang, Yu and Li, Ping and Fang, Zheng and Scherer, Sebastian},
  journal={IEEE Transactions on Pattern Analysis and Machine Intelligence},
  volume={44},
  number={1},
  pages={373--389},
  year={2020},
  publisher={IEEE}
}

@article{yin2022dynam,
  title={Dynam-SLAM: An accurate, robust stereo visual-inertial SLAM method in dynamic environments},
  author={Yin, Hesheng and Li, Shaomiao and Tao, Yu and Guo, Junlong and Huang, Bo},
  journal={IEEE Transactions on Robotics},
  volume={39},
  number={1},
  pages={289--308},
  year={2022},
  publisher={IEEE}
}

@article{fan2022blitz,
  title={Blitz-SLAM: A semantic SLAM in dynamic environments},
  author={Fan, Yingchun and Zhang, Qichi and Tang, Yuliang and Liu, Shaofen and Han, Hong},
  journal={Pattern Recognition},
  volume={121},
  pages={108225},
  year={2022},
  publisher={Elsevier}
}

@article{li2021dp,
  title={DP-SLAM: A visual SLAM with moving probability towards dynamic environments},
  author={Li, Ao and Wang, Jikai and Xu, Meng and Chen, Zonghai},
  journal={Information Sciences},
  volume={556},
  pages={128--142},
  year={2021},
  publisher={Elsevier}
}