@inproceedings{BiCSL,
  title={Bidirectional Contrastive Split Learning for Visual Question Answering},
  author={Sun, Yuwei and Ochiai, Hideya},
  booktitle={Proceedings of the AAAI Conference on Artificial Intelligence},
  volume={38},
  number={19},
  pages={21602--21609},
  year={2024}
}

@article{CutMixSL,
  title={Visual transformer meets cutmix for improved accuracy, communication efficiency, and data privacy in split learning},
  author={Baek, Sihun and Park, Jihong and Vepakomma, Praneeth and Raskar, Ramesh and Bennis, Mehdi and Kim, Seong-Lyun},
  journal={arXiv preprint arXiv:2207.00234},
  year={2022}
}

@article{DP-CutMixSL,
  title={Differentially private cutmix for split learning with vision transformer},
  author={Oh, Seungeun and Park, Jihong and Baek, Sihun and Nam, Hyelin and Vepakomma, Praneeth and Raskar, Ramesh and Bennis, Mehdi and Kim, Seong-Lyun},
  journal={arXiv preprint arXiv:2210.15986},
  year={2022}
}

@article{EPSL,
  title={Efficient parallel split learning over resource-constrained wireless edge networks},
  author={Lin, Zheng and Zhu, Guangyu and Deng, Yiqin and Chen, Xianhao and Gao, Yue and Huang, Kaibin and Fang, Yuguang},
  journal={IEEE Transactions on Mobile Computing},
  year={2024},
  publisher={IEEE}
}

@article{FedBone,
  title={Fedbone: Towards large-scale federated multi-task learning},
  author={Chen, Yiqiang and Zhang, Teng and Jiang, Xinlong and Chen, Qian and Gao, Chenlong and Huang, Wuliang},
  journal={arXiv preprint arXiv:2306.17465},
  year={2023}
}

@article{FedCLIP,
  title={Fedclip: Fast generalization and personalization for clip in federated learning},
  author={Lu, Wang and Hu, Xixu and Wang, Jindong and Xie, Xing},
  journal={arXiv preprint arXiv:2302.13485},
  year={2023}
}

@inproceedings{LocalSplitFed,
  title={Accelerating federated learning with split learning on locally generated losses},
  author={Han, Dong-Jun and Bhatti, Hasnain Irshad and Lee, Jungmoon and Moon, Jaekyun},
  booktitle={ICML 2021 workshop on federated learning for user privacy and data confidentiality. ICML Board},
  year={2021}
}

@article{MaskSL,
  title={Privacy-preserving split learning for large-scaled vision pre-training},
  author={Wang, Zhousheng and Yang, Geng and Dai, Hua and Rong, Chunming},
  journal={IEEE Transactions on Information Forensics and Security},
  volume={18},
  pages={1539--1553},
  year={2023},
  publisher={IEEE}
}

@article{Mix2SFL,
  title={Mix2SFL: Two-Way Mixup for Scalable, Accurate, and Communication-Efficient Split Federated Learning},
  author={Oh, Seungeun and Nam, Hyelin and Park, Jihong and Vepakomma, Praneeth and Raskar, Ramesh and Bennis, Mehdi and Kim, Seong-Lyun},
  journal={IEEE Transactions on Big Data},
  year={2023},
  publisher={IEEE}
}

@article{Shuffled-Transformer,
  title={Shuffled transformer for privacy-preserving split learning},
  author={Xu, Hengyuan and Xiang, Liyao and Ye, Hangyu and Yao, Dixi and Chu, Pengzhi and Li, Baochun},
  journal={arXiv preprint arXiv:2304.07735},
  year={2023}
}

@article{ViT,
  title={An image is worth 16x16 words: Transformers for image recognition at scale},
  author={Dosovitskiy, Alexey and Beyer, Lucas and Kolesnikov, Alexander and Weissenborn, Dirk and Zhai, Xiaohua and Unterthiner, Thomas and Dehghani, Mostafa and Minderer, Matthias and Heigold, Georg and Gelly, Sylvain and others},
  journal={arXiv preprint arXiv:2010.11929},
  year={2020}
}

@article{ViT-LENS,
  title={Vit-lens: Towards omni-modal representations},
  author={Lei, Weixian and Ge, Yixiao and Zhang, Jianfeng and Sun, Dylan and Yi, Kun and Shan, Ying and Shou, Mike Zheng},
  journal={arXiv preprint arXiv:2308.10185},
  year={2023}
}

@misc{clip,
      title={Learning Transferable Visual Models From Natural Language Supervision}, 
      author={Alec Radford and Jong Wook Kim and Chris Hallacy and Aditya Ramesh and Gabriel Goh and Sandhini Agarwal and Girish Sastry and Amanda Askell and Pamela Mishkin and Jack Clark and Gretchen Krueger and Ilya Sutskever},
      year={2021},
      eprint={2103.00020},
      archivePrefix={arXiv},
      primaryClass={cs.CV}
}

@misc{imagebind,
    title={ImageBind: One Embedding Space To Bind Them All},
    author={Rohit Girdhar and Alaaeldin El-Nouby and Zhuang Liu and Mannat Singh and Kalyan Vasudev Alwala and Armand Joulin and Ishan Misra},
    year={2023},
    eprint={2305.05665},
    archivePrefix={arXiv},
    primaryClass={cs.CV}
}

@article{meta-transformer,
  title={Meta-transformer: A unified framework for multimodal learning},
  author={Zhang, Yiyuan and Gong, Kaixiong and Zhang, Kaipeng and Li, Hongsheng and Qiao, Yu and Ouyang, Wanli and Yue, Xiangyu},
  journal={arXiv preprint arXiv:2307.10802},
  year={2023}
}

@inproceedings{privacy-sensitive-psl,
  title={Privacy-sensitive parallel split learning},
  author={Jeon, Joohyung and Kim, Joongheon},
  booktitle={2020 International Conference on Information Networking (ICOIN)},
  pages={7--9},
  year={2020},
  organization={IEEE}
}

@ARTICLE{sasl,
  author={Lyu, Xinchen and Liu, Shuhan and Liu, Junlin and Ren, Chenshan},
  journal={IEEE Internet of Things Magazine}, 
  title={Scalable Aggregated Split Learning for Data-Driven Edge Intelligence on Internet-of-Things}, 
  year={2023},
  volume={6},
  number={4},
  pages={124-129},
  keywords={Training;Performance evaluation;Backpropagation;Data privacy;Computational modeling;Computational efficiency;Internet of Things},
  doi={10.1109/IOTM.001.2300053}}

@misc{sglr,
      title={Server-Side Local Gradient Averaging and Learning Rate Acceleration for Scalable Split Learning}, 
      author={Shraman Pal and Mansi Uniyal and Jihong Park and Praneeth Vepakomma and Ramesh Raskar and Mehdi Bennis and Moongu Jeon and Jinho Choi},
      year={2021},
      eprint={2112.05929},
      archivePrefix={arXiv},
      primaryClass={cs.LG}
}

@misc{sl,
      title={Distributed learning of deep neural network over multiple agents}, 
      author={Otkrist Gupta and Ramesh Raskar},
      year={2018},
      eprint={1810.06060},
      archivePrefix={arXiv},
      primaryClass={cs.LG}
}

@misc{vatt,
      title={VATT: Transformers for Multimodal Self-Supervised Learning from Raw Video, Audio and Text}, 
      author={Hassan Akbari and Liangzhe Yuan and Rui Qian and Wei-Hong Chuang and Shih-Fu Chang and Yin Cui and Boqing Gong},
      year={2021},
      eprint={2104.11178},
      archivePrefix={arXiv},
      primaryClass={cs.CV}
}

