@inproceedings{10.1145/3307339.3342186,
  title={Smiles-bert: large scale unsupervised pre-training for molecular property prediction},
  author={Wang, Sheng and Guo, Yuzhi and Wang, Yuhong and Sun, Hongmao and Huang, Junzhou},
  booktitle={Proceedings of the 10th ACM international conference on bioinformatics, computational biology and health informatics},
  pages={429--436},
  year={2019}
}

@article{ChemBERTa-1,
  title={ChemBERTa: large-scale self-supervised pretraining for molecular property prediction},
  author={Chithrananda, Seyone and Grand, Gabriel and Ramsundar, Bharath},
  journal={arXiv preprint arXiv:2010.09885},
  year={2020}
}

@article{ChemBERTa-2,
  title={Chemberta-2: Towards chemical foundation models},
  author={Ahmad, Walid and Simon, Elana and Chithrananda, Seyone and Grand, Gabriel and Ramsundar, Bharath},
  journal={arXiv preprint arXiv:2209.01712},
  year={2022}
}

@article{ECFP,
  title={Extended-connectivity fingerprints},
  author={Rogers, David and Hahn, Mathew},
  journal={Journal of chemical information and modeling},
  volume={50},
  number={5},
  pages={742--754},
  year={2010},
  publisher={ACS Publications}
}

@article{SHAMSHAD2023102802,
  title={Transformers in medical imaging: A survey},
  author={Shamshad, Fahad and Khan, Salman and Zamir, Syed Waqas and Khan, Muhammad Haris and Hayat, Munawar and Khan, Fahad Shahbaz and Fu, Huazhu},
  journal={Medical Image Analysis},
  volume={88},
  pages={102802},
  year={2023},
  publisher={Elsevier}
}

@article{compexp,
  title={Computational exploration of molecular scaffolds in medicinal chemistry: Miniperspective},
  author={Hu, Ye and Stumpfe, Dagmar and Bajorath, Jurgen},
  journal={Journal of medicinal chemistry},
  volume={59},
  number={9},
  pages={4062--4076},
  year={2016},
  publisher={ACS Publications}
}

@article{cong2024comprehensive,
  title={Comprehensive review of Transformer-based models in neuroscience, neurology, and psychiatry},
  author={Cong, Shan and Wang, Hang and Zhou, Yang and Wang, Zheng and Yao, Xiaohui and Yang, Chunsheng},
  journal={Brain-X},
  volume={2},
  number={2},
  pages={e57},
  year={2024},
  publisher={Wiley Online Library}
}

@article{doi:10.1021/ci3001277,
  title={ZINC: a free tool to discover chemistry for biology},
  author={Irwin, John J and Sterling, Teague and Mysinger, Michael M and Bolstad, Erin S and Coleman, Ryan G},
  journal={Journal of chemical information and modeling},
  volume={52},
  number={7},
  pages={1757--1768},
  year={2012},
  publisher={ACS Publications}
}

@article{dual,
  title={Dual-view molecular pre-training},
  author={Zhu, Jinhua and Xia, Yingce and Wu, Lijun and Xie, Shufang and Zhou, Wengang and Qin, Tao and Li, Houqiang and Liu, Tie-Yan},
  journal={Proceedings of the 29th ACM SIGKDD Conference on Knowledge Discovery and Data Mining},
  pages={3615--3627},
  year={2023}
}

@article{fp2,
  title={Machine-learning-guided cocrystal prediction based on large data base},
  author={Wang, Dingyan and Yang, Zeen and Zhu, Bingqing and Mei, Xuefeng and Luo, Xiaomin},
  journal={Crystal Growth \& Design},
  volume={20},
  number={10},
  pages={6610--6621},
  year={2020},
  publisher={ACS Publications}
}

@article{fp_ml,
  title={Application of bioactivity profile-based fingerprints for building machine learning models},
  author={Sturm, No{\'e} and Sun, Jiangming and Vandriessche, Yves and Mayr, Andreas and Klambauer, Gunter and Carlsson, Lars and Engkvist, Ola and Chen, Hongming},
  journal={Journal of Chemical Information and Modeling},
  volume={59},
  number={3},
  pages={962--972},
  year={2018},
  publisher={ACS Publications}
}

@article{graph1,
  title={Molecular representations in AI-driven drug discovery: a review and practical guide},
  author={David, Laurianne and Thakkar, Amol and Mercado, Roc{\'\i}o and Engkvist, Ola},
  journal={Journal of Cheminformatics},
  volume={12},
  number={1},
  pages={56},
  year={2020},
  publisher={Springer}
}

@article{graph2,
  title={Neural message passing for NMR chemical shift prediction},
  author={Kwon, Youngchun and Lee, Dongseon and Choi, Youn-Suk and Kang, Myeonginn and Kang, Seokho},
  journal={Journal of chemical information and modeling},
  volume={60},
  number={4},
  pages={2024--2030},
  year={2020},
  publisher={ACS Publications}
}

@article{graphormer,
  title={Do transformers really perform badly for graph representation?},
  author={Ying, Chengxuan and Cai, Tianle and Luo, Shengjie and Zheng, Shuxin and Ke, Guolin and He, Di and Shen, Yanming and Liu, Tie-Yan},
  journal={Advances in neural information processing systems},
  volume={34},
  pages={28877--28888},
  year={2021}
}

@article{mol2vec,
  title={Mol2vec: unsupervised machine learning approach with chemical intuition},
  author={Jaeger, Sabrina and Fulle, Simone and Turk, Samo},
  journal={Journal of chemical information and modeling},
  volume={58},
  number={1},
  pages={27--35},
  year={2018},
  publisher={ACS Publications}
}

@article{molclr,
  title={Molecular contrastive learning of representations via graph neural networks},
  author={Wang, Yuyang and Wang, Jianren and Cao, Zhonglin and Barati Farimani, Amir},
  journal={Nature Machine Intelligence},
  volume={4},
  number={3},
  pages={279--287},
  year={2022},
  publisher={Nature Publishing Group UK London}
}

@article{pubchem,
  title={PubChem 2023 update},
  author={Kim, Sunghwan and Chen, Jie and Cheng, Tiejun and Gindulyte, Asta and He, Jia and He, Siqian and Li, Qingliang and Shoemaker, Benjamin A and Thiessen, Paul A and Yu, Bo and others},
  journal={Nucleic acids research},
  volume={51},
  number={D1},
  pages={D1373--D1380},
  year={2023},
  publisher={Oxford University Press}
}

@article{transformers,
  title={Attention is all you need},
  author={Vaswani, A},
  journal={Advances in Neural Information Processing Systems},
  year={2017}
}

