


@article{molclr,
  title={Molecular contrastive learning of representations via graph neural networks},
  author={Wang, Yuyang and Wang, Jianren and Cao, Zhonglin and Barati Farimani, Amir},
  journal={Nature Machine Intelligence},
  volume={4},
  number={3},
  pages={279--287},
  year={2022},
  publisher={Nature Publishing Group UK London}
}

@article{SMILES,
  title={SMILES, a chemical language and information system. 1. Introduction to methodology and encoding rules},
  author={Weininger, David},
  journal={Journal of chemical information and computer sciences},
  volume={28},
  number={1},
  pages={31--36},
  year={1988},
  publisher={ACS Publications}
}

@article{fp2,
  title={Machine-learning-guided cocrystal prediction based on large data base},
  author={Wang, Dingyan and Yang, Zeen and Zhu, Bingqing and Mei, Xuefeng and Luo, Xiaomin},
  journal={Crystal Growth \& Design},
  volume={20},
  number={10},
  pages={6610--6621},
  year={2020},
  publisher={ACS Publications}
}

@article{fp1,
  title={Using molecular embeddings in QSAR modeling: does it make a difference?},
  author={Sabando, Mar{\'\i}a Virginia and Ponzoni, Ignacio and Milios, Evangelos E and Soto, Axel J},
  journal={Briefings in bioinformatics},
  volume={23},
  number={1},
  pages={bbab365},
  year={2022},
  publisher={Oxford University Press}
}

@article{ChemBERTa-1,
  title={ChemBERTa: large-scale self-supervised pretraining for molecular property prediction},
  author={Chithrananda, Seyone and Grand, Gabriel and Ramsundar, Bharath},
  journal={arXiv preprint arXiv:2010.09885},
  year={2020}
}

@article{ChemBERTa-2,
  title={Chemberta-2: Towards chemical foundation models},
  author={Ahmad, Walid and Simon, Elana and Chithrananda, Seyone and Grand, Gabriel and Ramsundar, Bharath},
  journal={arXiv preprint arXiv:2209.01712},
  year={2022}
}

@article{mol2vec,
  title={Mol2vec: unsupervised machine learning approach with chemical intuition},
  author={Jaeger, Sabrina and Fulle, Simone and Turk, Samo},
  journal={Journal of chemical information and modeling},
  volume={58},
  number={1},
  pages={27--35},
  year={2018},
  publisher={ACS Publications}
}

@article{ECFP,
  title={Extended-connectivity fingerprints},
  author={Rogers, David and Hahn, Mathew},
  journal={Journal of chemical information and modeling},
  volume={50},
  number={5},
  pages={742--754},
  year={2010},
  publisher={ACS Publications}
}

@article{dual,
  title={Dual-view molecular pre-training},
  author={Zhu, Jinhua and Xia, Yingce and Wu, Lijun and Xie, Shufang and Zhou, Wengang and Qin, Tao and Li, Houqiang and Liu, Tie-Yan},
  journal={Proceedings of the 29th ACM SIGKDD Conference on Knowledge Discovery and Data Mining},
  pages={3615--3627},
  year={2023}
}

@article{graph1,
  title={Molecular representations in AI-driven drug discovery: a review and practical guide},
  author={David, Laurianne and Thakkar, Amol and Mercado, Roc{\'\i}o and Engkvist, Ola},
  journal={Journal of Cheminformatics},
  volume={12},
  number={1},
  pages={56},
  year={2020},
  publisher={Springer}
}

@article{graphormer,
  title={Do transformers really perform badly for graph representation?},
  author={Ying, Chengxuan and Cai, Tianle and Luo, Shengjie and Zheng, Shuxin and Ke, Guolin and He, Di and Shen, Yanming and Liu, Tie-Yan},
  journal={Advances in neural information processing systems},
  volume={34},
  pages={28877--28888},
  year={2021}
}

@article{compexp,
  title={Computational exploration of molecular scaffolds in medicinal chemistry: Miniperspective},
  author={Hu, Ye and Stumpfe, Dagmar and Bajorath, Jurgen},
  journal={Journal of medicinal chemistry},
  volume={59},
  number={9},
  pages={4062--4076},
  year={2016},
  publisher={ACS Publications}
}

@article{graph2,
  title={Neural message passing for NMR chemical shift prediction},
  author={Kwon, Youngchun and Lee, Dongseon and Choi, Youn-Suk and Kang, Myeonginn and Kang, Seokho},
  journal={Journal of chemical information and modeling},
  volume={60},
  number={4},
  pages={2024--2030},
  year={2020},
  publisher={ACS Publications}
}


@book{gunther2013nmr,
  title={NMR spectroscopy: basic principles, concepts and applications in chemistry},
  author={G{\"u}nther, Harald},
  year={2013},
  publisher={John Wiley \& Sons}
}

@inproceedings{10.1145/3307339.3342186,
  title={Smiles-bert: large scale unsupervised pre-training for molecular property prediction},
  author={Wang, Sheng and Guo, Yuzhi and Wang, Yuhong and Sun, Hongmao and Huang, Junzhou},
  booktitle={Proceedings of the 10th ACM international conference on bioinformatics, computational biology and health informatics},
  pages={429--436},
  year={2019}
}

@article{doi:10.1021/ci3001277,
  title={ZINC: a free tool to discover chemistry for biology},
  author={Irwin, John J and Sterling, Teague and Mysinger, Michael M and Bolstad, Erin S and Coleman, Ryan G},
  journal={Journal of chemical information and modeling},
  volume={52},
  number={7},
  pages={1757--1768},
  year={2012},
  publisher={ACS Publications}
}


@article{qsar1,
  title={Do we need different machine learning algorithms for QSAR modeling? A comprehensive assessment of 16 machine learning algorithms on 14 QSAR data sets},
  author={Wu, Zhenxing and Zhu, Minfeng and Kang, Yu and Leung, Elaine Lai-Han and Lei, Tailong and Shen, Chao and Jiang, Dejun and Wang, Zhe and Cao, Dongsheng and Hou, Tingjun},
  journal={Briefings in bioinformatics},
  volume={22},
  number={4},
  pages={bbaa321},
  year={2021},
  publisher={Oxford University Press}
}


@article{qsar2,
  title={Machine learning models for classification tasks related to drug safety},
  author={R{\'a}cz, Anita and Bajusz, D{\'a}vid and Miranda-Quintana, Ram{\'o}n Alain and H{\'e}berger, K{\'a}roly},
  journal={Molecular Diversity},
  volume={25},
  number={3},
  pages={1409--1424},
  year={2021},
  publisher={Springer}
}

@article{nmr,
  title={Conditional molecular generation net enables automated structure elucidation based on 13C NMR spectra and prior knowledge},
  author={Yao, Lin and Yang, Minjian and Song, Jianfei and Yang, Zhuo and Sun, Hanyu and Shi, Hui and Liu, Xue and Ji, Xiangyang and Deng, Yafeng and Wang, Xiaojian},
  journal={Analytical chemistry},
  volume={95},
  number={12},
  pages={5393--5401},
  year={2023},
  publisher={ACS Publications}
}

@article{inchi,
  title={InChI, the IUPAC international chemical identifier},
  author={Heller, Stephen R and McNaught, Alan and Pletnev, Igor and Stein, Stephen and Tchekhovskoi, Dmitrii},
  journal={Journal of cheminformatics},
  volume={7},
  pages={1--34},
  year={2015},
  publisher={Springer}
}


@article{selfies,
  title={Self-referencing embedded strings (SELFIES): A 100\% robust molecular string representation},
  author={Krenn, Mario and H{\"a}se, Florian and Nigam, AkshatKumar and Friederich, Pascal and Aspuru-Guzik, Alan},
  journal={Machine Learning: Science and Technology},
  volume={1},
  number={4},
  pages={045024},
  year={2020},
  publisher={IOP Publishing}
}

@article{vec_fp,
  title={Reoptimization of MDL keys for use in drug discovery},
  author={Durant, Joseph L and Leland, Burton A and Henry, Douglas R and Nourse, James G},
  journal={Journal of chemical information and computer sciences},
  volume={42},
  number={6},
  pages={1273--1280},
  year={2002},
  publisher={ACS Publications}
}

@article{fp_ml,
  title={Application of bioactivity profile-based fingerprints for building machine learning models},
  author={Sturm, No{\'e} and Sun, Jiangming and Vandriessche, Yves and Mayr, Andreas and Klambauer, Gunter and Carlsson, Lars and Engkvist, Ola and Chen, Hongming},
  journal={Journal of Chemical Information and Modeling},
  volume={59},
  number={3},
  pages={962--972},
  year={2018},
  publisher={ACS Publications}
}

@article{transformers,
  title={Attention is all you need},
  author={Vaswani, A},
  journal={Advances in Neural Information Processing Systems},
  year={2017}
}

@article{roberta,
  title={Roberta: A robustly optimized bert pretraining approach},
  author={Liu, Yinhan},
  journal={arXiv preprint arXiv:1907.11692},
  year={2019}
}

@article{qm7_1,
  title={970 million druglike small molecules for virtual screening in the chemical universe database GDB-13},
  author={Blum, Lorenz C and Reymond, Jean-Louis},
  journal={Journal of the American Chemical Society},
  volume={131},
  number={25},
  pages={8732--8733},
  year={2009},
  publisher={ACS Publications}
}

@article{qm7_2,
  title={Fast and accurate modeling of molecular atomization energies with machine learning},
  author={Rupp, Matthias and Tkatchenko, Alexandre and M{\"u}ller, Klaus-Robert and Von Lilienfeld, O Anatole},
  journal={Physical review letters},
  volume={108},
  number={5},
  pages={058301},
  year={2012},
  publisher={APS}
}

@article{qm9_1,
  title={Enumeration of 166 billion organic small molecules in the chemical universe database GDB-17},
  author={Ruddigkeit, Lars and Van Deursen, Ruud and Blum, Lorenz C and Reymond, Jean-Louis},
  journal={Journal of chemical information and modeling},
  volume={52},
  number={11},
  pages={2864--2875},
  year={2012},
  publisher={ACS Publications}
}

@article{qm9_2,
  title={Enumeration of 166 billion organic small molecules in the chemical universe database GDB-17},
  author={Ruddigkeit, Lars and Van Deursen, Ruud and Blum, Lorenz C and Reymond, Jean-Louis},
  journal={Journal of chemical information and modeling},
  volume={52},
  number={11},
  pages={2864--2875},
  year={2012},
  publisher={ACS Publications}
}

@article{qm8_1,
    author = {Ramakrishnan, Raghunathan and Hartmann, Mia and Tapavicza, Enrico and von Lilienfeld, O. Anatole},
    title = "{Electronic spectra from TDDFT and machine learning in chemical space}",
    journal = {The Journal of Chemical Physics},
    volume = {143},
    number = {8},
    pages = {084111},
    year = {2015},    
}

@article{FreeSolv,
  title={FreeSolv: a database of experimental and calculated hydration free energies, with input files},
  author={Mobley, David L and Guthrie, J Peter},
  journal={Journal of computer-aided molecular design},
  volume={28},
  pages={711--720},
  year={2014},
  publisher={Springer}
}

@article{esol,
  title={ESOL: estimating aqueous solubility directly from molecular structure},
  author={Delaney, John S},
  journal={Journal of chemical information and computer sciences},
  volume={44},
  number={3},
  pages={1000--1005},
  year={2004},
  publisher={ACS Publications}
}

@article{bbbp,
  title={Prediction of blood-brain barrier penetration (bbbp) based on molecular descriptors of the free-form and in-blood-form datasets},
  author={Sakiyama, Hiroshi and Fukuda, Motohisa and Okuno, Takashi},
  journal={Molecules},
  volume={26},
  number={24},
  pages={7428},
  year={2021},
  publisher={MDPI}
}

@article{tox21,
  title={The Tox21 10K compound library: collaborative chemistry advancing toxicology},
  author={Richard, Ann M and Huang, Ruili and Waidyanatha, Suramya and Shinn, Paul and Collins, Bradley J and Thillainadarajah, Inthirany and Grulke, Christopher M and Williams, Antony J and Lougee, Ryan R and Judson, Richard S and others},
  journal={Chemical Research in Toxicology},
  volume={34},
  number={2},
  pages={189--216},
  year={2020},
  publisher={ACS Publications}
}

@article{molnet,
  title={MoleculeNet: a benchmark for molecular machine learning},
  author={Wu, Zhenqin and Ramsundar, Bharath and Feinberg, Evan N and Gomes, Joseph and Geniesse, Caleb and Pappu, Aneesh S and Leswing, Karl and Pande, Vijay},
  journal={Chemical science},
  volume={9},
  number={2},
  pages={513--530},
  year={2018},
  publisher={Royal Society of Chemistry}
}

@article{muv,
  title={Maximum unbiased validation (MUV) data sets for virtual screening based on PubChem bioactivity data},
  author={Rohrer, Sebastian G and Baumann, Knut},
  journal={Journal of chemical information and modeling},
  volume={49},
  number={2},
  pages={169--184},
  year={2009},
  publisher={ACS Publications}
}

@article{hiv,
  title={The HIV positive selection mutation database},
  author={Pan, Calvin and Kim, Joseph and Chen, Lamei and Wang, Qi and Lee, Christopher},
  journal={Nucleic acids research},
  volume={35},
  number={suppl\_1},
  pages={D371--D375},
  year={2007},
  publisher={Oxford University Press}
}



%% intro graphs
@article{reiser2022graph,
  title={Graph neural networks for materials science and chemistry},
  author={Reiser, Patrick and Neubert, Marlen and Eberhard, Andr{\'e} and Torresi, Luca and Zhou, Chen and Shao, Chen and Metni, Houssam and van Hoesel, Clint and Schopmans, Henrik and Sommer, Timo and others},
  journal={Communications Materials},
  volume={3},
  number={1},
  pages={93},
  year={2022},
  publisher={Nature Publishing Group UK London}
}

%% 2.2 smiles-based NLP models
@article{SHAMSHAD2023102802,
  title={Transformers in medical imaging: A survey},
  author={Shamshad, Fahad and Khan, Salman and Zamir, Syed Waqas and Khan, Muhammad Haris and Hayat, Munawar and Khan, Fahad Shahbaz and Fu, Huazhu},
  journal={Medical Image Analysis},
  volume={88},
  pages={102802},
  year={2023},
  publisher={Elsevier}
}

%% 2.2 smiles-based NLP models
@article{cong2024comprehensive,
  title={Comprehensive review of Transformer-based models in neuroscience, neurology, and psychiatry},
  author={Cong, Shan and Wang, Hang and Zhou, Yang and Wang, Zheng and Yao, Xiaohui and Yang, Chunsheng},
  journal={Brain-X},
  volume={2},
  number={2},
  pages={e57},
  year={2024},
  publisher={Wiley Online Library}
}

@article{gin,
  title={How powerful are graph neural networks?},
  author={Xu, Keyulu and Hu, Weihua and Leskovec, Jure and Jegelka, Stefanie},
  journal={arXiv preprint arXiv:1810.00826},
  year={2018}
}

@article{gcn,
  title={Semi-supervised classification with graph convolutional networks},
  author={Kipf, Thomas N and Welling, Max},
  journal={arXiv preprint arXiv:1609.02907},
  year={2016}
}

@article{gat,
  title={Graph attention networks},
  author={Velickovic, Petar and Cucurull, Guillem and Casanova, Arantxa and Romero, Adriana and Lio, Pietro and Bengio, Yoshua and others},
  journal={stat},
  volume={1050},
  number={20},
  pages={10--48550},
  year={2017}
}

@article{pubchem,
  title={PubChem 2023 update},
  author={Kim, Sunghwan and Chen, Jie and Cheng, Tiejun and Gindulyte, Asta and He, Jia and He, Siqian and Li, Qingliang and Shoemaker, Benjamin A and Thiessen, Paul A and Yu, Bo and others},
  journal={Nucleic acids research},
  volume={51},
  number={D1},
  pages={D1373--D1380},
  year={2023},
  publisher={Oxford University Press}
}

@article{apple,
  title={Gsm-symbolic: Understanding the limitations of mathematical reasoning in large language models},
  author={Mirzadeh, Iman and Alizadeh, Keivan and Shahrokhi, Hooman and Tuzel, Oncel and Bengio, Samy and Farajtabar, Mehrdad},
  journal={arXiv preprint arXiv:2410.05229},
  year={2024}
}

@article{zinc,
  title={ZINC- a free database of commercially available compounds for virtual screening},
  author={Irwin, John J and Shoichet, Brian K},
  journal={Journal of chemical information and modeling},
  volume={45},
  number={1},
  pages={177--182},
  year={2005},
  publisher={ACS Publications}
}

@article{ntxent,
  title={Improved deep metric learning with multi-class n-pair loss objective},
  author={Sohn, Kihyuk},
  journal={Advances in neural information processing systems},
  volume={29},
  year={2016}
}