@article{andrychowicz2020learning,
  title={Learning dexterous in-hand manipulation},
  author={Andrychowicz, OpenAI: Marcin and Baker, Bowen and Chociej, Maciek and Jozefowicz, Rafal and McGrew, Bob and Pachocki, Jakub and Petron, Arthur and Plappert, Matthias and Powell, Glenn and Ray, Alex and others},
  journal={The International Journal of Robotics Research},
  volume={39},
  number={1},
  pages={3--20},
  year={2020},
  publisher={SAGE Publications Sage UK: London, England}
}

@inproceedings{campanaro2024learning,
  title={Learning and deploying robust locomotion policies with minimal dynamics randomization},
  author={Campanaro, Luigi and Gangapurwala, Siddhant and Merkt, Wolfgang and Havoutis, Ioannis},
  booktitle={6th Annual Learning for Dynamics \& Control Conference},
  pages={578--590},
  year={2024},
  organization={PMLR}
}

@article{cheng2024expressive,
  title={Expressive whole-body control for humanoid robots},
  author={Cheng, Xuxin and Ji, Yandong and Chen, Junming and Yang, Ruihan and Yang, Ge and Wang, Xiaolong},
  journal={arXiv preprint arXiv:2402.16796},
  year={2024}
}

@article{he2024hover,
  title={Hover: Versatile neural whole-body controller for humanoid robots},
  author={He, Tairan and Xiao, Wenli and Lin, Toru and Luo, Zhengyi and Xu, Zhenjia and Jiang, Zhenyu and Kautz, Jan and Liu, Changliu and Shi, Guanya and Wang, Xiaolong and others},
  journal={arXiv preprint arXiv:2410.21229},
  year={2024}
}

@inproceedings{luo2023perpetual,
  title={Perpetual humanoid control for real-time simulated avatars},
  author={Luo, Zhengyi and Cao, Jinkun and Kitani, Kris and Xu, Weipeng and others},
  booktitle={Proceedings of the IEEE/CVF International Conference on Computer Vision},
  pages={10895--10904},
  year={2023}
}

@article{peng2018deepmimic,
  title={Deepmimic: Example-guided deep reinforcement learning of physics-based character skills},
  author={Peng, Xue Bin and Abbeel, Pieter and Levine, Sergey and Van de Panne, Michiel},
  journal={ACM Transactions On Graphics (TOG)},
  volume={37},
  number={4},
  pages={1--14},
  year={2018},
  publisher={ACM New York, NY, USA}
}

@article{peng2021amp,
  title={Amp: Adversarial motion priors for stylized physics-based character control},
  author={Peng, Xue Bin and Ma, Ze and Abbeel, Pieter and Levine, Sergey and Kanazawa, Angjoo},
  journal={ACM Transactions on Graphics (ToG)},
  volume={40},
  number={4},
  pages={1--20},
  year={2021},
  publisher={ACM New York, NY, USA}
}

@article{peng2022ase,
  title={ASE: Large-scale reusable adversarial skill embeddings for physically simulated characters},
  author={Peng, Xue Bin and Guo, Yunrong and Halper, Lina and Levine, Sergey and Fidler, Sanja},
  journal={ACM Transactions On Graphics (TOG)},
  volume={41},
  number={4},
  pages={1--17},
  year={2022},
  publisher={ACM New York, NY, USA}
}

@article{radosavovic2024learning,
  title={Learning humanoid locomotion over challenging terrain},
  author={Radosavovic, Ilija and Kamat, Sarthak and Darrell, Trevor and Malik, Jitendra},
  journal={arXiv preprint arXiv:2410.03654},
  year={2024}
}

@article{radosavovic2024real,
  title={Real-world humanoid locomotion with reinforcement learning},
  author={Radosavovic, Ilija and Xiao, Tete and Zhang, Bike and Darrell, Trevor and Malik, Jitendra and Sreenath, Koushil},
  journal={Science Robotics},
  volume={9},
  number={89},
  pages={eadi9579},
  year={2024},
  publisher={American Association for the Advancement of Science}
}

@inproceedings{siekmann2021sim,
  title={Sim-to-real learning of all common bipedal gaits via periodic reward composition},
  author={Siekmann, Jonah and Godse, Yesh and Fern, Alan and Hurst, Jonathan},
  booktitle={2021 IEEE International Conference on Robotics and Automation (ICRA)},
  pages={7309--7315},
  year={2021},
  organization={IEEE}
}

@inproceedings{valassakis2020crossing,
  title={Crossing the gap: A deep dive into zero-shot sim-to-real transfer for dynamics},
  author={Valassakis, Eugene and Ding, Zihan and Johns, Edward},
  booktitle={2020 IEEE/RSJ International Conference on Intelligent Robots and Systems (IROS)},
  pages={5372--5379},
  year={2020},
  organization={IEEE}
}

@inproceedings{zhang2024whole,
  title={Whole-body humanoid robot locomotion with human reference},
  author={Zhang, Qiang and Cui, Peter and Yan, David and Sun, Jingkai and Duan, Yiqun and Han, Gang and Zhao, Wen and Zhang, Weining and Guo, Yijie and Zhang, Arthur and others},
  booktitle={2024 IEEE/RSJ International Conference on Intelligent Robots and Systems (IROS)},
  pages={11225--11231},
  year={2024},
  organization={IEEE}
}

