@online{fftai,
  title = {Fourier Intelligence Company},
  howpublished = {\url{https://www.fftai.com/products-gr1}},
}

@inproceedings{van2014zero,
  title={Zero-Moment Point on a bipedal robot under bio-inspired walking control},
  author={Van der Noot, Nicolas and Barrea, Allan},
  booktitle={MELECON 2014-2014 17th IEEE Mediterranean Electrotechnical Conference},
  pages={85--90},
  year={2014},
  organization={IEEE}
}

@inproceedings{fuchioka2023opt,
  title={Opt-mimic: Imitation of optimized trajectories for dynamic quadruped behaviors},
  author={Fuchioka, Yuni and Xie, Zhaoming and Van de Panne, Michiel},
  booktitle={2023 IEEE International Conference on Robotics and Automation (ICRA)},
  pages={5092--5098},
  year={2023},
  organization={IEEE}
}


@inproceedings{caron2015stability,
  title={Stability of surface contacts for humanoid robots: Closed-form formulae of the contact wrench cone for rectangular support areas},
  author={Caron, St{\'e}phane and Pham, Quang-Cuong and Nakamura, Yoshihiko},
  booktitle={2015 IEEE International Conference on Robotics and Automation (ICRA)},
  pages={5107--5112},
  year={2015},
  organization={IEEE}
}


@inproceedings{zheng2010walking,
  title={A walking pattern generator for biped robots on uneven terrains},
  author={Zheng, Yu and Lin, Ming C and Manocha, Dinesh and Adiwahono, Albertus Hendrawan and Chew, Chee-Meng},
  booktitle={2010 IEEE/RSJ International Conference on Intelligent Robots and Systems},
  pages={4483--4488},
  year={2010},
  organization={IEEE}
}


@inproceedings{nam2021gmac,
  title={GMAC: A distributional perspective on actor-critic framework},
  author={Nam, Daniel W and Kim, Younghoon and Park, Chan Y},
  booktitle={International Conference on Machine Learning},
  pages={7927--7936},
  year={2021},
  organization={PMLR}
}

@article{liu2024aligning,
  title={Aligning cyber space with physical world: A comprehensive survey on embodied ai},
  author={Liu, Yang and Chen, Weixing and Bai, Yongjie and Liang, Xiaodan and Li, Guanbin and Gao, Wen and Lin, Liang},
  journal={arXiv preprint arXiv:2407.06886},
  year={2024}
}

@article{he2024hover,
  title={Hover: Versatile neural whole-body controller for humanoid robots},
  author={He, Tairan and Xiao, Wenli and Lin, Toru and Luo, Zhengyi and Xu, Zhenjia and Jiang, Zhenyu and Kautz, Jan and Liu, Changliu and Shi, Guanya and Wang, Xiaolong and others},
  journal={arXiv preprint arXiv:2410.21229},
  year={2024}
}

@article{tong2024advancements,
  title={Advancements in humanoid robots: A comprehensive review and future prospects},
  author={Tong, Yuchuang and Liu, Haotian and Zhang, Zhengtao},
  journal={IEEE/CAA Journal of Automatica Sinica},
  volume={11},
  number={2},
  pages={301--328},
  year={2024},
  publisher={IEEE}
}

@article{semeraro2023human,
  title={Human--robot collaboration and machine learning: A systematic review of recent research},
  author={Semeraro, Francesco and Griffiths, Alexander and Cangelosi, Angelo},
  journal={Robotics and Computer-Integrated Manufacturing},
  volume={79},
  pages={102432},
  year={2023},
  publisher={Elsevier}
}

@article{hwangbo2019learning,
  title={Learning agile and dynamic motor skills for legged robots},
  author={Hwangbo, Jemin and Lee, Joonho and Dosovitskiy, Alexey and Bellicoso, Dario and Tsounis, Vassilios and Koltun, Vladlen and Hutter, Marco},
  journal={Science Robotics},
  volume={4},
  number={26},
  pages={eaau5872},
  year={2019},
  publisher={American Association for the Advancement of Science}
}

@inproceedings{farshidian2017real,
  title={Real-time motion planning of legged robots: A model predictive control approach},
  author={Farshidian, Farbod and Jelavic, Edo and Satapathy, Asutosh and Giftthaler, Markus and Buchli, Jonas},
  booktitle={2017 IEEE-RAS 17th International Conference on Humanoid Robotics (Humanoids)},
  pages={577--584},
  year={2017},
  organization={IEEE}
}

@article{vernon2024importance,
  title={The Importance of Being Humanoid},
  author={Vernon, David and Sandini, Giulio},
  journal={International Journal of Humanoid Robotics},
  volume={21},
  number={01},
  year={2024},
  publisher={WORLD SCIENTIFIC PUBL CO PTE LTD 5 TOH TUCK LINK, SINGAPORE 596224, SINGAPORE}
}

@article{radosavovic2024real,
  title={Real-world humanoid locomotion with reinforcement learning},
  author={Radosavovic, Ilija and Xiao, Tete and Zhang, Bike and Darrell, Trevor and Malik, Jitendra and Sreenath, Koushil},
  journal={Science Robotics},
  volume={9},
  number={89},
  pages={eadi9579},
  year={2024},
  publisher={American Association for the Advancement of Science}
}

@inproceedings{siekmann2021sim,
  title={Sim-to-real learning of all common bipedal gaits via periodic reward composition},
  author={Siekmann, Jonah and Godse, Yesh and Fern, Alan and Hurst, Jonathan},
  booktitle={2021 IEEE International Conference on Robotics and Automation (ICRA)},
  pages={7309--7315},
  year={2021},
  organization={IEEE}
}


@article{peng2018deepmimic,
  title={Deepmimic: Example-guided deep reinforcement learning of physics-based character skills},
  author={Peng, Xue Bin and Abbeel, Pieter and Levine, Sergey and Van de Panne, Michiel},
  journal={ACM Transactions On Graphics (TOG)},
  volume={37},
  number={4},
  pages={1--14},
  year={2018},
  publisher={ACM New York, NY, USA}
}

@inproceedings{luo2023perpetual,
  title={Perpetual humanoid control for real-time simulated avatars},
  author={Luo, Zhengyi and Cao, Jinkun and Kitani, Kris and Xu, Weipeng and others},
  booktitle={Proceedings of the IEEE/CVF International Conference on Computer Vision},
  pages={10895--10904},
  year={2023}
}

@article{peng2021amp,
  title={Amp: Adversarial motion priors for stylized physics-based character control},
  author={Peng, Xue Bin and Ma, Ze and Abbeel, Pieter and Levine, Sergey and Kanazawa, Angjoo},
  journal={ACM Transactions on Graphics (ToG)},
  volume={40},
  number={4},
  pages={1--20},
  year={2021},
  publisher={ACM New York, NY, USA}
}


@article{peng2022ase,
  title={ASE: Large-scale reusable adversarial skill embeddings for physically simulated characters},
  author={Peng, Xue Bin and Guo, Yunrong and Halper, Lina and Levine, Sergey and Fidler, Sanja},
  journal={ACM Transactions On Graphics (TOG)},
  volume={41},
  number={4},
  pages={1--17},
  year={2022},
  publisher={ACM New York, NY, USA}
}

@article{cheng2024expressive,
  title={Expressive whole-body control for humanoid robots},
  author={Cheng, Xuxin and Ji, Yandong and Chen, Junming and Yang, Ruihan and Yang, Ge and Wang, Xiaolong},
  journal={arXiv preprint arXiv:2402.16796},
  year={2024}
}


@inproceedings{zhang2024whole,
  title={Whole-body humanoid robot locomotion with human reference},
  author={Zhang, Qiang and Cui, Peter and Yan, David and Sun, Jingkai and Duan, Yiqun and Han, Gang and Zhao, Wen and Zhang, Weining and Guo, Yijie and Zhang, Arthur and others},
  booktitle={2024 IEEE/RSJ International Conference on Intelligent Robots and Systems (IROS)},
  pages={11225--11231},
  year={2024},
  organization={IEEE}
}


@article{radosavovic2024learning,
  title={Learning humanoid locomotion over challenging terrain},
  author={Radosavovic, Ilija and Kamat, Sarthak and Darrell, Trevor and Malik, Jitendra},
  journal={arXiv preprint arXiv:2410.03654},
  year={2024}
}

@article{andrychowicz2020learning,
  title={Learning dexterous in-hand manipulation},
  author={Andrychowicz, OpenAI: Marcin and Baker, Bowen and Chociej, Maciek and Jozefowicz, Rafal and McGrew, Bob and Pachocki, Jakub and Petron, Arthur and Plappert, Matthias and Powell, Glenn and Ray, Alex and others},
  journal={The International Journal of Robotics Research},
  volume={39},
  number={1},
  pages={3--20},
  year={2020},
  publisher={SAGE Publications Sage UK: London, England}
}

@inproceedings{valassakis2020crossing,
  title={Crossing the gap: A deep dive into zero-shot sim-to-real transfer for dynamics},
  author={Valassakis, Eugene and Ding, Zihan and Johns, Edward},
  booktitle={2020 IEEE/RSJ International Conference on Intelligent Robots and Systems (IROS)},
  pages={5372--5379},
  year={2020},
  organization={IEEE}
}

@inproceedings{campanaro2024learning,
  title={Learning and deploying robust locomotion policies with minimal dynamics randomization},
  author={Campanaro, Luigi and Gangapurwala, Siddhant and Merkt, Wolfgang and Havoutis, Ioannis},
  booktitle={6th Annual Learning for Dynamics \& Control Conference},
  pages={578--590},
  year={2024},
  organization={PMLR}
}

@article{garcia1989model,
  title={Model predictive control: Theory and practiceâ€”A survey},
  author={Garcia, Carlos E and Prett, David M and Morari, Manfred},
  journal={Automatica},
  volume={25},
  number={3},
  pages={335--348},
  year={1989},
  publisher={Elsevier}
}

@article{li2024reinforcement,
  title={Reinforcement learning for versatile, dynamic, and robust bipedal locomotion control},
  author={Li, Zhongyu and Peng, Xue Bin and Abbeel, Pieter and Levine, Sergey and Berseth, Glen and Sreenath, Koushil},
  journal={The International Journal of Robotics Research},
  pages={02783649241285161},
  year={2024},
  publisher={SAGE Publications Sage UK: London, England}
}

@book{sutton2018reinforcement,
  title={Reinforcement learning: An introduction},
  author={Sutton, Richard S and Barto, Andrew G},
  year={2018},
  publisher={MIT press}
}








@inproceedings{dabney2018implicit,
  title={Implicit quantile networks for distributional reinforcement learning},
  author={Dabney, Will and Ostrovski, Georg and Silver, David and Munos, R{\'e}mi},
  booktitle={International conference on machine learning},
  pages={1096--1105},
  year={2018},
  organization={PMLR}
}

@inproceedings{bellemare2017distributional,
  title={A distributional perspective on reinforcement learning},
  author={Bellemare, Marc G and Dabney, Will and Munos, R{\'e}mi},
  booktitle={International Conference on Machine Learning},
  pages={449--458},
  year={2017},
  organization={PMLR}
}

@inproceedings{dabney2018distributional,
  title={Distributional reinforcement learning with quantile regression},
  author={Dabney, Will and Rowland, Mark and Bellemare, Marc and Munos, R{\'e}mi},
  booktitle={Proceedings of the AAAI Conference on Artificial Intelligence},
  volume={32},
  number={1},
  year={2018}
}

@article{muller1997integral,
  title={Integral probability metrics and their generating classes of functions},
  author={M{\"u}ller, Alfred},
  journal={Advances in Applied Probability},
  volume={29},
  number={2},
  pages={429--443},
  year={1997},
  publisher={Cambridge University Press}
}

@article{zhou2020non,
  title={Non-crossing quantile regression for distributional reinforcement learning},
  author={Zhou, Fan and Wang, Jianing and Feng, Xingdong},
  journal={Advances in Neural Information Processing Systems},
  volume={33},
  pages={15909--15919},
  year={2020}
}

@inproceedings{schulman2015trust,
  title={Trust region policy optimization},
  author={Schulman, John and Levine, Sergey and Abbeel, Pieter and Jordan, Michael and Moritz, Philipp},
  booktitle={International conference on machine learning},
  pages={1889--1897},
  year={2015},
  organization={PMLR}
}

convex optimization

@article{abdolmaleki2018maximum,
  title={Maximum a posteriori policy optimisation},
  author={Abdolmaleki, Abbas and Springenberg, Jost Tobias and Tassa, Yuval and Munos, Remi and Heess, Nicolas and Riedmiller, Martin},
  journal={arXiv preprint arXiv:1806.06920},
  year={2018}
}

@inproceedings{sun2009efficient,
  title={Efficient natural evolution strategies},
  author={Sun, Yi and Wierstra, Daan and Schaul, Tom and Schmidhuber, J{\"u}rgen},
  booktitle={Proceedings of the 11th Annual conference on Genetic and evolutionary computation},
  pages={539--546},
  year={2009}
}

@inproceedings{haarnoja2018soft,
  title={Soft actor-critic: Off-policy maximum entropy deep reinforcement learning with a stochastic actor},
  author={Haarnoja, Tuomas and Zhou, Aurick and Abbeel, Pieter and Levine, Sergey},
  booktitle={International conference on machine learning},
  pages={1861--1870},
  year={2018},
  organization={PMLR}
}

@article{schulman2015high,
  title={High-dimensional continuous control using generalized advantage estimation},
  author={Schulman, John and Moritz, Philipp and Levine, Sergey and Jordan, Michael and Abbeel, Pieter},
  journal={arXiv preprint arXiv:1506.02438},
  year={2015}
}

@inproceedings{todorov2012mujoco,
  title={Mujoco: A physics engine for model-based control},
  author={Todorov, Emanuel and Erez, Tom and Tassa, Yuval},
  booktitle={2012 IEEE/RSJ international conference on intelligent robots and systems},
  pages={5026--5033},
  year={2012},
  organization={IEEE}
}

@inproceedings{rudin2022learning,
  title={Learning to walk in minutes using massively parallel deep reinforcement learning},
  author={Rudin, Nikita and Hoeller, David and Reist, Philipp and Hutter, Marco},
  booktitle={Conference on Robot Learning},
  pages={91--100},
  year={2022},
  organization={PMLR}
}

@article{schulman2017proximal,
  title={Proximal policy optimization algorithms},
  author={Schulman, John and Wolski, Filip and Dhariwal, Prafulla and Radford, Alec and Klimov, Oleg},
  journal={arXiv preprint arXiv:1707.06347},
  year={2017}
}

@inproceedings{peng2017learning,
  title={Learning locomotion skills using deeprl: Does the choice of action space matter?},
  author={Peng, Xue Bin and Van De Panne, Michiel},
  booktitle={Proceedings of the ACM SIGGRAPH/Eurographics Symposium on Computer Animation},
  pages={1--13},
  year={2017}
}


@article{park2016differential,
  title={Differential game based air combat maneuver generation using scoring function matrix},
  author={Park, Hyunju and Lee, Byung-Yoon and Tahk, Min-Jea and Yoo, Dong-Wan},
  journal={International Journal of Aeronautical and Space Sciences},
  volume={17},
  number={2},
  pages={204--213},
  year={2016},
  publisher={The Korean Society for Aeronautical and Space Sciences}
}

@article{bergamin2019drecon,
  title={DReCon: data-driven responsive control of physics-based characters},
  author={Bergamin, Kevin and Clavet, Simon and Holden, Daniel and Forbes, James Richard},
  journal={ACM Transactions On Graphics (TOG)},
  volume={38},
  number={6},
  pages={1--11},
  year={2019},
  publisher={ACM New York, NY, USA}
}

@article{yu2018learning,
  title={Learning symmetric and low-energy locomotion},
  author={Yu, Wenhao and Turk, Greg and Liu, C Karen},
  journal={ACM Transactions on Graphics (TOG)},
  volume={37},
  number={4},
  pages={1--12},
  year={2018},
  publisher={ACM New York, NY, USA}
}


