%% Knowledge Editing Related Works

@article{memitMeng2022MassEditingMI,
  title={Mass-Editing Memory in a Transformer},
  author={Kevin Meng and Arnab Sharma and Alex Andonian and Yonatan Belinkov and David Bau},
  journal={ArXiv},
  year={2022},
  volume={abs/2210.07229},
  url={https://api.semanticscholar.org/CorpusID:252873467}
} % MEMIT


@article{birdMa2023UntyingTR,
  title={Untying the Reversal Curse via Bidirectional Language Model Editing},
  author={Jun-Yu Ma and Jia-Chen Gu and Zhen-Hua Ling and Quan Liu and Cong Liu},
  journal={ArXiv},
  year={2023},
  volume={abs/2310.10322},
  url={https://api.semanticscholar.org/CorpusID:264146289}
} % BIRD/BAKE recall of edit in reversed form

@inproceedings{romeMeng2022LocatingAE,
  title={Locating and Editing Factual Associations in GPT},
  author={Kevin Meng and David Bau and Alex Andonian and Yonatan Belinkov},
  booktitle={Neural Information Processing Systems},
  year={2022},
  url={https://api.semanticscholar.org/CorpusID:255825985}
} % ROME

@article{ftZhu2020ModifyingMI,
  title={Modifying Memories in Transformer Models},
  author={Chen Zhu and Ankit Singh Rawat and Manzil Zaheer and Srinadh Bhojanapalli and Daliang Li and Felix X. Yu and Sanjiv Kumar},
  journal={ArXiv},
  year={2020},
  volume={abs/2012.00363},
  url={https://api.semanticscholar.org/CorpusID:227238659}
} % FT-W

@article{mendMitchell2021FastME,
  title={Fast Model Editing at Scale},
  author={Eric Mitchell and Charles Lin and Antoine Bosselut and Chelsea Finn and Christopher D. Manning},
  journal={ArXiv},
  year={2021},
  volume={abs/2110.11309},
  url={https://api.semanticscholar.org/CorpusID:239050360}
} % mend

@inproceedings{DeCao2021EditingFK,
  title={Editing Factual Knowledge in Language Models},
  author={Nicola De Cao and Wilker Aziz and Ivan Titov},
  booktitle={Conference on Empirical Methods in Natural Language Processing},
  year={2021},
  url={https://api.semanticscholar.org/CorpusID:233289412}
} 

% Survey Knowledge Editing
@article{Wang2023KnowledgeEF,
  title={Knowledge Editing for Large Language Models: A Survey},
  author={Song Wang and Yaochen Zhu and Haochen Liu and Zaiyi Zheng and Chen Chen and Jundong Li},
  journal={ArXiv},
  year={2023},
  volume={abs/2310.16218},
  url={https://api.semanticscholar.org/CorpusID:264487359}
}

@article{Mazzia2023ASO,
  title={A Survey on Knowledge Editing of Neural Networks},
  author={Vittorio Mazzia and Alessandro Pedrani and Andrea Caciolai and Kay Rottmann and Davide Bernardi},
  journal={ArXiv},
  year={2023},
  volume={abs/2310.19704},
  url={https://api.semanticscholar.org/CorpusID:264820150}
}

@inproceedings{Zhong2023MQuAKEAK,
  title={MQuAKE: Assessing Knowledge Editing in Language Models via Multi-Hop Questions},
  author={Zexuan Zhong and Zhengxuan Wu and Christopher D. Manning and Christopher Potts and Danqi Chen},
  booktitle={Conference on Empirical Methods in Natural Language Processing},
  year={2023},
  url={https://api.semanticscholar.org/CorpusID:258865984}
} 

@article{Yao2023EditingLL,
  title={Editing Large Language Models: Problems, Methods, and Opportunities},
  author={Yunzhi Yao and Peng Wang and Bo Tian and Siyuan Cheng and Zhoubo Li and Shumin Deng and Huajun Chen and Ningyu Zhang},
  journal={ArXiv},
  year={2023},
  volume={abs/2305.13172},
  url={https://api.semanticscholar.org/CorpusID:258833129}
}



% Memory based approaches

@article{seracMitchell2022MemoryBasedME,
  title={Memory-Based Model Editing at Scale},
  author={Eric Mitchell and Charles Lin and Antoine Bosselut and Christopher D. Manning and Chelsea Finn},
  journal={ArXiv},
  year={2022},
  volume={abs/2206.06520},
  url={https://api.semanticscholar.org/CorpusID:249642147}
} % SERAC

@article{Wang2024DeepEditKE,
  title={DeepEdit: Knowledge Editing as Decoding with Constraints},
  author={Yiwei Wang and Muhao Chen and Nanyun Peng and Kai-wei Chang},
  journal={ArXiv},
  year={2024},
  volume={abs/2401.10471},
  url={https://api.semanticscholar.org/CorpusID:267060897}
} % DeepEdit

@article{ikeZheng2023CanWE,
  title={Can We Edit Factual Knowledge by In-Context Learning?},
  author={Ce Zheng and Lei Li and Qingxiu Dong and Yuxuan Fan and Zhiyong Wu and Jingjing Xu and Baobao Chang},
  journal={ArXiv},
  year={2023},
  volume={abs/2305.12740},
  url={https://api.semanticscholar.org/CorpusID:258832407}
} % IKE


@inproceedings{markowitz-etal-2024-tree,
    title = "Tree-of-Traversals: A Zero-Shot Reasoning Algorithm for Augmenting Black-box Language Models with Knowledge Graphs",
    author = "Markowitz, Elan  and
      Ramakrishna, Anil  and
      Dhamala, Jwala  and
      Mehrabi, Ninareh  and
      Peris, Charith  and
      Gupta, Rahul  and
      Chang, Kai-Wei  and
      Galstyan, Aram",
    editor = "Ku, Lun-Wei  and
      Martins, Andre  and
      Srikumar, Vivek",
    booktitle = "Proceedings of the 62nd Annual Meeting of the Association for Computational Linguistics (Volume 1: Long Papers)",
    month = aug,
    year = "2024",
    address = "Bangkok, Thailand",
    publisher = "Association for Computational Linguistics",
    url = "https://aclanthology.org/2024.acl-long.665/",
    doi = "10.18653/v1/2024.acl-long.665",
    pages = "12302--12319",
    abstract = "Knowledge graphs (KGs) complement Large Language Models (LLMs) by providing reliable, structured, domain-specific, and up-to-date external knowledge. However, KGs and LLMs are often developed separately and must be integrated after training. We introduce Tree-of-Traversals, a novel zero-shot reasoning algorithm that enables augmentation of black-box LLMs with one or more KGs. The algorithm equips a LLM with actions for interfacing a KG and enables the LLM to perform tree search over possible thoughts and actions to find high confidence reasoning paths. Tree-of-Traversals significantly improves performance on question answering and KG question answering tasks. Code is available at https://github.com/amazon-science/tree-of-traversals"
}

@article{lewis2020retrieval,
  title={Retrieval-augmented generation for knowledge-intensive nlp tasks},
  author={Lewis, Patrick and Perez, Ethan and Piktus, Aleksandra and Petroni, Fabio and Karpukhin, Vladimir and Goyal, Naman and K{\"u}ttler, Heinrich and Lewis, Mike and Yih, Wen-tau and Rockt{\"a}schel, Tim and others},
  journal={Advances in Neural Information Processing Systems},
  volume={33},
  pages={9459--9474},
  year={2020}
}

@article{easyeditWang2023EasyEditAE,
  title={EasyEdit: An Easy-to-use Knowledge Editing Framework for Large Language Models},
  author={Penglong Wang and Ningyu Zhang and Xin Xie and Yunzhi Yao and Bo Tian and Mengru Wang and Zekun Xi and Siyuan Cheng and Kangwei Liu and Guozhou Zheng and Huajun Chen},
  journal={ArXiv},
  year={2023},
  volume={abs/2308.07269},
  url={https://api.semanticscholar.org/CorpusID:260887090}
}

@article{rippleCohen2023EvaluatingTR,
  title={Evaluating the Ripple Effects of Knowledge Editing in Language Models},
  author={Roi Cohen and Eden Biran and Ori Yoran and Amir Globerson and Mor Geva},
  journal={ArXiv},
  year={2023},
  volume={abs/2307.12976},
  url={https://api.semanticscholar.org/CorpusID:260356612}
}

@inproceedings{depeditLi2023EvaluatingDI,
  title={Evaluating Dependencies in Fact Editing for Language Models: Specificity and Implication Awareness},
  author={Zichao Li and Ines Arous and Siva Reddy and Jackie C.K. Cheung},
  booktitle={Conference on Empirical Methods in Natural Language Processing},
  year={2023},
  url={https://api.semanticscholar.org/CorpusID:265608891}
}

@inproceedings{Onoe2023CanLL,
  title={Can LMs Learn New Entities from Descriptions? Challenges in Propagating Injected Knowledge},
  author={Yasumasa Onoe and Michael J.Q. Zhang and Shankar Padmanabhan and Greg Durrett and Eunsol Choi},
  booktitle={Annual Meeting of the Association for Computational Linguistics},
  year={2023},
  url={https://api.semanticscholar.org/CorpusID:258437155}
}


@article{Vrandei2014WikidataAF,
  title={Wikidata: a free collaborative knowledgebase},
  author={Denny Vrandečić and Markus Kr{\"o}tzsch},
  journal={Commun. ACM},
  year={2014},
  volume={57},
  pages={78-85},
  url={https://api.semanticscholar.org/CorpusID:14494942}
}

@article{Lehmann2015DBpediaA,
  title={DBpedia - A large-scale, multilingual knowledge base extracted from Wikipedia},
  author={Jens Lehmann and Robert Isele and Max Jakob and Anja Jentzsch and Dimitris Kontokostas and Pablo N. Mendes and Sebastian Hellmann and Mohamed Morsey and Patrick van Kleef and S. Auer and Christian Bizer},
  journal={Semantic Web},
  year={2015},
  volume={6},
  pages={167-195},
  url={https://api.semanticscholar.org/CorpusID:1181640}
}







@article{Geva2023DissectingRO,
  title={Dissecting Recall of Factual Associations in Auto-Regressive Language Models},
  author={Mor Geva and Jasmijn Bastings and Katja Filippova and Amir Globerson},
  journal={ArXiv},
  year={2023},
  volume={abs/2304.14767},
  url={https://api.semanticscholar.org/CorpusID:258417932}
}

@article{Sakarvadia2023MemoryIC,
  title={Memory Injections: Correcting Multi-Hop Reasoning Failures During Inference in Transformer-Based Language Models},
  author={Mansi Sakarvadia and Aswathy Ajith and Arham Khan and Daniel Grzenda and Nathaniel Hudson and Andr{\'e} Bauer and Kyle Chard and Ian T Foster},
  journal={ArXiv},
  year={2023},
  volume={abs/2309.05605},
  url={https://api.semanticscholar.org/CorpusID:261697015}
} % TODO: Add this

@inproceedings{Yang2024DoLL,
  title={Do Large Language Models Latently Perform Multi-Hop Reasoning?},
  author={Sohee Yang and Elena Gribovskaya and Nora Kassner and Mor Geva and Sebastian Riedel},
  year={2024},
  url={https://api.semanticscholar.org/CorpusID:268032051}
}


% cross lingual
@article{Si2024MPNLM,
  title={MPN: Leveraging Multilingual Patch Neuron for Cross-lingual Model Editing},
  author={Nianwen Si and Hao Zhang and Weiqiang Zhang},
  journal={ArXiv},
  year={2024},
  volume={abs/2401.03190},
  url={https://api.semanticscholar.org/CorpusID:266844781}
}

@inproceedings{Wang2023RetrievalaugmentedMK,
  title={Retrieval-augmented Multilingual Knowledge Editing},
  author={Weixuan Wang and Barry Haddow and Alexandra Birch},
  booktitle={Annual Meeting of the Association for Computational Linguistics},
  year={2023},
  url={https://api.semanticscholar.org/CorpusID:266374418}
}