@InProceedings{Lee2024CVPR,
    author    = {Lee, Jihyun and Saito, Shunsuke and Nam, Giljoo and Sung, Minhyuk and Kim, Tae-Kyun},
    title     = {InterHandGen: Two-Hand Interaction Generation via Cascaded Reverse Diffusion},
    booktitle = {Proceedings of the IEEE/CVF Conference on Computer Vision and Pattern Recognition (CVPR)},
    year      = {2024},
}

@InProceedings{Li_2024_CVPR,
    author    = {Li, Baiyi and Ho, Edmond S. L. and Shum, Hubert P. H. and Wang, He},
    title     = {Two-Person Interaction Augmentation with Skeleton Priors},
    booktitle = {Proceedings of the IEEE/CVF Conference on Computer Vision and Pattern Recognition (CVPR) Workshops},
    year      = {2024}
}

@InProceedings{Pi_2023_ICCV,
    author    = {Pi, Huaijin and Peng, Sida and Yang, Minghui and Zhou, Xiaowei and Bao, Hujun},
    title     = {Hierarchical Generation of Human-Object Interactions with Diffusion Probabilistic Models},
    booktitle = {Proceedings of the IEEE/CVF International Conference on Computer Vision },
    year      = {2023}
}

@InProceedings{ghosh2024remos,
title={ReMoS: 3D Motion-Conditioned Reaction Synthesis for Two-Person Interactions},
author={Ghosh, Anindita and Dabral, Rishabh and Golyanik, Vladislav and Theobalt, Christian and Slusallek, Philipp},
booktitle={European Conference on Computer Vision},
year={2024}
}

@article{jang2024geometry,
  title={Geometry-Aware Retargeting for Two-Skinned Characters Interaction},
  author={Jang, Inseo and Choi, Soojin and Hong, Seokhyeon and Kim, Chaelin and Noh, Junyong},
  journal={ACM Transactions on Graphics (TOG)},
  year={2024}
}

@inproceedings{jiang2024scaling,
  title={Scaling up dynamic human-scene interaction modeling},
  author={Jiang, Nan and Zhang, Zhiyuan and Li, Hongjie and Ma, Xiaoxuan and Wang, Zan and Chen, Yixin and Liu, Tengyu and Zhu, Yixin and Huang, Siyuan},
  booktitle={Proceedings of the IEEE/CVF Conference on Computer Vision and Pattern Recognition},
  year={2024}
}

@inproceedings{karunratanakul2023guided,
  title={Guided motion diffusion for controllable human motion synthesis},
  author={Karunratanakul, Korrawe and Preechakul, Konpat and Suwajanakorn, Supasorn and Tang, Siyu},
  booktitle={Proceedings of the IEEE/CVF International Conference on Computer Vision},
  year={2023}
}

@inproceedings{li2024genzi,
    title     = {{GenZI}: Zero-Shot {3D} Human-Scene Interaction Generation},
    author    = {Li, Lei and Dai, Angela},
    booktitle = {Proceedings of the IEEE/CVF Conference on Computer Vision and Pattern Recognition},
    year      = {2024}
}

@article{liang2024intergen,
  title={Intergen: Diffusion-based multi-human motion generation under complex interactions},
  author={Liang, Han and Zhang, Wenqian and Li, Wenxuan and Yu, Jingyi and Xu, Lan},
  journal={International Journal of Computer Vision},
  year={2024}
}

@article{peng2023hoi,
  title={Hoi-diff: Text-driven synthesis of 3d human-object interactions using diffusion models},
  author={Peng, Xiaogang and Xie, Yiming and Wu, Zizhao and Jampani, Varun and Sun, Deqing and Jiang, Huaizu},
  journal={arXiv preprint arXiv:2312.06553},
  year={2023}
}

@article{shan2024towards,
  title={Towards open domain text-driven synthesis of multi-person motions},
  author={Shan, Mengyi and Dong, Lu and Han, Yutao and Yao, Yuan and Liu, Tao and Nwogu, Ifeoma and Qi, Guo-Jun and Hill, Mitch},
  journal={arXiv preprint arXiv:2405.18483},
  year={2024}
}

@article{van2017neural,
  title={Neural discrete representation learning},
  author={Van Den Oord, Aaron and Vinyals, Oriol and others},
  journal={Advances in neural information processing systems},
  year={2017}
}

@article{wan2023tlcontrol,
  title={Tlcontrol: Trajectory and language control for human motion synthesis},
  author={Wan, Weilin and Dou, Zhiyang and Komura, Taku and Wang, Wenping and Jayaraman, Dinesh and Liu, Lingjie},
  journal={arXiv preprint arXiv:2311.17135},
  year={2023}
}

@article{wang2023intercontrol,
  title={InterControl: Generate Human Motion Interactions by Controlling Every Joint},
  author={Wang, Zhenzhi and Wang, Jingbo and Lin, Dahua and Dai, Bo},
  journal={arXiv preprint arXiv:2311.15864},
  year={2023}
}

@inproceedings{wang2024move,
  title={Move as You Say Interact as You Can: Language-guided Human Motion Generation with Scene Affordance},
  author={Wang, Zan and Chen, Yixin and Jia, Baoxiong and Li, Puhao and Zhang, Jinlu and Zhang, Jingze and Liu, Tengyu and Zhu, Yixin and Liang, Wei and Huang, Siyuan},
  booktitle={Proceedings of the IEEE/CVF Conference on Computer Vision and Pattern Recognition},
  year={2024}
}

@article{xie2023omnicontrol,
  title={Omnicontrol: Control any joint at any time for human motion generation},
  author={Xie, Yiming and Jampani, Varun and Zhong, Lei and Sun, Deqing and Jiang, Huaizu},
  journal={arXiv preprint arXiv:2310.08580},
  year={2023}
}

@inproceedings{xu2023interdiff,
  title={Interdiff: Generating 3d human-object interactions with physics-informed diffusion},
  author={Xu, Sirui and Li, Zhengyuan and Wang, Yu-Xiong and Gui, Liang-Yan},
  booktitle={Proceedings of the IEEE/CVF International Conference on Computer Vision},
  year={2023}
}

@inproceedings{xu2024inter,
  title={Inter-x: Towards versatile human-human interaction analysis},
  author={Xu, Liang and Lv, Xintao and Yan, Yichao and Jin, Xin and Wu, Shuwen and Xu, Congsheng and Liu, Yifan and Zhou, Yizhou and Rao, Fengyun and Sheng, Xingdong and others},
  booktitle={Proceedings of the IEEE/CVF Conference on Computer Vision and Pattern Recognition},
  year={2024}
}

@article{zhou2023unified,
  title={A unified framework for multimodal, multi-part human motion synthesis},
  author={Zhou, Zixiang and Wan, Yu and Wang, Baoyuan},
  journal={arXiv preprint arXiv:2311.16471},
  year={2023}
}

