@book{ abelson-et-al:scheme,
  author = "Harold Abelson and Gerald~Jay Sussman and Julie Sussman",
  title = "Structure and Interpretation of Computer Programs",
  publisher = "MIT Press",
  address = "Cambridge, Massachusetts",
  year = "1985"
}

@inproceedings{ bgf:Lixto,
  author = "Robert Baumgartner and Georg Gottlob and Sergio Flesca",
  title = "Visual Information Extraction with {Lixto}",
  booktitle = "Proceedings of the 27th International Conference on Very Large Databases",
  pages = "119--128",
  publisher = "Morgan Kaufmann",
  address = "Rome, Italy",
  month = "September",
  year = "2001"
}

@article{ brachman-schmolze:kl-one,
  author = "Ronald~J. Brachman and James~G. Schmolze",
  title = "An overview of the {KL-ONE} knowledge representation system",
  journal = "Cognitive Science",
  volume = "9",
  number = "2",
  pages = "171--216",
  month = "April--June",
  year = "1985"
}

@article{ gottlob:nonmon,
  author = "Georg Gottlob",
  title = "Complexity results for nonmonotonic logics",
  journal = "Journal of Logic and Computation",
  volume = "2",
  number = "3",
  pages = "397--425",
  month = "June",
  year = "1992"
}

@article{ gls:hypertrees,
  author = "Georg Gottlob and Nicola Leone and Francesco Scarcello",
  title = "Hypertree Decompositions and Tractable Queries",
  journal = "Journal of Computer and System Sciences",
  volume = "64",
  number = "3",
  pages = "579--627",
  month = "May",
  year = "2002"
}

@article{ levesque:functional-foundations,
  author = "Hector~J. Levesque",
  title = "Foundations of a functional approach to knowledge representation",
  journal = "Artificial Intelligence",
  volume = "23",
  number = "2",
  pages = "155--212",
  month = "July",
  year = "1984"
}

@inproceedings{ levesque:belief,
  author = "Hector~J. Levesque",
  title = "A logic of implicit and explicit belief",
  booktitle = "Proceedings of the Fourth National Conference on Artificial Intelligence",
  publisher = "American Association for Artificial Intelligence",
  pages = "198--202",
  address = "Austin, Texas",
  month = "August",
  year = "1984"
}

@article{ nebel:jair-2000,
  author = "Bernhard Nebel",
  title = "On the compilability and expressive power of propositional planning formalisms",
  journal = "Journal of Artificial Intelligence Research",
  volume = "12",
  pages = "271--315",
  year = "2000"
}

 @misc{proceedings,
  author = {{IJCAI Proceedings}},
  title = {{IJCAI} Camera Ready Submission},
  howpublished = {\url{https://proceedings.ijcai.org/info}},
}
@article{liang2024intergen,
  title={Intergen: Diffusion-based multi-human motion generation under complex interactions},
  author={Liang, Han and Zhang, Wenqian and Li, Wenxuan and Yu, Jingyi and Xu, Lan},
  journal={International Journal of Computer Vision},
  year={2024}
}
@article{zhou2023unified,
  title={A unified framework for multimodal, multi-part human motion synthesis},
  author={Zhou, Zixiang and Wan, Yu and Wang, Baoyuan},
  journal={arXiv preprint arXiv:2311.16471},
  year={2023}
}
@inproceedings{xu2023interdiff,
  title={Interdiff: Generating 3d human-object interactions with physics-informed diffusion},
  author={Xu, Sirui and Li, Zhengyuan and Wang, Yu-Xiong and Gui, Liang-Yan},
  booktitle={Proceedings of the IEEE/CVF International Conference on Computer Vision},
  year={2023}
}
@article{wang2023intercontrol,
  title={InterControl: Generate Human Motion Interactions by Controlling Every Joint},
  author={Wang, Zhenzhi and Wang, Jingbo and Lin, Dahua and Dai, Bo},
  journal={arXiv preprint arXiv:2311.15864},
  year={2023}
}
@inproceedings{li2024genzi,
    title     = {{GenZI}: Zero-Shot {3D} Human-Scene Interaction Generation},
    author    = {Li, Lei and Dai, Angela},
    booktitle = {Proceedings of the IEEE/CVF Conference on Computer Vision and Pattern Recognition},
    year      = {2024}
}
@InProceedings{ghosh2024remos,
title={ReMoS: 3D Motion-Conditioned Reaction Synthesis for Two-Person Interactions},
author={Ghosh, Anindita and Dabral, Rishabh and Golyanik, Vladislav and Theobalt, Christian and Slusallek, Philipp},
booktitle={European Conference on Computer Vision},
year={2024}
}
@InProceedings{Pi_2023_ICCV,
    author    = {Pi, Huaijin and Peng, Sida and Yang, Minghui and Zhou, Xiaowei and Bao, Hujun},
    title     = {Hierarchical Generation of Human-Object Interactions with Diffusion Probabilistic Models},
    booktitle = {Proceedings of the IEEE/CVF International Conference on Computer Vision },
    year      = {2023}
}
@article{peng2023hoi,
  title={Hoi-diff: Text-driven synthesis of 3d human-object interactions using diffusion models},
  author={Peng, Xiaogang and Xie, Yiming and Wu, Zizhao and Jampani, Varun and Sun, Deqing and Jiang, Huaizu},
  journal={arXiv preprint arXiv:2312.06553},
  year={2023}
}
@inproceedings{xu2024inter,
  title={Inter-x: Towards versatile human-human interaction analysis},
  author={Xu, Liang and Lv, Xintao and Yan, Yichao and Jin, Xin and Wu, Shuwen and Xu, Congsheng and Liu, Yifan and Zhou, Yizhou and Rao, Fengyun and Sheng, Xingdong and others},
  booktitle={Proceedings of the IEEE/CVF Conference on Computer Vision and Pattern Recognition},
  year={2024}
}
@inproceedings{wang2024move,
  title={Move as You Say Interact as You Can: Language-guided Human Motion Generation with Scene Affordance},
  author={Wang, Zan and Chen, Yixin and Jia, Baoxiong and Li, Puhao and Zhang, Jinlu and Zhang, Jingze and Liu, Tengyu and Zhu, Yixin and Liang, Wei and Huang, Siyuan},
  booktitle={Proceedings of the IEEE/CVF Conference on Computer Vision and Pattern Recognition},
  year={2024}
}
@inproceedings{jiang2024scaling,
  title={Scaling up dynamic human-scene interaction modeling},
  author={Jiang, Nan and Zhang, Zhiyuan and Li, Hongjie and Ma, Xiaoxuan and Wang, Zan and Chen, Yixin and Liu, Tengyu and Zhu, Yixin and Huang, Siyuan},
  booktitle={Proceedings of the IEEE/CVF Conference on Computer Vision and Pattern Recognition},
  year={2024}
}
@inproceedings{karunratanakul2023guided,
  title={Guided motion diffusion for controllable human motion synthesis},
  author={Karunratanakul, Korrawe and Preechakul, Konpat and Suwajanakorn, Supasorn and Tang, Siyu},
  booktitle={Proceedings of the IEEE/CVF International Conference on Computer Vision},
  year={2023}
}
@article{xie2023omnicontrol,
  title={Omnicontrol: Control any joint at any time for human motion generation},
  author={Xie, Yiming and Jampani, Varun and Zhong, Lei and Sun, Deqing and Jiang, Huaizu},
  journal={arXiv preprint arXiv:2310.08580},
  year={2023}
}
@article{wan2023tlcontrol,
  title={Tlcontrol: Trajectory and language control for human motion synthesis},
  author={Wan, Weilin and Dou, Zhiyang and Komura, Taku and Wang, Wenping and Jayaraman, Dinesh and Liu, Lingjie},
  journal={arXiv preprint arXiv:2311.17135},
  year={2023}
}
@article{van2017neural,
  title={Neural discrete representation learning},
  author={Van Den Oord, Aaron and Vinyals, Oriol and others},
  journal={Advances in neural information processing systems},
  year={2017}
}
@article{song2020denoising,
  title={Denoising diffusion implicit models},
  author={Song, Jiaming and Meng, Chenlin and Ermon, Stefano},
  journal={arXiv preprint arXiv:2010.02502},
  year={2020}
}
@inproceedings{
tevet2023human,
title={Human Motion Diffusion Model},
author={Guy Tevet and Sigal Raab and Brian Gordon and Yoni Shafir and Daniel Cohen-or and Amit Haim Bermano},
booktitle={The Eleventh International Conference on Learning Representations },
year={2023}
}
@inproceedings{petrovich2022temos,
  title={TEMOS: Generating diverse human motions from textual descriptions},
  author={Petrovich, Mathis and Black, Michael J and Varol, G{\"u}l},
  booktitle={European Conference on Computer Vision},
  year={2022}
}
@inproceedings{guo2022generating,
  title={Generating diverse and natural 3d human motions from text},
  author={Guo, Chuan and Zou, Shihao and Zuo, Xinxin and Wang, Sen and Ji, Wei and Li, Xingyu and Cheng, Li},
  booktitle={Proceedings of the IEEE/CVF Conference on Computer Vision and Pattern Recognition},
  year={2022}
}
@article{shafir2023human,
  title={Human motion diffusion as a generative prior},
  author={Shafir, Yonatan and Tevet, Guy and Kapon, Roy and Bermano, Amit H},
  journal={arXiv preprint arXiv:2303.01418},
  year={2023}
}
@inproceedings{tanaka2023role,
  title={Role-aware interaction generation from textual description},
  author={Tanaka, Mikihiro and Fujiwara, Kent},
  booktitle={Proceedings of the IEEE/CVF international conference on computer vision},
  year={2023}
}
@inproceedings{zhang2023generating,
  title={T2M-GPT: Generating Human Motion from Textual Descriptions with Discrete Representations},
  author={Zhang, Jianrong and Zhang, Yangsong and Cun, Xiaodong and Huang, Shaoli and Zhang, Yong and Zhao, Hongwei and Lu, Hongtao and Shen, Xi},
  booktitle={Proceedings of the IEEE/CVF Conference on Computer Vision and Pattern Recognition (CVPR)},
  year={2023},
}
@InProceedings{Lee2024CVPR,
    author    = {Lee, Jihyun and Saito, Shunsuke and Nam, Giljoo and Sung, Minhyuk and Kim, Tae-Kyun},
    title     = {InterHandGen: Two-Hand Interaction Generation via Cascaded Reverse Diffusion},
    booktitle = {Proceedings of the IEEE/CVF Conference on Computer Vision and Pattern Recognition (CVPR)},
    year      = {2024},
}@article{shan2024towards,
  title={Towards open domain text-driven synthesis of multi-person motions},
  author={Shan, Mengyi and Dong, Lu and Han, Yutao and Yao, Yuan and Liu, Tao and Nwogu, Ifeoma and Qi, Guo-Jun and Hill, Mitch},
  journal={arXiv preprint arXiv:2405.18483},
  year={2024}
}
@InProceedings{Song_2024_CVPR,
    author    = {Song, Wenfeng and Jin, Xingliang and Li, Shuai and Chen, Chenglizhao and Hao, Aimin and Hou, Xia and Li, Ning and Qin, Hong},
    title     = {Arbitrary Motion Style Transfer with Multi-condition Motion Latent Diffusion Model},
    booktitle = {Proceedings of the IEEE/CVF Conference on Computer Vision and Pattern Recognition (CVPR)},
    year      = {2024}
}
@InProceedings{Li_2024_CVPR,
    author    = {Li, Baiyi and Ho, Edmond S. L. and Shum, Hubert P. H. and Wang, He},
    title     = {Two-Person Interaction Augmentation with Skeleton Priors},
    booktitle = {Proceedings of the IEEE/CVF Conference on Computer Vision and Pattern Recognition (CVPR) Workshops},
    year      = {2024}
}
@article{jang2024geometry,
  title={Geometry-Aware Retargeting for Two-Skinned Characters Interaction},
  author={Jang, Inseo and Choi, Soojin and Hong, Seokhyeon and Kim, Chaelin and Noh, Junyong},
  journal={ACM Transactions on Graphics (TOG)},
  year={2024}
}
@inproceedings{lin2023being,
  title={Being comes from not-being: Open-vocabulary text-to-motion generation with wordless training},
  author={Lin, Junfan and Chang, Jianlong and Liu, Lingbo and Li, Guanbin and Lin, Liang and Tian, Qi and Chen, Chang-wen},
  booktitle={Proceedings of the IEEE/CVF conference on computer vision and pattern recognition},
  year={2023}
}
@inproceedings{loper2023smpl,
  title={SMPL: A skinned multi-person linear model},
  author={Loper, Matthew and Mahmood, Naureen and Romero, Javier and Pons-Moll, Gerard and Black, Michael J},
  booktitle={Seminal Graphics Papers: Pushing the Boundaries, Volume 2},
  year={2023}
}