@inproceedings{Adam2021DOcontin,
author = {Adam, Lukáš and Horčík, Rostislav and Kasl, Tomáš and Kroupa, Tomáš},
year = {2021},
pages = {5070--5077},
title = {Double Oracle Algorithm for Computing Equilibria in Continuous Games},
booktitle = {AAAI}
}

@article{amir2008symmetric,
  title={Symmetric versus asymmetric equilibria in symmetric supermodular games},
  author={Amir, Rabah and Jakubczyk, Micha{\l} and Knauff, Ma{\l}gorzata},
  journal={International Journal of Game Theory},
  volume={37},
  pages={307--320},
  year={2008},
  publisher={Springer}
}

@inproceedings{balandat2016minimizing,
  title={Minimizing regret on reflexive Banach spaces and Nash equilibria in continuous zero-sum games},
  author={Balandat, Maximilian and Krichene, Walid and Tomlin, Claire and Bayen, Alexandre},
  booktitle={NeurIPS},
  pages = {154--162},
  year={2016}
}

@inproceedings{balduzzi2019open,
  title={Open-ended learning in symmetric zero-sum games},
  author={Balduzzi, David and Garnelo, Marta and Bachrach, Yoram and Czarnecki, Wojciech and Perolat, Julien and Jaderberg, Max and Graepel, Thore},
  booktitle={ICML},
  pages={434--443},
  year={2019}
}

@inproceedings{bello2016neural,
    author = {Irwan Bello* and Hieu Pham* and Quoc V. Le and Mohammad Norouzi and Samy Bengio},
    title = {Neural Combinatorial Optimization with Reinforcement Learning},
    booktitle = {ICLR Workshops},
    year = {2017}
}

@article{cai2016zero,
  title={Zero-sum polymatrix games: A generalization of minmax},
  author={Cai, Yang and Candogan, Ozan and Daskalakis, Constantinos and Papadimitriou, Christos},
  journal={Mathematics of Operations Research},
  volume={41},
  number={2},
  pages={648--655},
  year={2016}
}

@article{carlsson2009solving,
  title={Solving min-max multi-depot vehicle routing problem},
  author={Carlsson, John and Ge, Dongdong and Subramaniam, Arjun and Wu, Amy and Ye, Yinyu},
  journal={Lectures on global optimization},
  volume={55},
  pages={31--46},
  year={2009}
}

@article{cox2013provision,
  title={Provision versus appropriation in symmetric and asymmetric social dilemmas},
  author={Cox, James C and Ostrom, Elinor and Sadiraj, Vjollca and Walker, James M},
  journal={Southern economic journal},
  volume={79},
  number={3},
  pages={496--512},
  year={2013},
  publisher={Wiley Online Library}
}

@article{fey2012symmetric,
  title={Symmetric games with only asymmetric equilibria},
  author={Fey, Mark},
  journal={Games and Economic Behavior},
  volume={75},
  number={1},
  pages={424--427},
  year={2012},
  publisher={Elsevier}
}

@inproceedings{fiez2021online,
  title={Online learning in periodic zero-sum games},
  author={Fiez, Tanner and Sim, Ryann and Skoulakis, Stratis and Piliouras, Georgios and Ratliff, Lillian},
  booktitle={Neurips},
  volume={34},
  pages={10313--10325},
  year={2021}
}

@inproceedings{fu2021generalize,
  title={Generalize a small pre-trained model to arbitrarily large tsp instances},
  author={Fu, Zhang-Hua and Qiu, Kai-Bin and Zha, Hongyuan},
  booktitle={AAAI},
  pages={7474--7482},
  year={2021}
}

@article{hammerstein1994game,
  title={Game theory and evolutionary biology},
  author={Hammerstein, Peter and Selten, Reinhard},
  journal={Handbook of game theory with economic applications},
  volume={2},
  pages={929--993},
  year={1994},
  publisher={Elsevier}
}

@inproceedings{hottung2021efficient,
  title={Efficient Active Search for Combinatorial Optimization Problems},
  author={Hottung, Andr{\'e} and Kwon, Yeong-Dae and Tierney, Kevin},
  booktitle={ICLR},
  year={2022}
}

@inproceedings{jain2011double,
  title={A double oracle algorithm for zero-sum security games on graphs},
  author={Jain, Manish and Korzhyk, Dmytro and Van{\v{e}}k, Ond{\v{r}}ej and Conitzer, Vincent and P{\v{e}}chou{\v{c}}ek, Michal and Tambe, Milind},
  booktitle={AAMAS},
  pages={327--334},
  year={2011}
}

@article{joshi2019efficient,
  title={An efficient graph convolutional network technique for the travelling salesman problem},
  author={Joshi, Chaitanya K and Laurent, Thomas and Bresson, Xavier},
  journal={arXiv preprint arXiv:1906.01227},
  year={2019}
}

@inproceedings{khalil2017learning,
  title={Learning combinatorial optimization algorithms over graphs},
  author={Khalil, Elias and Dai, Hanjun and Zhang, Yuyu and Dilkina, Bistra and Song, Le},
  booktitle={NeurIPS},
  pages = {6351--6361},
  year={2017}
}

@inproceedings{kool2018attention,
  title={Attention, Learn to Solve Routing Problems!},
  author={Kool, Wouter and van Hoof, Herke and Welling, Max},
  booktitle={ICLR},
  year={2018}
}

@inproceedings{kwon2020pomo,
  title={Pomo: Policy optimization with multiple optima for reinforcement learning},
  author={Kwon, Yeong-Dae and Choo, Jinho and Kim, Byoungjip and Yoon, Iljoo and Gwon, Youngjune and Min, Seungjai},
  booktitle={NeurIPS},
  pages={21188--21198},
  year={2020}
}

@inproceedings{liu2021towards,
  title={Towards unifying behavioral and response diversity for open-ended learning in zero-sum games},
  author={Liu, Xiangyu and Jia, Hangtian and Wen, Ying and Hu, Yujing and Chen, Yingfeng and Fan, Changjie and Hu, Zhipeng and Yang, Yaodong},
  booktitle={NeurIPS},
  pages={941--952},
  year={2021}
}

@inproceedings{manchanda2020gcomb,
  title={Gcomb: Learning budget-constrained combinatorial algorithms over billion-sized graphs},
  author={Manchanda, Sahil and Mittal, Akash and Dhawan, Anuj and Medya, Sourav and Ranu, Sayan and Singh, Ambuj},
  booktitle={NeurIPS},
  pages={20000--20011},
  year={2020}
}

@inproceedings{mcaleer2020pipeline,
  title={Pipeline psro: A scalable approach for finding approximate nash equilibria in large games},
  author={McAleer, Stephen and Lanier, John B and Fox, Roy and Baldi, Pierre},
  booktitle={NeurIPS},
  pages={20238--20248},
  year={2020}
}

@inproceedings{mcaleer2021xdo,
  title={XDO: A double oracle algorithm for extensive-form games},
  author={McAleer, Stephen and Lanier, John B and Wang, Kevin A and Baldi, Pierre and Fox, Roy},
  booktitle={NeurIPS},
  pages={23128--23139},
  year={2021}
}

@inproceedings{mcmahan2003planning,
  title={Planning in the presence of cost functions controlled by an adversary},
  author={McMahan, H Brendan and Gordon, Geoffrey J and Blum, Avrim},
  booktitle={ICML},
  pages={536--543},
  year={2003}
}

@article{narasimha2013ant,
  title={An ant colony optimization technique for solving min--max multi-depot vehicle routing problem},
  author={Narasimha, Koushik Venkata and Kivelevitch, Elad and Sharma, Balaji and Kumar, Manish},
  journal={Swarm and Evolutionary Computation},
  volume={13},
  pages={63--73},
  year={2013},
  publisher={Elsevier}
}

@article{nash1950non,
  title={Non-cooperative games},
  author={Nash, John F and others},
  year={1950},
  publisher={Princeton University Princeton}
}

@inproceedings{perez2021modelling,
  title={Modelling behavioural diversity for learning in open-ended games},
  author={Perez-Nieves, Nicolas and Yang, Yaodong and Slumbers, Oliver and Mguni, David H and Wen, Ying and Wang, Jun},
  booktitle={ICML},
  pages={8514--8524},
  year={2021}
}

@inproceedings{rahmattalabi2019exploring,
  title={Exploring algorithmic fairness in robust graph covering problems},
  author={Rahmattalabi, Aida and Vayanos, Phebe and Fulginiti, Anthony and Rice, Eric and Wilder, Bryan and Yadav, Amulya and Tambe, Milind},
  booktitle={NeurIPS},
  pages = {15776--15787},
  year={2019}
}

@inproceedings{tang2023regret,
  title={Regret-minimizing double oracle for extensive-form games},
  author={Tang, Xiaohang and McAleer, Stephen Marcus and Yang, Yaodong and others},
  booktitle={ICML},
  pages={33599--33615},
  year={2023}
}

@inproceedings{tuyls2018generalised,
author = {Tuyls, Karl and Perolat, Julien and Lanctot, Marc and Leibo, Joel Z. and Graepel, Thore},
title = {A Generalised Method for Empirical Game Theoretic Analysis},
year = {2018},
booktitle = {AAMAS},
pages = {77--85},
numpages = {9}
}

@article{tuyls2018symmetric,
  title={Symmetric decomposition of asymmetric games},
  author={Tuyls, Karl and P{\'e}rolat, Julien and Lanctot, Marc and Ostrovski, Georg and Savani, Rahul and Leibo, Joel Z and Ord, Toby and Graepel, Thore and Legg, Shane},
  journal={Scientific reports},
  volume={8},
  number={1},
  pages={1015},
  year={2018},
  publisher={Nature Publishing Group UK London}
}

@article{von1947theory,
  title={Theory of games and economic behavior, 2nd rev},
  author={Von Neumann, John and Morgenstern, Oskar},
  year={1947},
  publisher={Princeton university press}
}

@article{washburn2014two,
  title={Two-person zero-sum games},
  author={Washburn, Alan R and others},
  year={2014},
  publisher={Springer}
}

@inproceedings{xu2014solving,
  title={Solving zero-sum security games in discretized spatio-temporal domains},
  author={Xu, Haifeng and Fang, Fei and Jiang, Albert and Conitzer, Vincent and Dughmi, Shaddin and Tambe, Milind},
  booktitle={AAAI},
  pages = {1500--1506},
  year={2014}
}

@inproceedings{yao2024policy,
  title={Policy space diversity for non-transitive games},
  author={Yao, Jian and Liu, Weiming and Fu, Haobo and Yang, Yaodong and McAleer, Stephen and Fu, Qiang and Yang, Wei},
  booktitle={NeurIPS},
  pages = {67771--67793},
  year={2024}
}

@article{zhou2023efficient,
    title={Efficient Policy Space Response Oracles},
    author={Ming Zhou and Jingxiao Chen and Ying Wen and Weinan Zhang and Yaodong Yang and Yong Yu and Jun Wang},
    journal={arXiv preprint arXiv:2202.00633},
    year={2023}
   }

@article{zhu2020online,
  title={Online minimax Q network learning for two-player zero-sum Markov games},
  author={Zhu, Yuanheng and Zhao, Dongbin},
  journal={IEEE Transactions on Neural Networks and Learning Systems},
  volume={33},
  number={3},
  pages={1228--1241},
  year={2020}
}

