@inproceedings{Feng2025hrl4sco,
author = {Feng, Xinsong and Yu, Zihan and Xiong, Yanhai and Chen, Haipeng},
title = {Sequential Stochastic Combinatorial Optimization Using Hierarchal Reinforcement Learning},
year = {2025},
booktitle = {ICLR}
}

@inproceedings{Ou2021rldis,
author = {Ou, Han-Ching and Chen, Haipeng and Jabbari, Shahin and Tambe, Milind},
title = {Active Screening for Recurrent Diseases: A Reinforcement Learning Approach},
year = {2021},
booktitle = {AAMAS},
pages = {992–1000}
}

@InProceedings{Chen2021rl4im,
  title = 	 {Contingency-aware influence maximization: A reinforcement learning approach},
  author =       {Chen, Haipeng and Qiu, Wei and Ou, Han-Ching and An, Bo and Tambe, Milind},
  booktitle = 	 {UAI},
  pages = 	 {1535--1545},
  year = 	 {2021},
  volume = 	 {161},
  month = 	 {27--30 Jul}
}

@incollection{Bengio+chapter2007,
author = {Bengio, Yoshua and LeCun, Yann},
booktitle = {Large Scale Kernel Machines},
publisher = {MIT Press},
title = {Scaling Learning Algorithms Towards {AI}},
year = {2007}
}

@article{Hinton06,
author = {Hinton, Geoffrey E. and Osindero, Simon and Teh, Yee Whye},
journal = {Neural Computation},
pages = {1527--1554},
title = {A Fast Learning Algorithm for Deep Belief Nets},
volume = {18},
year = {2006}
}

@book{goodfellow2016deep,
title={Deep learning},
author={Goodfellow, Ian and Bengio, Yoshua and Courville, Aaron and Bengio, Yoshua},
volume={1},
year={2016},
publisher={MIT Press}
}

@inproceedings{fiez2021online,
  title={Online learning in periodic zero-sum games},
  author={Fiez, Tanner and Sim, Ryann and Skoulakis, Stratis and Piliouras, Georgios and Ratliff, Lillian},
  booktitle={Neurips},
  volume={34},
  pages={10313--10325},
  year={2021}
}

@article{cai2016zero,
  title={Zero-sum polymatrix games: A generalization of minmax},
  author={Cai, Yang and Candogan, Ozan and Daskalakis, Constantinos and Papadimitriou, Christos},
  journal={Mathematics of Operations Research},
  volume={41},
  number={2},
  pages={648--655},
  year={2016}
}

@article{zhu2020online,
  title={Online minimax Q network learning for two-player zero-sum Markov games},
  author={Zhu, Yuanheng and Zhao, Dongbin},
  journal={IEEE Transactions on Neural Networks and Learning Systems},
  volume={33},
  number={3},
  pages={1228--1241},
  year={2020}
}

@article{kipf2016semi,
  title={Semi-Supervised Classification with Graph Convolutional Networks},
  author={Kipf, Thomas N and Welling, Max},
  journal={arXiv preprint arXiv:1609.02907},
  year={2016}
}

@InProceedings{Dai2016s2v,
  title = 	 {Discriminative Embeddings of Latent Variable Models for Structured Data},
  author = 	 {Dai, Hanjun and Dai, Bo and Song, Le},
  booktitle = 	 {ICML},
  pages = 	 {2702--2711},
  year = 	 {2016}
}

@book{sutton2018reinforcement,
  title={Reinforcement learning: An introduction},
  author={Sutton, Richard S and Barto, Andrew G},
  year={2018},
  publisher={MIT press}
}

@article{schulman2017proximal,
  title={Proximal policy optimization algorithms},
  author={Schulman, John and Wolski, Filip and Dhariwal, Prafulla and Radford, Alec and Klimov, Oleg},
  journal={arXiv preprint arXiv:1707.06347},
  year={2017}
}

@inproceedings{berto2023rl4co,
    title={{RL}4{CO}: a Unified Reinforcement Learning for Combinatorial Optimization Library},
    author={Federico Berto and Chuanbo Hua and Junyoung Park and Minsu Kim and Hyeonah Kim and Jiwoo Son and Haeyeon Kim and Joungho Kim and Jinkyoo Park},
    booktitle={NeurIPS Workshop},
    year={2023}
}


@article{bengio2020machine,
  title={Machine learning for combinatorial optimization: A methodological tour d’horizon},
  author={Bengio, Yoshua and Lodi, Andrea and Prouvost, Antoine},
  journal={European Journal of Operational Research},
  year={2020},
  publisher={Elsevier}
}

@inproceedings{deudon2018learning,
  title={Learning heuristics for the tsp by policy gradient},
  author={Deudon, Michel and Cournut, Pierre and Lacoste, Alexandre and Adulyasak, Yossiri and Rousseau, Louis-Martin},
  booktitle={CPAIOR},
  pages={170--181},
  year={2018}
}


@inproceedings{nazari2018reinforcement,
  title={Reinforcement learning for solving the vehicle routing problem},
  author={Nazari, Mohammadreza and Oroojlooy, Afshin and Tak{\'a}{\v{c}}, Martin and Snyder, Lawrence V},
  booktitle={NeurIPS},
  pages={9861--9871},
  year={2018}
}

@inproceedings{lipton1994simple,
  title={Simple strategies for large zero-sum games with applications to complexity theory},
  author={Lipton, Richard J and Young, Neal E},
  booktitle={STOC},
  pages={734--740},
  year={1994}
}

@inproceedings{zinkevich2007regret,
  title={Regret minimization in games with incomplete information},
  author={Zinkevich, Martin and Johanson, Michael and Bowling, Michael and Piccione, Carmelo},
  booktitle={NeurIPS},
  pages = {1729--1736},
  year={2007}
}

@article{ghory2004reinforcement,
  title={Reinforcement learning in board games},
  author={Ghory, Imran},
  journal={Department of Computer Science, University of Bristol, Tech. Rep},
  volume={105},
  year={2004}
}

@inproceedings{kakkar2022blockchain,
  title={Blockchain and zero-sum game-based dynamic pricing scheme for electric vehicle charging},
  author={Kakkar, Riya and Agrawal, Smita and Gupta, Rajesh and Tanwar, Sudeep},
  booktitle={INFOCOM Workshops},
  pages={1--6},
  year={2022}
}

@article{brown1951iterative,
  title={Iterative solution of games by fictitious play},
  author={Brown, George W},
  journal={Act. Anal. Prod Allocation},
  volume={13},
  number={1},
  pages={374},
  year={1951}
}

@inproceedings{mcmahan2003planning,
  title={Planning in the presence of cost functions controlled by an adversary},
  author={McMahan, H Brendan and Gordon, Geoffrey J and Blum, Avrim},
  booktitle={ICML},
  pages={536--543},
  year={2003}
}


@inproceedings{jafari2001no,
  title={On no-regret learning, fictitious play, and nash equilibrium},
  author={Jafari, Amir and Greenwald, Amy and Gondek, David and Ercal, Gunes},
  booktitle={ICML},
  pages={226--233},
  year={2001}
}

@inproceedings{waugh2015unified,
  title={A unified view of large-scale zero-sum equilibrium computation},
  author={Waugh, Kevin and Bagnell, James Andrew},
  booktitle={AAAI Workshops},
  year={2015}
}

@article{zhang2019policy,
  title={Policy optimization provably converges to Nash equilibria in zero-sum linear quadratic games},
  author={Zhang, Kaiqing and Yang, Zhuoran and Basar, Tamer},
  journal={NeurIPS},
  volume={32},
  year={2019}
}

@inproceedings{balandat2016minimizing,
  title={Minimizing regret on reflexive Banach spaces and Nash equilibria in continuous zero-sum games},
  author={Balandat, Maximilian and Krichene, Walid and Tomlin, Claire and Bayen, Alexandre},
  booktitle={NeurIPS},
  pages = {154--162},
  year={2016}
}

@article{dinh2022online,
  title={Online double oracle},
  author={Dinh, Le Cong and McAleer, Stephen and Tian, Zheng and Perez-Nieves, Nicolas and Slumbers, Oliver and Mguni, David Henry and Wang, Jun and Bou Ammar, Haitham and Yang, Yaodong},
  journal={TMLR: Transactions on Machine Learning Research},
  year={2022}
}

@article{amir2008symmetric,
  title={Symmetric versus asymmetric equilibria in symmetric supermodular games},
  author={Amir, Rabah and Jakubczyk, Micha{\l} and Knauff, Ma{\l}gorzata},
  journal={International Journal of Game Theory},
  volume={37},
  pages={307--320},
  year={2008},
  publisher={Springer}
}

@article{cox2013provision,
  title={Provision versus appropriation in symmetric and asymmetric social dilemmas},
  author={Cox, James C and Ostrom, Elinor and Sadiraj, Vjollca and Walker, James M},
  journal={Southern economic journal},
  volume={79},
  number={3},
  pages={496--512},
  year={2013},
  publisher={Wiley Online Library}
}

@article{stella2018bio,
  title={Bio-inspired evolutionary game dynamics in symmetric and asymmetric models},
  author={Stella, Leonardo and Bauso, Dario},
  journal={IEEE Control Systems Letters},
  volume={2},
  number={3},
  pages={405--410},
  year={2018},
  publisher={IEEE}
}

@article{cheng2004notes,
  title={Notes on equilibria in symmetric games},
  author={Cheng, Shih-Fen and Reeves, Daniel M and Vorobeychik, Yevgeniy and Wellman, Michael P},
  year={2004},
  publisher={GTDT}
}

@article{hefti2017equilibria,
  title={Equilibria in symmetric games: Theory and applications},
  author={Hefti, Andreas},
  journal={Theoretical Economics},
  volume={12},
  number={3},
  pages={979--1002},
  year={2017},
  publisher={Wiley Online Library}
}

@article{hammerstein1994game,
  title={Game theory and evolutionary biology},
  author={Hammerstein, Peter and Selten, Reinhard},
  journal={Handbook of game theory with economic applications},
  volume={2},
  pages={929--993},
  year={1994},
  publisher={Elsevier}
}

@inproceedings{altman2011symmetric,
  title={Symmetric Games with networking applications},
  author={Altman, Eitan and Pourtallier, Odile and Jim{\'e}nez, Tania and Kameda, Hisao},
  booktitle={NetGCooP},
  pages={1--5},
  year={2011}
}

@article{bichler2021learning,
  title={Learning equilibria in symmetric auction games using artificial neural networks},
  author={Bichler, Martin and Fichtl, Maximilian and Heidekr{\"u}ger, Stefan and Kohring, Nils and Sutterer, Paul},
  journal={Nature machine intelligence},
  volume={3},
  number={8},
  pages={687--695},
  year={2021},
  publisher={Nature Publishing Group UK London}
}

@inproceedings{10.5555/3237383.3237402,
author = {Tuyls, Karl and Perolat, Julien and Lanctot, Marc and Leibo, Joel Z. and Graepel, Thore},
title = {A Generalised Method for Empirical Game Theoretic Analysis},
year = {2018},
publisher = {AAMAS},
pages = {77–85},
numpages = {9}
}

@article{tang2017asymmetric,
  title={Asymmetric game: A silver bullet to weighted vertex cover of networks},
  author={Tang, Changbing and Li, Ang and Li, Xiang},
  journal={IEEE transactions on cybernetics},
  volume={48},
  number={10},
  pages={2994--3005},
  year={2017},
  publisher={IEEE}
}

@inproceedings{wilder2018equilibrium,
  title={Equilibrium computation and robust optimization in zero sum games with submodular structure},
  author={Wilder, Bryan},
  booktitle={AAAI},
  volume={32},
  number={1},
  year={2018}
}

@article{ghannadpour2020new,
  title={A new game-theoretical multi-objective evolutionary approach for cash-in-transit vehicle routing problem with time windows (A Real life Case)},
  author={Ghannadpour, Seyed Farid and Zandiyeh, Fatemeh},
  journal={Applied Soft Computing},
  volume={93},
  pages={106378},
  year={2020},
  publisher={Elsevier}
}

@article{tuyls2018symmetric,
  title={Symmetric decomposition of asymmetric games},
  author={Tuyls, Karl and P{\'e}rolat, Julien and Lanctot, Marc and Ostrovski, Georg and Savani, Rahul and Leibo, Joel Z and Ord, Toby and Graepel, Thore and Legg, Shane},
  journal={Scientific reports},
  volume={8},
  number={1},
  pages={1015},
  year={2018},
  publisher={Nature Publishing Group UK London}
}

@inproceedings{tuyls2018generalised,
author = {Tuyls, Karl and Perolat, Julien and Lanctot, Marc and Leibo, Joel Z. and Graepel, Thore},
title = {A Generalised Method for Empirical Game Theoretic Analysis},
year = {2018},
booktitle = {AAMAS},
pages = {77--85},
numpages = {9}
}



@article{narasimha2013ant,
  title={An ant colony optimization technique for solving min--max multi-depot vehicle routing problem},
  author={Narasimha, Koushik Venkata and Kivelevitch, Elad and Sharma, Balaji and Kumar, Manish},
  journal={Swarm and Evolutionary Computation},
  volume={13},
  pages={63--73},
  year={2013},
  publisher={Elsevier}
}

@inproceedings{chen2016robust,
  title={Robust influence maximization},
  author={Chen, Wei and Lin, Tian and Tan, Zihan and Zhao, Mingfei and Zhou, Xuren},
  booktitle={KDD},
  pages={795--804},
  year={2016}
}

@inproceedings{xu2021robust,
  title={Robust reinforcement learning under minimax regret for green security},
  author={Xu, Lily and Perrault, Andrew and Fang, Fei and Chen, Haipeng and Tambe, Milind},
  booktitle={UAI},
  pages={257--267},
  year={2021}
}

@inproceedings{kalimeris2019robust,
  title={Robust influence maximization for hyperparametric models},
  author={Kalimeris, Dimitris and Kaplun, Gal and Singer, Yaron},
  booktitle={ICML},
  pages={3192--3200},
  year={2019},
  organization={PMLR}
}

@article{nash1950non,
  title={Non-cooperative games},
  author={Nash, John F and others},
  year={1950},
  publisher={Princeton University Princeton}
}

@article{peck1992market,
  title={The market game: existence and structure of equilibrium},
  author={Peck, James and Shell, Karl and Spear, Stephen E},
  journal={Journal of Mathematical Economics},
  volume={21},
  number={3},
  pages={271--299},
  year={1992},
  publisher={Elsevier}
}

@article{glicksberg1952further,
  title={A further generalization of the Kakutani fixed theorem, with application to Nash equilibrium points},
  author={Glicksberg, Irving L},
  journal={Proceedings of the American Mathematical Society},
  volume={3},
  number={1},
  pages={170--174},
  year={1952}
}

@article{fan1952fixed,
  title={Fixed-point and minimax theorems in locally convex topological linear spaces},
  author={Fan, Ky},
  journal={PNAS},
  volume={38},
  number={2},
  pages={121--126},
  year={1952},
  publisher={National Acad Sciences}
}

@article{reny2005non,
  title={Non-cooperative games: Equilibrium existence},
  author={Reny, Philip J},
  journal={The New Palgrave Dictionary of Economics},
  volume={116},
  year={2005}
}

@book{papadimitriou1998combinatorial,
  title={Combinatorial optimization: algorithms and complexity},
  author={Papadimitriou, Christos H and Steiglitz, Kenneth},
  year={1998},
  publisher={Courier Corporation}
}

@inproceedings{bello2016neural,
    author = {Irwan Bello* and Hieu Pham* and Quoc V. Le and Mohammad Norouzi and Samy Bengio},
    title = {Neural Combinatorial Optimization with Reinforcement Learning},
    booktitle = {ICLR Workshops},
    year = {2017}
}

@inproceedings{kool2018attention,
  title={Attention, Learn to Solve Routing Problems!},
  author={Kool, Wouter and van Hoof, Herke and Welling, Max},
  booktitle={ICLR},
  year={2018}
}

@inproceedings{ying2021towards,
    title={Towards Safe Reinforcement Learning via Constraining Conditional Value at Risk},
    author={Chengyang Ying and Xinning Zhou and Dong Yan and Jun Zhu},
    booktitle={ICML Workshop},
    year={2021}
}

@inproceedings{kool2022deep,
  title={Deep policy dynamic programming for vehicle routing problems},
  author={Kool, Wouter and van Hoof, Herke and Gromicho, Joaquim and Welling, Max},
  booktitle={CPAIOR},
  pages={190--213},
  year={2022},
  organization={Springer}
}

@article{von1947theory,
  title={Theory of games and economic behavior, 2nd rev},
  author={Von Neumann, John and Morgenstern, Oskar},
  year={1947},
  publisher={Princeton university press}
}

@article{washburn2014two,
  title={Two-person zero-sum games},
  author={Washburn, Alan R and others},
  year={2014},
  publisher={Springer}
}

@article{fey2012symmetric,
  title={Symmetric games with only asymmetric equilibria},
  author={Fey, Mark},
  journal={Games and Economic Behavior},
  volume={75},
  number={1},
  pages={424--427},
  year={2012},
  publisher={Elsevier}
}

@article{carlsson2009solving,
  title={Solving min-max multi-depot vehicle routing problem},
  author={Carlsson, John and Ge, Dongdong and Subramaniam, Arjun and Wu, Amy and Ye, Yinyu},
  journal={Lectures on global optimization},
  volume={55},
  pages={31--46},
  year={2009}
}

@inproceedings{jain2011double,
  title={A double oracle algorithm for zero-sum security games on graphs},
  author={Jain, Manish and Korzhyk, Dmytro and Van{\v{e}}k, Ond{\v{r}}ej and Conitzer, Vincent and P{\v{e}}chou{\v{c}}ek, Michal and Tambe, Milind},
  booktitle={AAMAS},
  pages={327--334},
  year={2011}
}

@inproceedings{xu2014solving,
  title={Solving zero-sum security games in discretized spatio-temporal domains},
  author={Xu, Haifeng and Fang, Fei and Jiang, Albert and Conitzer, Vincent and Dughmi, Shaddin and Tambe, Milind},
  booktitle={AAAI},
  pages = {1500--1506},
  year={2014}
}

@inproceedings{rahmattalabi2019exploring,
  title={Exploring algorithmic fairness in robust graph covering problems},
  author={Rahmattalabi, Aida and Vayanos, Phebe and Fulginiti, Anthony and Rice, Eric and Wilder, Bryan and Yadav, Amulya and Tambe, Milind},
  booktitle={NeurIPS},
  pages = {15776--15787},
  year={2019}
}

@inproceedings{mcaleer2020pipeline,
  title={Pipeline psro: A scalable approach for finding approximate nash equilibria in large games},
  author={McAleer, Stephen and Lanier, John B and Fox, Roy and Baldi, Pierre},
  booktitle={NeurIPS},
  pages={20238--20248},
  year={2020}
}

@article{zhou2023efficient,
    title={Efficient Policy Space Response Oracles},
    author={Ming Zhou and Jingxiao Chen and Ying Wen and Weinan Zhang and Yaodong Yang and Yong Yu and Jun Wang},
    journal={arXiv preprint arXiv:2202.00633},
    year={2023}
   }

@inproceedings{perez2021modelling,
  title={Modelling behavioural diversity for learning in open-ended games},
  author={Perez-Nieves, Nicolas and Yang, Yaodong and Slumbers, Oliver and Mguni, David H and Wen, Ying and Wang, Jun},
  booktitle={ICML},
  pages={8514--8524},
  year={2021}
}

@inproceedings{yao2024policy,
  title={Policy space diversity for non-transitive games},
  author={Yao, Jian and Liu, Weiming and Fu, Haobo and Yang, Yaodong and McAleer, Stephen and Fu, Qiang and Yang, Wei},
  booktitle={NeurIPS},
  pages = {67771--67793},
  year={2024}
}

@inproceedings{liu2021towards,
  title={Towards unifying behavioral and response diversity for open-ended learning in zero-sum games},
  author={Liu, Xiangyu and Jia, Hangtian and Wen, Ying and Hu, Yujing and Chen, Yingfeng and Fan, Changjie and Hu, Zhipeng and Yang, Yaodong},
  booktitle={NeurIPS},
  pages={941--952},
  year={2021}
}

@inproceedings{balduzzi2019open,
  title={Open-ended learning in symmetric zero-sum games},
  author={Balduzzi, David and Garnelo, Marta and Bachrach, Yoram and Czarnecki, Wojciech and Perolat, Julien and Jaderberg, Max and Graepel, Thore},
  booktitle={ICML},
  pages={434--443},
  year={2019}
}

@inproceedings{mcaleer2021xdo,
  title={XDO: A double oracle algorithm for extensive-form games},
  author={McAleer, Stephen and Lanier, John B and Wang, Kevin A and Baldi, Pierre and Fox, Roy},
  booktitle={NeurIPS},
  pages={23128--23139},
  year={2021}
}

@inproceedings{tang2023regret,
  title={Regret-minimizing double oracle for extensive-form games},
  author={Tang, Xiaohang and McAleer, Stephen Marcus and Yang, Yaodong and others},
  booktitle={ICML},
  pages={33599--33615},
  year={2023}
}

@article{dinh2018exact,
  title={Exact algorithms for the chance-constrained vehicle routing problem},
  author={Dinh, Thai and Fukasawa, Ricardo and Luedtke, James},
  journal={Mathematical Programming},
  volume={172},
  number={1-2},
  pages={105--138},
  year={2018},
  publisher={Springer}
}

@article{FLORIO20231081,
title = {Recent advances in vehicle routing with stochastic demands: Bayesian learning for correlated demands and elementary branch-price-and-cut},
journal = {European Journal of Operational Research},
volume = {306},
number = {3},
pages = {1081-1093},
year = {2023},
author = {Alexandre M. Florio and Michel Gendreau and Richard F. Hartl and Stefan Minner and Thibaut Vidal}
}

@inproceedings{lanctot2017unified,
  title={A unified game-theoretic approach to multiagent reinforcement learning},
  author={Lanctot, Marc and Zambaldi, Vinicius and Gruslys, Audrunas and Lazaridou, Angeliki and Tuyls, Karl and P{\'e}rolat, Julien and Silver, David and Graepel, Thore},
  booktitle={NeurIPS},
  pages = {4193--4206},
  year={2017}
}

@inbook{vehiclerouting.ch8,
author = {Michel Gendreau and Ola Jabali and Walter Rei},
title = {Chapter 8: Stochastic Vehicle Routing Problems},
booktitle = {Vehicle Routing},
chapter = {},
pages = {213-239},
year = {2014}
}

@article{TIRKOLAEE2020340,
title = {A robust green location-allocation-inventory problem to design an urban waste management system under uncertainty},
journal = {Waste Management},
volume = {102},
pages = {340-350},
year = {2020},
author = {Erfan Babaee Tirkolaee and Iraj Mahdavi and Mir Mehdi Seyyed Esfahani and Gerhard-Wilhelm Weber}
}

@article{an2020battery,
  title={Battery electric bus infrastructure planning under demand uncertainty},
  author={An, Kun},
  journal={Transportation Research Part C: Emerging Technologies},
  volume={111},
  pages={572--587},
  year={2020},
  publisher={Elsevier}
}

@article{bertsimas2004price,
  title={The price of robustness},
  author={Bertsimas, Dimitris and Sim, Melvyn},
  journal={Operations research},
  volume={52},
  number={1},
  pages={35--53},
  year={2004},
  publisher={Informs}
}

@inproceedings{Myerson1991GameT,
  title={Game theory - Analysis of Conflict},
  author={Roger B. Myerson},
  year={1991}
}

@inproceedings{shao2022learning,
  title={Learning for robust combinatorial optimization: Algorithm and application},
  author={Shao, Zhihui and Yang, Jianyi and Shen, Cong and Ren, Shaolei},
  booktitle={INFOCOM},
  pages={930--939},
  year={2022},
  organization={IEEE}
}

@article{krause2008robust,
  title={Robust Submodular Observation Selection.},
  author={Krause, Andreas and McMahan, H Brendan and Guestrin, Carlos and Gupta, Anupam},
  journal={Journal of Machine Learning Research},
  volume={9},
  number={12},
  year={2008}
}

@article{carlsson2018wasserstein,
  title={Wasserstein distance and the distributionally robust TSP},
  author={Carlsson, John Gunnar and Behroozi, Mehdi and Mihic, Kresimir},
  journal={Operations Research},
  volume={66},
  number={6},
  pages={1603--1624},
  year={2018},
  publisher={INFORMS}
}

@article{buchheim2018robust,
  title={Robust combinatorial optimization under convex and discrete cost uncertainty},
  author={Buchheim, Christoph and Kurtz, Jannis},
  journal={EURO Journal on Computational Optimization},
  volume={6},
  number={3},
  pages={211--238},
  year={2018},
  publisher={Elsevier}
}

@article{krause2014submodular,
  title={Submodular function maximization.},
  author={Krause, Andreas and Golovin, Daniel},
  journal={Tractability},
  volume={3},
  number={71-104},
  pages={3},
  year={2014}
}

@article{montemanni2007robust,
  title={The robust traveling salesman problem with interval data},
  author={Montemanni, Roberto and Barta, J{\'a}nos and Mastrolilli, Monaldo and Gambardella, Luca Maria},
  journal={Transportation Science},
  volume={41},
  number={3},
  pages={366--381},
  year={2007},
  publisher={INFORMS}
}

@inproceedings{ying2022towards,
  title     = {Towards Safe Reinforcement Learning via Constraining Conditional Value-at-Risk},
  author    = {Ying, ChengYang and Zhou, Xinning and Su, Hang and Yan, Dong and Chen, Ning and Zhu, Jun},
  booktitle = {IJCAI},
  pages     = {3673--3680},
  year      = {2022}
}

@article{ho2022robust,
  title={Robust $\backslash$phi $-Divergence MDPs},
  author={Ho, Chin Pang and Petrik, Marek and Wiesemann, Wolfram},
  journal={NeurIPS},
  volume={35},
  pages={32680--32693},
  year={2022}
}

@article{panaganti2022robust,
  title={Robust reinforcement learning using offline data},
  author={Panaganti, Kishan and Xu, Zaiyan and Kalathil, Dileep and Ghavamzadeh, Mohammad},
  journal={NeurIPS},
  volume={35},
  pages={32211--32224},
  year={2022}
}

@inproceedings{Adam2021DOcontin,
author = {Adam, Lukáš and Horčík, Rostislav and Kasl, Tomáš and Kroupa, Tomáš},
year = {2021},
pages = {5070--5077},
title = {Double Oracle Algorithm for Computing Equilibria in Continuous Games},
booktitle = {AAAI}
}

@article{2007ContinuousGame,
  title={Properties and equilibria of mixed strategies in continuous games},
  author={Liu, Zongqian and Yu, Jiashang and Li, Jiangfeng},
  journal={Journal of Capital Normal University (Natural Science Edition)},
  volume={28},
  number={2},
  pages={13-18},
  year={2007},
}

@article{Neumann1928ZurTD,
  title={Zur Theorie der Gesellschaftsspiele},
  author={John von Neumann},
  journal={Mathematische Annalen},
  year={1928},
  volume={100},
  pages={295-320}
}

@inproceedings{tang2015influence,
  title={Influence maximization in near-linear time: A martingale approach},
  author={Tang, Youze and Shi, Yanchen and Xiao, Xiaokui},
  booktitle={PODS},
  pages={1539--1554},
  year={2015}
}

@article{ Kaiser2021comm,
author = {Kaiser, Franz and Latora, Vito and Witthaut, Dirk},
Title = {Network isolators inhibit failure spreading in complex networks},
Journal = {NATURE COMMUNICATIONS},
Year = {2021},
Volume = {12},
Number = {1}
}


@article{ Guil2021comm,
Author = {Guilbeault, Douglas and Centola, Damon},
Title = {Topological measures for identifying and predicting the spread of
   complex contagions},
Journal = {NATURE COMMUNICATIONS},
Year = {2021},
Volume = {12},
Number = {1},
Month = {JUL 20},
Article-Number = {4430}
}

@article{ Saberi2020comm,
Author = {Saberi, Meead and Hamedmoghadam, Homayoun and Ashfaq, Mudabber and
   Hosseini, Seyed Amir and Gu, Ziyuan and Shafiei, Sajjad and Nair, Divya
   J. and Dixit, Vinayak and Gardner, Lauren and Waller, S. Travis and
   Gonzalez, Marta C.},
Title = {A simple contagion process describes spreading of traffic jams in urban
   networks},
Journal = {NATURE COMMUNICATIONS},
Year = {2020},
Volume = {11},
Number = {1}
}

@article{ Valdano2021comm,
Author = {Valdano, Eugenio and Okano, Justin T. and Colizza, Vittoria and Mitonga,
   Honore K. and Blower, Sally},
Title = {Using mobile phone data to reveal risk flow networks underlying the HIV
   epidemic in Namibia},
Journal = {NATURE COMMUNICATIONS},
Year = {2021},
Volume = {12},
Number = {1}
}

@InProceedings{pmlr-v80-kalimeris18a,
  title = 	 {Learning Diffusion using Hyperparameters},
  author =       {Kalimeris, Dimitris and Singer, Yaron and Subbian, Karthik and Weinsberg, Udi},
  booktitle = 	 {ICML},
  pages = 	 {2420--2428},
  year = 	 {2018},
  editor = 	 {Dy, Jennifer and Krause, Andreas},
  volume = 	 {80},
  series = 	 {Proceedings of Machine Learning Research},
  month = 	 {10--15 Jul},
  publisher =    {PMLR}
}


@inproceedings{ Vaswani2017ICML,
	Author = {Vaswani, Sharan and Kveton, Branislav and Wen, Zheng and Ghavamzadeh,
	Mohammad and Lakshmanan, Laks V. S. and Schmidt, Mark},
	Editor = {Precup, D and Teh, YW},
	Title = {Model-Independent Online Learning for Influence Maximization},
	Booktitle = {ICML},
	Series = {Proceedings of Machine Learning Research},
	Year = {2017}
}

@inproceedings{ Wilder2018AAMAS,
	Author = {Wilder, Bryan and Onasch-Vera, Laura and Hudson, Juliana and Luna, Jose
	and Wilson, Nicole and Petering, Robin and Woo, Darlene and Tambe,
	Milind and Rice, Eric},
	Book-Group-Author = {ACM},
	Title = {End-to-End Influence Maximization in the Field},
	Booktitle = {AAMAS},
	Year = {2018},
	Pages = {1414-1422}
}

@inproceedings{ Wilder2018AAAI,
	Author = {Wilder, Bryan and Immorlica, Nicole and Rice, Eric and Tambe, Milind},
	Book-Group-Author = {AAAI},
	Title = {Maximizing Influence in an Unknown Social Network},
	Booktitle = {AAAI},
	Series = {AAAI Conference on Artificial Intelligence},
	Year = {2018},
	Pages = {4743-4750}
}

@inproceedings{Budak2011WWW,
	title={Limiting the spread of misinformation in social networks},
	author={ Budak, C.  and  Agrawal, Divyakant  and  Abbadi, A. E. },
	booktitle={WWW},
	year={2011},
}

@article{ Peng2017computer,
	Author = {Wu, Peng and Pan, Li},
	Title = {Scalable influence blocking maximization in social networks under
	competitive independent cascade models},
	Journal = {COMPUTER NETWORKS},
	Year = {2017},
	Volume = {123},
	Pages = {38-50}
}

@inproceedings{Tang2015SIGMOD,
author = {Tang, Youze and Shi, Yanchen and Xiao, Xiaokui},
title = {Influence Maximization in Near-Linear Time: A Martingale Approach},
year = {2015},
publisher = {Association for Computing Machinery},
address = {New York, NY, USA},
booktitle = {PODS},
pages = {1539–1554},
numpages = {16},
series = {SIGMOD '15}
}

@inproceedings{Kailimeris2018HyperLearning,
  title={Learning Diffusion using Hyperparameters},
  author={ Kalimeris, D.  and  Singer, Y.  and  Subbian, K.  and  Weinsberg, U. },
  booktitle={ICML},
  year={2018},
}

@inproceedings{khalil2017learning,
  title={Learning combinatorial optimization algorithms over graphs},
  author={Khalil, Elias and Dai, Hanjun and Zhang, Yuyu and Dilkina, Bistra and Song, Le},
  booktitle={NeurIPS},
  pages = {6351--6361},
  year={2017}
}

@article{joshi2019efficient,
  title={An efficient graph convolutional network technique for the travelling salesman problem},
  author={Joshi, Chaitanya K and Laurent, Thomas and Bresson, Xavier},
  journal={arXiv preprint arXiv:1906.01227},
  year={2019}
}

@inproceedings{hottung2021efficient,
  title={Efficient Active Search for Combinatorial Optimization Problems},
  author={Hottung, Andr{\'e} and Kwon, Yeong-Dae and Tierney, Kevin},
  booktitle={ICLR},
  year={2022}
}

@inproceedings{fu2021generalize,
  title={Generalize a small pre-trained model to arbitrarily large tsp instances},
  author={Fu, Zhang-Hua and Qiu, Kai-Bin and Zha, Hongyuan},
  booktitle={AAAI},
  pages={7474--7482},
  year={2021}
}

@inproceedings{kwon2020pomo,
  title={Pomo: Policy optimization with multiple optima for reinforcement learning},
  author={Kwon, Yeong-Dae and Choo, Jinho and Kim, Byoungjip and Yoon, Iljoo and Gwon, Youngjune and Min, Seungjai},
  booktitle={NeurIPS},
  pages={21188--21198},
  year={2020}
}

@inproceedings{manchanda2020gcomb,
  title={Gcomb: Learning budget-constrained combinatorial algorithms over billion-sized graphs},
  author={Manchanda, Sahil and Mittal, Akash and Dhawan, Anuj and Medya, Sourav and Ranu, Sayan and Singh, Ambuj},
  booktitle={NeurIPS},
  pages={20000--20011},
  year={2020}
}

@article{golden2012generalized,
  title={The generalized covering salesman problem},
  author={Golden, Bruce and Naji-Azimi, Zahra and Raghavan, S and Salari, Majid and Toth, Paolo},
  journal={INFORMS Journal on Computing},
  volume={24},
  number={4},
  pages={534--553},
  year={2012},
  publisher={INFORMS}
}

@article{pichpibul2013heuristic,
  title={A heuristic approach based on clarke-wright algorithm for open vehicle routing problem},
  author={Pichpibul, Tantikorn and Kawtummachai, Ruengsak and others},
  journal={The scientific world journal},
  volume={2013},
  year={2013},
  publisher={Hindawi}
}

@article{li2020improved,
  title={An improved tabu search algorithm for the stochastic vehicle routing problem with soft time windows},
  author={Li, Guoming and Li, Junhua},
  journal={IEEE Access},
  volume={8},
  pages={158115--158124},
  year={2020},
  publisher={IEEE}
}

@article{vansteenwegen2009iterated,
  title={Iterated local search for the team orienteering problem with time windows},
  author={Vansteenwegen, Pieter and Souffriau, Wouter and Berghe, Greet Vanden and Van Oudheusden, Dirk},
  journal={Computers \& Operations Research},
  volume={36},
  number={12},
  pages={3281--3290},
  year={2009},
  publisher={Elsevier}
}

@article{li2021deep,
  title={Deep reinforcement learning for combinatorial optimization: Covering salesman problems},
  author={Li, Kaiwen and Zhang, Tao and Wang, Rui and Wang, Yuheng and Han, Yi and Wang, Ling},
  journal={IEEE transactions on cybernetics},
  volume={52},
  number={12},
  pages={13142--13155},
  year={2021},
  publisher={IEEE}
}

@article{manchanda2019learning,
  title={Learning heuristics over large graphs via deep reinforcement learning},
  author={Manchanda, Sahil and Mittal, Akash and Dhawan, Anuj and Medya, Sourav and Ranu, Sayan and Singh, Ambuj},
  journal={arXiv preprint arXiv:1903.03332},
  year={2019}
}

@article{lauri2023learning,
  title={Learning fine-grained search space pruning and heuristics for combinatorial optimization},
  author={Lauri, Juho and Dutta, Sourav and Grassia, Marco and Ajwani, Deepak},
  journal={Journal of Heuristics},
  volume={29},
  number={2},
  pages={313--347},
  year={2023}
}

@inproceedings{hou2023generalize,
  title={Generalize learned heuristics to solve large-scale vehicle routing problems in real-time},
  author={Hou, Qingchun and Yang, Jingwei and Su, Yiqiang and Wang, Xiaoqing and Deng, Yuming},
  booktitle={ICLR},
  year={2023}
}

@article{chen2023touplegdd,
  title={ToupleGDD: A fine-designed solution of influence maximization by deep reinforcement learning},
  author={Chen, Tiantian and Yan, Siwen and Guo, Jianxiong and Wu, Weili},
  journal={IEEE Transactions on Computational Social Systems},
  volume={11},
  number={2},
  pages={2210--2221},
  year={2023}
}

@inproceedings{zhang2020converging,
  title={Converging to team-maxmin equilibria in zero-sum multiplayer games},
  author={Zhang, Youzhi and An, Bo},
  booktitle={International Conference on Machine Learning},
  pages={11033--11043},
  year={2020},
  organization={PMLR}
}

@article{roughgarden2010algorithmic,
  title={Algorithmic game theory},
  author={Roughgarden, Tim},
  journal={Communications of the ACM},
  volume={53},
  number={7},
  pages={78--86},
  year={2010}
}

@article{knight2018nashpy,
  title={Nashpy: A Python library for the computation of Nash equilibria},
  author={Knight, Vincent and Campbell, James},
  journal={Journal of Open Source Software},
  volume={3},
  number={30},
  pages={904},
  year={2018}
}