@misc{chen2021evaluating,
      title={Evaluating Large Language Models Trained on Code},
      author={Mark Chen and Jerry Tworek and Heewoo Jun and Qiming Yuan and Henrique Ponde de Oliveira Pinto and Jared Kaplan and Harri Edwards and Yuri Burda and Nicholas Joseph and Greg Brockman and Alex Ray and Raul Puri and Gretchen Krueger and Michael Petrov and Heidy Khlaaf and Girish Sastry and Pamela Mishkin and Brooke Chan and Scott Gray and Nick Ryder and Mikhail Pavlov and Alethea Power and Lukasz Kaiser and Mohammad Bavarian and Clemens Winter and Philippe Tillet and Felipe Petroski Such and Dave Cummings and Matthias Plappert and Fotios Chantzis and Elizabeth Barnes and Ariel Herbert-Voss and William Hebgen Guss and Alex Nichol and Alex Paino and Nikolas Tezak and Jie Tang and Igor Babuschkin and Suchir Balaji and Shantanu Jain and William Saunders and Christopher Hesse and Andrew N. Carr and Jan Leike and Josh Achiam and Vedant Misra and Evan Morikawa and Alec Radford and Matthew Knight and Miles Brundage and Mira Murati and Katie Mayer and Peter Welinder and Bob McGrew and Dario Amodei and Sam McCandlish and Ilya Sutskever and Wojciech Zaremba},
      year={2021},
      eprint={2107.03374},
      archivePrefix={arXiv},
      primaryClass={cs.LG}
}

@article{fu2024autorag,
  title={AutoRAG-HP: Automatic Online Hyper-Parameter Tuning for Retrieval-Augmented Generation},
  author={Fu, Jia and Qin, Xiaoting and Yang, Fangkai and Wang, Lu and Zhang, Jue and Lin, Qingwei and Chen, Yubo and Zhang, Dongmei and Rajmohan, Saravan and Zhang, Qi},
  journal={arXiv preprint arXiv:2406.19251},
  year={2024}
}

@article{hendrycks2021measuring,
  title={Measuring mathematical problem solving with the math dataset},
  author={Hendrycks, Dan and Burns, Collin and Kadavath, Saurav and Arora, Akul and Basart, Steven and Tang, Eric and Song, Dawn and Steinhardt, Jacob},
  journal={arXiv preprint arXiv:2103.03874},
  year={2021}
}

@article{kim2024autorag,
  title={AutoRAG: automated framework for optimization of retrieval augmented generation pipeline},
  author={Kim, Dongkyu and Kim, Byoungwook and Han, Donggeon and Eibich, Matou{\v{s}}},
  journal={arXiv preprint arXiv:2410.20878},
  year={2024}
}

@article{li2020deep,
  title={Deep reinforcement learning for multiobjective optimization},
  author={Li, Kaiwen and Zhang, Tao and Wang, Rui},
  journal={IEEE transactions on cybernetics},
  volume={51},
  number={6},
  pages={3103--3114},
  year={2020},
  publisher={IEEE}
}

@article{mukherjee2024multi,
  title={Multi-Objective Alignment of Large Language Models Through Hypervolume Maximization},
  author={Mukherjee, Subhojyoti and Lalitha, Anusha and Sengupta, Sailik and Deshmukh, Aniket and Kveton, Branislav},
  journal={arXiv preprint arXiv:2412.05469},
  year={2024}
}

@article{narayan2018don,
  title={Don't give me the details, just the summary! topic-aware convolutional neural networks for extreme summarization},
  author={Narayan, Shashi and Cohen, Shay B and Lapata, Mirella},
  journal={arXiv preprint arXiv:1808.08745},
  year={2018}
}

@inproceedings{wang2021economic,
  title={Economic hyperparameter optimization with blended search strategy},
  author={Wang, Chi and Wu, Qingyun and Huang, Silu and Saied, Amin},
  booktitle={International Conference on Learning Representations},
  year={2021}
}

@inproceedings{wang2023cost,
  title={Cost-effective hyperparameter optimization for large language model generation inference},
  author={Wang, Chi and Liu, Xueqing and Awadallah, Ahmed Hassan},
  booktitle={International Conference on Automated Machine Learning},
  pages={21--1},
  year={2023},
  organization={PMLR}
}

@inproceedings{wu2021frugal,
  title={Frugal optimization for cost-related hyperparameters},
  author={Wu, Qingyun and Wang, Chi and Huang, Silu},
  booktitle={Proceedings of the AAAI Conference on Artificial Intelligence},
  volume={35},
  number={12},
  pages={10347--10354},
  year={2021}
}

@inproceedings{zhou2024beyond,
  title={Beyond one-preference-fits-all alignment: Multi-objective direct preference optimization},
  author={Zhou, Zhanhui and Liu, Jie and Shao, Jing and Yue, Xiangyu and Yang, Chao and Ouyang, Wanli and Qiao, Yu},
  booktitle={Findings of the Association for Computational Linguistics ACL 2024},
  pages={10586--10613},
  year={2024}
}

