@inproceedings{ahn2015healthcare,
  title={Healthcare robot systems for a hospital environment: CareBot and ReceptionBot},
  author={Ahn, Ho Seok and Lee, Min Ho and MacDonald, Bruce A},
  booktitle={2015 24th IEEE international symposium on robot and human interactive communication (RO-MAN)},
  pages={571--576},
  year={2015},
  organization={IEEE}
}

@article{alves2019empathic,
title={Empathic robot for group learning: A field study},
author={Alves-Oliveira, Patr{\'\i}cia and Sequeira, Pedro and Melo, Francisco S and Castellano, Ginevra and Paiva, Ana},
journal={ACM Transactions on Human-Robot Interaction (THRI)},
volume={8},
number={1},
pages={1--34},
year={2019},
publisher={ACM New York, NY, USA}
}

@article{bauer2008human,
  title={Human--robot collaboration: a survey},
  author={Bauer, Andrea and Wollherr, Dirk and Buss, Martin},
  journal={International Journal of Humanoid Robotics},
  volume={5},
  number={01},
  pages={47--66},
  year={2008},
  publisher={World Scientific}
}

@inproceedings{bjorgvinsson2010participatory,
  title={Participatory design and" democratizing innovation"},
  author={Bj{\"o}rgvinsson, Erling and Ehn, Pelle and Hillgren, Per-Anders},
  booktitle={Proceedings of the 11th Biennial participatory design conference},
  pages={41--50},
  year={2010}
}

@inproceedings{carros2020exploring,
  title={Exploring human-robot interaction with the elderly: results from a ten-week case study in a care home},
  author={Carros, F. and Meurer, J. and L{\"o}ffler, D. and Unbehaun, D. and Matthies, S. and Koch, I. and Wieching, R. and Randall, D. and Hassenzahl, M. and Wulf, V.},
  booktitle={Proceedings of the 2020 CHI Conference on Human Factors in Computing Systems},
  pages={1--12},
  year={2020}
}

@article{correia2017groups,
title={Groups of humans and robots: Understanding membership preferences and team formation},
author={Correia, Filipa and Petisca, Sofia and Oliveira, PA and Ribeiro, Tiago and Melo, Francisco S and Paiva, Ana},
journal={Groups of humans and robots: Understanding membership preferences and team formation},
year={2017},
publisher={RSS Foundation}
}

@inproceedings{dominey2008anticipation,
  title={Anticipation and initiative in human-humanoid interaction},
  author={Dominey, Peter Ford and Metta, Giorgio and Nori, Francesco and Natale, Lorenzo},
  booktitle={Humanoids 2008-8th IEEE-RAS International Conference on Humanoid Robots},
  pages={693--699},
  year={2008},
  organization={IEEE}
}

@inproceedings{fourie2022joint,
title={Joint action, adaptation, and entrainment in human-robot interaction},
author={Fourie, Christopher and Figueroa, Nadia and Shah, Julie and Bie{\'n}kiewicz, Marta and Bardy, Beno{\^\i}t and Burdet, Etienne and Singamaneni, Phani Teja and Alami, Rachid and Curioni, Arianna and Knoblich, G{\"u}nther and others},
booktitle={2022 17th ACM/IEEE International Conference on Human-Robot Interaction (HRI)},
pages={1250--1253},
year={2022},
organization={IEEE}
}

@incollection{gibson20133,
  title={3 The Concept of Affordances in Development: The Renascence of Functionalism},
  author={Gibson, Eleano J},
  booktitle={The concept of development},
  pages={55--81},
  year={2013},
  publisher={Psychology Press}
}

@article{hauser2020roombots,
  title={Roombots extended: Challenges in the next generation of self-reconfigurable modular robots and their application in adaptive and assistive furniture},
  author={Hauser, Simon and Mutlu, Mehmet and L{\'e}ziart, P-A and Khodr, Hala and Bernardino, Alexandre and Ijspeert, Auke Jan},
  journal={Robotics and Autonomous Systems},
  volume={127},
  pages={103467},
  year={2020},
  publisher={Elsevier}
}

@inproceedings{hayashi2007humanoid,
  title={Humanoid robots as a passive-social medium: a field experiment at a train station},
  author={Hayashi, Kotaro and Sakamoto, Daisuke and Kanda, Takayuki and Shiomi, Masahiro and Koizumi, Satoshi and Ishiguro, Hiroshi and Ogasawara, Tsukasa and Hagita, Norihiro},
  booktitle={Proceedings of the ACM/IEEE international conference on Human-robot interaction},
  pages={137--144},
  year={2007}
}

@inproceedings{hoffman2007effects,
  title={Effects of anticipatory action on human-robot teamwork efficiency, fluency, and perception of team},
  author={Hoffman, Guy and Breazeal, Cynthia},
  booktitle={Proceedings of the ACM/IEEE international conference on Human-robot interaction},
  pages={1--8},
  year={2007}
}

@article{iqbal2016movement,
title={Movement coordination in human--robot teams: a dynamical systems approach},
author={Iqbal, Tariq and Rack, Samantha and Riek, Laurel D},
journal={IEEE Transactions on Robotics},
volume={32},
number={4},
pages={909--919},
year={2016},
publisher={IEEE}
}

@article{iqbal2017coordination,
title={Coordination dynamics in multihuman multirobot teams},
author={Iqbal, Tariq and Riek, Laurel D},
journal={IEEE Robotics and Automation Letters},
volume={2},
number={3},
pages={1712--1717},
year={2017},
publisher={IEEE}
}

@inproceedings{jamshad2024taking,
  title={Taking initiative in human-robot action teams: How proactive robot behaviors affect teamwork},
  author={Jamshad, Rabeya and Haripriyan, Arthi and Sonti, Advika and Simkins, Susan and Riek, Laurel D},
  booktitle={Companion of the 2024 ACM/IEEE International Conference on Human-Robot Interaction},
  pages={559--562},
  year={2024}
}

@article{jiang2016enhanced,
  title={Enhanced control of a wheelchair-mounted robotic manipulator using 3-D vision and multimodal interaction},
  author={Jiang, H. and Zhang, T. and Wachs, J. P. and Duerstock, B. S.},
  journal={Computer Vision and Image Understanding},
  volume={149},
  pages={21--31},
  year={2016},
  publisher={Elsevier}
}

@inproceedings{kalegina2018characterizing,
  title={Characterizing the design space of rendered robot faces},
  author={Kalegina, Alisa and Schroeder, Grace and Allchin, Aidan and Berlin, Keara and Cakmak, Maya},
  booktitle={Proceedings of the 2018 ACM/IEEE International Conference on Human-Robot Interaction},
  pages={96--104},
  year={2018}
}

@inproceedings{koschate2016overcoming,
  title={Overcoming the uncanny valley: Displays of emotions reduce the uncanniness of humanlike robots},
  author={Koschate, Miriam and Potter, Richard and Bremner, Paul and Levine, Mark},
  booktitle={2016 11th ACM/IEEE International Conference on Human-Robot Interaction (HRI)},
  pages={359--366},
  year={2016},
  organization={IEEE}
}

@article{kose2009effects,
  title={Effects of embodiment and gestures on social interaction in drumming games with a humanoid robot},
  author={Kose-Bagci, Hatice and Ferrari, Ester and Dautenhahn, Kerstin and Syrdal, Dag Sverre and Nehaniv, Chrystopher L},
  journal={Advanced Robotics},
  volume={23},
  number={14},
  pages={1951--1996},
  year={2009},
  publisher={Taylor \& Francis}
}

@inproceedings{krogsager2014backchannel,
  title={Backchannel head nods in danish first meeting encounters with a humanoid robot: The role of physical embodiment},
  author={Krogsager, Anders and Segato, Nicolaj and Rehm, Matthias},
  booktitle={Human-Computer Interaction. Advanced Interaction Modalities and Techniques: 16th International Conference, HCI International 2014, Heraklion, Crete, Greece, June 22-27, 2014, Proceedings, Part II 16},
  pages={651--662},
  year={2014},
  organization={Springer}
}

@article{ktistakis2017assistive,
  title={Assistive intelligent robotic wheelchairs},
  author={Ktistakis, I. P. and Bourbakis, N. G.},
  journal={IEEE Potentials},
  volume={36},
  number={1},
  pages={10--13},
  year={2017},
  publisher={IEEE}
}

@article{kyrarini2021survey,
  title={A survey of robots in healthcare},
  author={Kyrarini, Maria and Lygerakis, Fotios and Rajavenkatanarayanan, Akilesh and Sevastopoulos, Christos and Nambiappan, Harish Ram and Chaitanya, Kodur Krishna and Babu, Ashwin Ramesh and Mathew, Joanne and Makedon, Fillia},
  journal={Technologies},
  volume={9},
  number={1},
  pages={8},
  year={2021},
  publisher={MDPI}
}

@inproceedings{lee2010gracefully,
  title={Gracefully mitigating breakdowns in robotic services},
  author={Lee, Min Kyung and Kiesler, Sara and Forlizzi, Jodi and Srinivasa, Siddhartha and Rybski, Paul},
  booktitle={2010 5th ACM/IEEE International Conference on Human-Robot Interaction (HRI)},
  pages={203--210},
  year={2010},
  organization={IEEE}
}

@inproceedings{lee2014design,
  title={Design of a healthcare sensor managing system for vital sign measuring devices},
  author={Lee, Min Ho and Ahn, Ho Seok and Wang, Kevin and MacDonald, Bruce A},
  booktitle={Simulation, Modeling, and Programming for Autonomous Robots: 4th International Conference, SIMPAR 2014, Bergamo, Italy, October 20-23, 2014. Proceedings 4},
  pages={521--532},
  year={2014},
  organization={Springer}
}

@inproceedings{levine2014concurrent,
  title={Concurrent plan recognition and execution for human-robot teams},
  author={Levine, Steven and Williams, Brian},
  booktitle={Proceedings of the international conference on automated planning and scheduling},
  volume={24},
  pages={490--498},
  year={2014}
}

@inproceedings{loffler2020uncanny,
  title={The uncanny valley effect in zoomorphic robots: The U-shaped relation between animal likeness and likeability},
  author={L{\"o}ffler, Diana and D{\"o}rrenb{\"a}cher, Judith and Hassenzahl, Marc},
  booktitle={Proceedings of the 2020 ACM/IEEE international conference on human-robot interaction},
  pages={261--270},
  year={2020}
}

@inproceedings{matsumoto2023robot,
  title={Robot, uninterrupted: Telemedical robots to mitigate care disruption},
  author={Matsumoto, S. and Ghosh, P. and Jamshad, R. and Riek, L.D.},
  booktitle={Proceedings of the 2023 ACM/IEEE International Conference on Human-Robot Interaction},
  pages={495--505},
  year={2023}
}

@inproceedings{mok2015place,
  title={A place for every tool and every tool in its place: Performing collaborative tasks with interactive robotic drawers},
  author={Mok, Brian Ka-Jun and Yang, Stephen and Sirkin, David and Ju, Wendy},
  booktitle={2015 24th IEEE international symposium on robot and human interactive communication (RO-MAN)},
  pages={700--706},
  year={2015},
  organization={IEEE}
}

@inproceedings{nguyen2021exploring,
  title={Exploring an architectural framework for human-building interaction via a semi-immersive cross-reality methodology},
  author={Nguyen, Binh Vinh Duc and Simeone, Adalberto L and Vande Moere, Andrew},
  booktitle={Proceedings of the 2021 ACM/IEEE International Conference on Human-Robot Interaction},
  pages={252--261},
  year={2021}
}

@inproceedings{nigolian2017self,
  title={Self-reconfigurable modular robot interface using virtual reality: Arrangement of furniture made out of roombots modules},
  author={Nigolian, Valentin and Mutlu, Mehmet and Hauser, Simon and Bernardino, Alexandre and Ijspeert, Auke},
  booktitle={2017 26th IEEE International Symposium on Robot and Human Interactive Communication (RO-MAN)},
  pages={772--778},
  year={2017},
  organization={IEEE}
}

@inproceedings{nikolaidis2013human,
  title={Human-robot cross-training: Computational formulation, modeling and evaluation of a human team training strategy},
  author={Nikolaidis, Stefanos and Shah, Julie},
  booktitle={2013 8th ACM/IEEE international conference on human-robot interaction (HRI)},
  pages={33--40},
  year={2013},
  organization={IEEE}
}

@article{norman1999affordance,
  title={Affordance, conventions, and design},
  author={Norman, Donald A},
  journal={interactions},
  volume={6},
  number={3},
  pages={38--43},
  year={1999},
  publisher={ACM New York, NY, USA}
}

@article{passman1975mothers,
  title={Mothers and blankets as agents for promoting play and exploration by young children in a novel environment: The effects of social and nonsocial attachment objects.},
  author={Passman, Richard H and Weisberg, Paul},
  journal={Developmental Psychology},
  volume={11},
  number={2},
  pages={170},
  year={1975},
  publisher={American Psychological Association}
}

@article{rani2004anxiety,
  title={Anxiety detecting robotic system--towards implicit human-robot collaboration},
  author={Rani, Pramila and Sarkar, Nilanjan and Smith, Craig A and Kirby, Leslie D},
  journal={Robotica},
  volume={22},
  number={1},
  pages={85--95},
  year={2004},
  publisher={Cambridge University Press}
}

@article{riek2017healthcare,
  title={Healthcare robotics},
  author={Riek, Laurel D},
  journal={Communications of the ACM},
  volume={60},
  number={11},
  pages={68--78},
  year={2017},
  publisher={ACM New York, NY, USA}
}

@article{sato2020rehabilitation,
  title={Rehabilitation care with Pepper humanoid robot: A qualitative case study of older patients with schizophrenia and/or dementia in Japan},
  author={Sato, M. and Yasuhara, Y. and Osaka, K. and Ito, H. and Dino, Michael J. S. and Ong, I. L. and Zhao, Y. and Tanioka, T.},
  journal={Enfermeria clinica},
  volume={30},
  pages={32--36},
  year={2020},
  publisher={Elsevier}
}

@article{short2017understanding,
  title={Understanding agency in interactions between children with autism and socially assistive robots},
  author={Short, Elaine S and Deng, Eric C and Feil-Seifer, David J and Mataric, Maja J},
  year={2017}
}

@inproceedings{sirkin2015mechanical,
  title={Mechanical ottoman: how robotic furniture offers and withdraws support},
  author={Sirkin, David and Mok, Brian and Yang, Stephen and Ju, Wendy},
  booktitle={Proceedings of the Tenth Annual ACM/IEEE International Conference on Human-Robot Interaction},
  pages={11--18},
  year={2015}
}

@inproceedings{star1994steps,
  title={Steps towards an ecology of infrastructure: complex problems in design and access for large-scale collaborative systems},
  author={Star, Susan Leigh and Ruhleder, Karen},
  booktitle={Proceedings of the 1994 ACM conference on Computer supported cooperative work},
  pages={253--264},
  year={1994}
}

@inproceedings{strait2015too,
  title={Too much humanness for human-robot interaction: exposure to highly humanlike robots elicits aversive responding in observers},
  author={Strait, Megan and Vujovic, Lara and Floerke, Victoria and Scheutz, Matthias and Urry, Heather},
  booktitle={Proceedings of the 33rd annual ACM conference on human factors in computing systems},
  pages={3593--3602},
  year={2015}
}

@article{suchman2002located,
  title={Located accountabilities in technology production},
  author={Suchman, Lucy},
  journal={Scandinavian journal of information systems},
  volume={14},
  number={2},
  pages={7},
  year={2002}
}

@article{taylor2019coordinating,
title={Coordinating clinical teams: Using robots to empower nurses to stop the line},
author={Taylor, Angelique and Lee, Hee Rin and Kubota, Alyssa and Riek, Laurel D},
journal={Proceedings of the ACM on Human-Computer Interaction},
volume={3},
number={CSCW},
pages={1--30},
year={2019},
publisher={ACM New York, NY, USA}
}

@inproceedings{taylor2021social,
  title={Social navigation for mobile robots in the emergency department},
  author={Taylor, A. and Matsumoto, S. and Xiao, W. and Riek, L. D.},
  booktitle={2021 IEEE International Conference on Robotics and Automation (ICRA)},
  pages={3510--3516},
  year={2021},
  organization={IEEE}
}

@inproceedings{taylor2024towards,
  title={Towards Collaborative Crash Cart Robots that Support Clinical Teamwork},
  author={Taylor, Angelique and Tanjim, Tauhid and Cao, Huajie and Lee, Hee Rin},
  booktitle={Proceedings of the 2024 ACM/IEEE International Conference on Human-Robot Interaction},
  pages={715--724},
  year={2024}
}

@inproceedings{tennent2019micbot,
title={Micbot: A peripheral robotic object to shape conversational dynamics and team performance},
author={Tennent, Hamish and Shen, Solace and Jung, Malte},
booktitle={2019 14th ACM/IEEE International Conference on Human-Robot Interaction (HRI)},
pages={133--142},
year={2019},
organization={IEEE}
}

@inproceedings{wang2019design,
  title={Design and characterization of a novel robotic surface for application to compressed physical environments},
  author={Wang, Yixiao and Frazelle, Chase and Sirohi, Richa and Li, Liheng and Walker, Ian D and Green, Keith E},
  booktitle={2019 International Conference on Robotics and Automation (ICRA)},
  pages={102--108},
  year={2019},
  organization={IEEE}
}

@article{wu2016design,
  title={The design and control of a 3DOF lower limb rehabilitation robot},
  author={Wu, J. and Gao, J. and Song, R. and Li, R. and Li, Y. and Jiang, L.},
  journal={Mechatronics},
  volume={33},
  pages={13--22},
  year={2016},
  publisher={Elsevier}
}

@inproceedings{yang2017companion,
  title={A companion robot for daily care of elders based on homeostasis},
  author={Yang, C. Y. and Lu, M. J. and Tseng, S. H. and Fu, L. C.},
  booktitle={2017 56th Annual Conference of the Society of Instrument and Control Engineers of Japan (SICE)},
  pages={1401--1406},
  year={2017},
  organization={IEEE}
}

