%\section{References}

@article{norman1999affordance,
  title={Affordance, conventions, and design},
  author={Norman, Donald A},
  journal={interactions},
  volume={6},
  number={3},
  pages={38--43},
  year={1999},
  publisher={ACM New York, NY, USA}
}

@inproceedings{mok2015place,
  title={A place for every tool and every tool in its place: Performing collaborative tasks with interactive robotic drawers},
  author={Mok, Brian Ka-Jun and Yang, Stephen and Sirkin, David and Ju, Wendy},
  booktitle={2015 24th IEEE international symposium on robot and human interactive communication (RO-MAN)},
  pages={700--706},
  year={2015},
  organization={IEEE}
}

@book{haddington2023emca,
  title={Ethnomethodological Conversation Analysis in Motion: Emerging Methods and New Technologies (1st ed.)},
  author={Haddington, Pentti and Eilittä, Tinna and Kamunen, Antti and Kohonen-Aho, Lauren and Oittinen, Tuire and Rautiainen, Iira and Vatanen, Anna},
  year={2023},
  publisher={Routledge}
}

@book{murphy2017disaster,
  title={Disaster robotics},
  author={Murphy, Robin R},
  year={2017},
  publisher={MIT press}
}

@inproceedings{jones2002extreme,
  title={Extreme work teams: using swat teams as a model for coordinating distributed robots},
  author={Jones, Hank and Hinds, Pamela},
  booktitle={Proceedings of the 2002 ACM conference on Computer supported cooperative work},
  pages={372--381},
  year={2002}
}

@inproceedings{bethel2012discoveries,
  title={Discoveries from integrating robots into SWAT team training exercises},
  author={Bethel, Cindy L and Carruth, Daniel and Garrison, Teena},
  booktitle={2012 IEEE International Symposium on Safety, Security, and Rescue Robotics (SSRR)},
  pages={1--8},
  year={2012},
  organization={IEEE}
}

@article{beane2019shadow,
  title={Shadow learning: Building robotic surgical skill when approved means fail},
  author={Beane, Matthew},
  journal={Administrative Science Quarterly},
  volume={64},
  number={1},
  pages={87--123},
  year={2019},
  publisher={SAGE Publications Sage CA: Los Angeles, CA}
}

@article{cheatle2019sensing,
  title={Sensing (co) operations: Articulation and compensation in the robotic operating room},
  author={Cheatle, Amy and Pelikan, Hannah and Jung, Malte and Jackson, Steven},
  journal={Proceedings of the ACM on Human-Computer Interaction},
  volume={3},
  number={CSCW},
  pages={1--26},
  year={2019},
  publisher={ACM New York, NY, USA}
}

@article{jones2002autonomous,
  title={Autonomous robots in swat applications: Research, design, and operations challenges},
  author={Jones, Henry L and Rock, Stephen M and Burns, Dennis and Morris, Steve},
  journal={AUVSI’02},
  year={2002}
}

@book{carpenter2016culture,
  title={Culture and human-robot interaction in militarized spaces: A war story},
  author={Carpenter, Julie},
  year={2016},
  publisher={Routledge}
}

@article{casper2003human,
  title={Human-robot interactions during the robot-assisted urban search and rescue response at the world trade center},
  author={Casper, Jennifer and Murphy, Robin R.},
  journal={IEEE Transactions on Systems, Man, and Cybernetics, Part B (Cybernetics)},
  volume={33},
  number={3},
  pages={367--385},
  year={2003},
  publisher={IEEE}
}

@article{sundstrom1990work,
  title={Work teams: Applications and effectiveness.},
  author={Sundstrom, Eric and De Meuse, Kenneth P and Futrell, David},
  journal={American psychologist},
  volume={45},
  number={2},
  pages={120},
  year={1990},
  publisher={American Psychological Association}
}


@inproceedings{loffler2020uncanny,
  title={The uncanny valley effect in zoomorphic robots: The U-shaped relation between animal likeness and likeability},
  author={L{\"o}ffler, Diana and D{\"o}rrenb{\"a}cher, Judith and Hassenzahl, Marc},
  booktitle={Proceedings of the 2020 ACM/IEEE international conference on human-robot interaction},
  pages={261--270},
  year={2020}
}

@inproceedings{koschate2016overcoming,
  title={Overcoming the uncanny valley: Displays of emotions reduce the uncanniness of humanlike robots},
  author={Koschate, Miriam and Potter, Richard and Bremner, Paul and Levine, Mark},
  booktitle={2016 11th ACM/IEEE International Conference on Human-Robot Interaction (HRI)},
  pages={359--366},
  year={2016},
  organization={IEEE}
}


@inproceedings{strait2015too,
  title={Too much humanness for human-robot interaction: exposure to highly humanlike robots elicits aversive responding in observers},
  author={Strait, Megan and Vujovic, Lara and Floerke, Victoria and Scheutz, Matthias and Urry, Heather},
  booktitle={Proceedings of the 33rd annual ACM conference on human factors in computing systems},
  pages={3593--3602},
  year={2015}
}


@article{bauer2008human,
  title={Human--robot collaboration: a survey},
  author={Bauer, Andrea and Wollherr, Dirk and Buss, Martin},
  journal={International Journal of Humanoid Robotics},
  volume={5},
  number={01},
  pages={47--66},
  year={2008},
  publisher={World Scientific}
}


@article{rani2004anxiety,
  title={Anxiety detecting robotic system--towards implicit human-robot collaboration},
  author={Rani, Pramila and Sarkar, Nilanjan and Smith, Craig A and Kirby, Leslie D},
  journal={Robotica},
  volume={22},
  number={1},
  pages={85--95},
  year={2004},
  publisher={Cambridge University Press}
}


@article{passman1975mothers,
  title={Mothers and blankets as agents for promoting play and exploration by young children in a novel environment: The effects of social and nonsocial attachment objects.},
  author={Passman, Richard H and Weisberg, Paul},
  journal={Developmental Psychology},
  volume={11},
  number={2},
  pages={170},
  year={1975},
  publisher={American Psychological Association}
}


@inproceedings{nigolian2017self,
  title={Self-reconfigurable modular robot interface using virtual reality: Arrangement of furniture made out of roombots modules},
  author={Nigolian, Valentin and Mutlu, Mehmet and Hauser, Simon and Bernardino, Alexandre and Ijspeert, Auke},
  booktitle={2017 26th IEEE International Symposium on Robot and Human Interactive Communication (RO-MAN)},
  pages={772--778},
  year={2017},
  organization={IEEE}
}


@article{hauser2020roombots,
  title={Roombots extended: Challenges in the next generation of self-reconfigurable modular robots and their application in adaptive and assistive furniture},
  author={Hauser, Simon and Mutlu, Mehmet and L{\'e}ziart, P-A and Khodr, Hala and Bernardino, Alexandre and Ijspeert, Auke Jan},
  journal={Robotics and Autonomous Systems},
  volume={127},
  pages={103467},
  year={2020},
  publisher={Elsevier}
}


@inproceedings{wang2019design,
  title={Design and characterization of a novel robotic surface for application to compressed physical environments},
  author={Wang, Yixiao and Frazelle, Chase and Sirohi, Richa and Li, Liheng and Walker, Ian D and Green, Keith E},
  booktitle={2019 International Conference on Robotics and Automation (ICRA)},
  pages={102--108},
  year={2019},
  organization={IEEE}
}


@inproceedings{nguyen2021exploring,
  title={Exploring an architectural framework for human-building interaction via a semi-immersive cross-reality methodology},
  author={Nguyen, Binh Vinh Duc and Simeone, Adalberto L and Vande Moere, Andrew},
  booktitle={Proceedings of the 2021 ACM/IEEE International Conference on Human-Robot Interaction},
  pages={252--261},
  year={2021}
}


@inproceedings{kalegina2018characterizing,
  title={Characterizing the design space of rendered robot faces},
  author={Kalegina, Alisa and Schroeder, Grace and Allchin, Aidan and Berlin, Keara and Cakmak, Maya},
  booktitle={Proceedings of the 2018 ACM/IEEE International Conference on Human-Robot Interaction},
  pages={96--104},
  year={2018}
}


@article{short2017understanding,
  title={Understanding agency in interactions between children with autism and socially assistive robots},
  author={Short, Elaine S and Deng, Eric C and Feil-Seifer, David J and Mataric, Maja J},
  year={2017}
}

@inproceedings{krogsager2014backchannel,
  title={Backchannel head nods in danish first meeting encounters with a humanoid robot: The role of physical embodiment},
  author={Krogsager, Anders and Segato, Nicolaj and Rehm, Matthias},
  booktitle={Human-Computer Interaction. Advanced Interaction Modalities and Techniques: 16th International Conference, HCI International 2014, Heraklion, Crete, Greece, June 22-27, 2014, Proceedings, Part II 16},
  pages={651--662},
  year={2014},
  organization={Springer}
}


@article{kose2009effects,
  title={Effects of embodiment and gestures on social interaction in drumming games with a humanoid robot},
  author={Kose-Bagci, Hatice and Ferrari, Ester and Dautenhahn, Kerstin and Syrdal, Dag Sverre and Nehaniv, Chrystopher L},
  journal={Advanced Robotics},
  volume={23},
  number={14},
  pages={1951--1996},
  year={2009},
  publisher={Taylor \& Francis}
}


@inproceedings{hayashi2007humanoid,
  title={Humanoid robots as a passive-social medium: a field experiment at a train station},
  author={Hayashi, Kotaro and Sakamoto, Daisuke and Kanda, Takayuki and Shiomi, Masahiro and Koizumi, Satoshi and Ishiguro, Hiroshi and Ogasawara, Tsukasa and Hagita, Norihiro},
  booktitle={Proceedings of the ACM/IEEE international conference on Human-robot interaction},
  pages={137--144},
  year={2007}
}




@incollection{gibson20133,
  title={3 The Concept of Affordances in Development: The Renascence of Functionalism},
  author={Gibson, Eleano J},
  booktitle={The concept of development},
  pages={55--81},
  year={2013},
  publisher={Psychology Press}
}


@inproceedings{mandel2023recapturing,
title={Recapturing Product as Material Supply: Hoverboards as Garbatrage},
author={Mandel, Ilan and Ju, Wendy},
booktitle={Proceedings of the 2023 ACM Designing Interactive Systems Conference},
pages={564--579},
year={2023}
}

@article{taylor2019coordinating,
title={Coordinating clinical teams: Using robots to empower nurses to stop the line},
author={Taylor, Angelique and Lee, Hee Rin and Kubota, Alyssa and Riek, Laurel D},
journal={Proceedings of the ACM on Human-Computer Interaction},
volume={3},
number={CSCW},
pages={1--30},
year={2019},
publisher={ACM New York, NY, USA}
}

@article{vlachogianni2022perceived,
  title={Perceived usability evaluation of educational technology using the System Usability Scale (SUS): A systematic review},
  author={Vlachogianni, Prokopia and Tselios, Nikolaos},
  journal={Journal of Research on Technology in Education},
  volume={54},
  number={3},
  pages={392--409},
  year={2022},
  publisher={Taylor \& Francis}
}


@inproceedings{hart2006nasa,
  title={NASA-task load index (NASA-TLX); 20 years later},
  author={Hart, Sandra G},
  booktitle={Proceedings of the human factors and ergonomics society annual meeting},
  volume={50},
  number={9},
  pages={904--908},
  year={2006},
  organization={Sage publications Sage CA: Los Angeles, CA}
}

@article{kyrarini2021survey,
  title={A survey of robots in healthcare},
  author={Kyrarini, Maria and Lygerakis, Fotios and Rajavenkatanarayanan, Akilesh and Sevastopoulos, Christos and Nambiappan, Harish Ram and Chaitanya, Kodur Krishna and Babu, Ashwin Ramesh and Mathew, Joanne and Makedon, Fillia},
  journal={Technologies},
  volume={9},
  number={1},
  pages={8},
  year={2021},
  publisher={MDPI}
}

@article{riek2017healthcare,
  title={Healthcare robotics},
  author={Riek, Laurel D},
  journal={Communications of the ACM},
  volume={60},
  number={11},
  pages={68--78},
  year={2017},
  publisher={ACM New York, NY, USA}
}

@inproceedings{yang2017companion,
  title={A companion robot for daily care of elders based on homeostasis},
  author={Yang, C. Y. and Lu, M. J. and Tseng, S. H. and Fu, L. C.},
  booktitle={2017 56th Annual Conference of the Society of Instrument and Control Engineers of Japan (SICE)},
  pages={1401--1406},
  year={2017},
  organization={IEEE}
}

@article{ktistakis2017assistive,
  title={Assistive intelligent robotic wheelchairs},
  author={Ktistakis, I. P. and Bourbakis, N. G.},
  journal={IEEE Potentials},
  volume={36},
  number={1},
  pages={10--13},
  year={2017},
  publisher={IEEE}
}

@article{jiang2016enhanced,
  title={Enhanced control of a wheelchair-mounted robotic manipulator using 3-D vision and multimodal interaction},
  author={Jiang, H. and Zhang, T. and Wachs, J. P. and Duerstock, B. S.},
  journal={Computer Vision and Image Understanding},
  volume={149},
  pages={21--31},
  year={2016},
  publisher={Elsevier}
}

@article{sato2020rehabilitation,
  title={Rehabilitation care with Pepper humanoid robot: A qualitative case study of older patients with schizophrenia and/or dementia in Japan},
  author={Sato, M. and Yasuhara, Y. and Osaka, K. and Ito, H. and Dino, Michael J. S. and Ong, I. L. and Zhao, Y. and Tanioka, T.},
  journal={Enfermeria clinica},
  volume={30},
  pages={32--36},
  year={2020},
  publisher={Elsevier}
}


@inproceedings{carros2020exploring,
  title={Exploring human-robot interaction with the elderly: results from a ten-week case study in a care home},
  author={Carros, F. and Meurer, J. and L{\"o}ffler, D. and Unbehaun, D. and Matthies, S. and Koch, I. and Wieching, R. and Randall, D. and Hassenzahl, M. and Wulf, V.},
  booktitle={Proceedings of the 2020 CHI Conference on Human Factors in Computing Systems},
  pages={1--12},
  year={2020}
}

@article{wu2016design,
  title={The design and control of a 3DOF lower limb rehabilitation robot},
  author={Wu, J. and Gao, J. and Song, R. and Li, R. and Li, Y. and Jiang, L.},
  journal={Mechatronics},
  volume={33},
  pages={13--22},
  year={2016},
  publisher={Elsevier}
}

@inproceedings{ahn2015healthcare,
  title={Healthcare robot systems for a hospital environment: CareBot and ReceptionBot},
  author={Ahn, Ho Seok and Lee, Min Ho and MacDonald, Bruce A},
  booktitle={2015 24th IEEE international symposium on robot and human interactive communication (RO-MAN)},
  pages={571--576},
  year={2015},
  organization={IEEE}
}

@inproceedings{taylor2021social,
  title={Social navigation for mobile robots in the emergency department},
  author={Taylor, A. and Matsumoto, S. and Xiao, W. and Riek, L. D.},
  booktitle={2021 IEEE International Conference on Robotics and Automation (ICRA)},
  pages={3510--3516},
  year={2021},
  organization={IEEE}
}

@inproceedings{lee2014design_bling,
  title={Blinded for review}
}

@inproceedings{lee2014design,
  title={Design of a healthcare sensor managing system for vital sign measuring devices},
  author={Lee, Min Ho and Ahn, Ho Seok and Wang, Kevin and MacDonald, Bruce A},
  booktitle={Simulation, Modeling, and Programming for Autonomous Robots: 4th International Conference, SIMPAR 2014, Bergamo, Italy, October 20-23, 2014. Proceedings 4},
  pages={521--532},
  year={2014},
  organization={Springer}
}

@inproceedings{alves2022flexi,
  title={Flexi: A robust and flexible social robot embodiment kit},
  author={Alves-Oliveira, Patr{\'\i}cia and Bavier, Matthew and Malandkar, Samrudha and Eldridge, Ryan and Sayigh, Julie and Bj{\"o}rling, Elin A and Cakmak, Maya},
  booktitle={Proceedings of the 2022 ACM Designing Interactive Systems Conference},
  pages={1177--1191},
  year={2022}
}

@inproceedings{matsumoto2021iris,
  title={Iris: A low-cost telemedicine robot to support healthcare safety and equity during a pandemic},
  author={Matsumoto, Sachiko and Moharana, Sanika and Devanagondi, Nimisha and Oyama, Leslie C and Riek, Laurel D},
  booktitle={International Conference on Pervasive Computing Technologies for Healthcare},
  pages={113--133},
  year={2021},
  organization={Springer}
}

@article{specian2021quori,
  title={Quori: A community-informed design of a socially interactive humanoid robot},
  author={Specian, Andrew and Mead, Ross and Kim, Simon and Matari{\'c}, Maja and Yim, Mark},
  journal={IEEE Transactions on Robotics},
  volume={38},
  number={3},
  pages={1755--1772},
  year={2021},
  publisher={IEEE}
}

@inproceedings{harrison2018user,
  title={User-centered robot head design: A sensing computing interaction platform for robotics research (sciprr)},
  author={Harrison, Anthony M and Xu, Wendy M and Trafton, J Gregory},
  booktitle={Proceedings of the 2018 ACM/IEEE International Conference on Human-Robot Interaction},
  pages={215--223},
  year={2018}
}

@inproceedings{cao2014enhancing,
  title={Enhancing My Keepon robot: A simple and low-cost solution for robot platform in Human-Robot Interaction studies},
  author={Cao, Hoang-Long and Van de Perre, Greet and Simut, Ramona and Pop, Cristina and Peca, Andreea and Lefeber, Dirk and Vanderborght, Bram},
  booktitle={The 23rd IEEE International Symposium on Robot and Human Interactive Communication},
  pages={555--560},
  year={2014},
  organization={IEEE}
}

@article{beer2014toward,
  title={Toward a framework for levels of robot autonomy in human-robot interaction},
  author={Beer, Jenay M and Fisk, Arthur D and Rogers, Wendy A},
  journal={Journal of human-robot interaction},
  volume={3},
  number={2},
  pages={74},
  year={2014},
  publisher={NIH Public Access}
}

@article{brooke1996sus,
  title={SUS: A quick and dirty usability scale},
  author={Brooke, J},
  journal={Usability Evaluation in Industry},
  year={1996}
}

@article{honig2021expect,
  title={Expect the unexpected: Leveraging the human-robot ecosystem to handle unexpected robot failures},
  author={Honig, Shanee and Oron-Gilad, Tal},
  journal={Frontiers in Robotics and AI},
  volume={8},
  pages={656385},
  year={2021},
  publisher={Frontiers Media SA}
}

@ARTICLE{honig2018,
AUTHOR={Honig, Shanee and Oron-Gilad, Tal},    
TITLE={Understanding and Resolving Failures in Human-Robot Interaction: Literature Review and Model Development},      	
JOURNAL={Frontiers in Psychology},      	
VOLUME={9},           	
YEAR={2018},        
URL={https://www.frontiersin.org/articles/10.3389/fpsyg.2018.00861},       	
DOI={10.3389/fpsyg.2018.00861},      	
ISSN={1664-1078}
}

@article{honig2022taxonomy,
author = {Honig, Shanee and Bartal, Alon and Parmet, Yisrael and Oron-Gilad, Tal},
year = {2022},
month = {11},
pages = {1-26},
title = {Using Online Customer Reviews to Classify, Predict, and Learn About Domestic Robot Failures},
journal = {International Journal of Social Robotics},
doi = {10.1007/s12369-022-00929-3}
}

@article{bremers2023facial,
title={Using Facial Reactions to Recognize Task Failures for HRI: State-of-the-Art and Future Directions},
author={Alexandra Bremers and Alexandria Pabst and Maria Teresa Parreira and Wendy Ju},
year={2023},
journal={In submission to ACM Transactions on Human Robot Interactions},
publisher = {ACM}
}

@inproceedings{nikolaidis2013human,
  title={Human-robot cross-training: Computational formulation, modeling and evaluation of a human team training strategy},
  author={Nikolaidis, Stefanos and Shah, Julie},
  booktitle={2013 8th ACM/IEEE international conference on human-robot interaction (HRI)},
  pages={33--40},
  year={2013},
  organization={IEEE}
}

@inproceedings{levine2014concurrent,
  title={Concurrent plan recognition and execution for human-robot teams},
  author={Levine, Steven and Williams, Brian},
  booktitle={Proceedings of the international conference on automated planning and scheduling},
  volume={24},
  pages={490--498},
  year={2014}
}

@inproceedings{hoffman2007effects,
  title={Effects of anticipatory action on human-robot teamwork efficiency, fluency, and perception of team},
  author={Hoffman, Guy and Breazeal, Cynthia},
  booktitle={Proceedings of the ACM/IEEE international conference on Human-robot interaction},
  pages={1--8},
  year={2007}
}

@inproceedings{dominey2008anticipation,
  title={Anticipation and initiative in human-humanoid interaction},
  author={Dominey, Peter Ford and Metta, Giorgio and Nori, Francesco and Natale, Lorenzo},
  booktitle={Humanoids 2008-8th IEEE-RAS International Conference on Humanoid Robots},
  pages={693--699},
  year={2008},
  organization={IEEE}
}

@book{taylor2021human,
  title={Human-Robot Teaming in Safety-Critical Environments: Perception of and Interaction with Groups},
  author={Taylor, Angelique},
  year={2021},
  publisher={University of California, San Diego}
}

@inproceedings{taylor2016robot,
  title={Robot perception of human groups in the real world: State of the art},
  author={Taylor, Angelique and Riek, Laurel D},
  booktitle={2016 AAAI Fall Symposium Series},
  year={2016}
}

@inproceedings{taylor2020situating,
  title={Situating robots in the emergency department},
  author={Taylor, Angelique and Matsumoto, Sachiko and Riek, Laurel D},
  booktitle={AAAI Spring Symposium on Applied AI in Healthcare: Safety, Community, and the Environment},
  year={2020}
}

@inproceedings{jamshad2024taking,
  title={Taking initiative in human-robot action teams: How proactive robot behaviors affect teamwork},
  author={Jamshad, Rabeya and Haripriyan, Arthi and Sonti, Advika and Simkins, Susan and Riek, Laurel D},
  booktitle={Companion of the 2024 ACM/IEEE International Conference on Human-Robot Interaction},
  pages={559--562},
  year={2024}
}

@inproceedings{wilkes2010heterogeneous,
  title={Heterogeneous artificial agents for triage nurse assistance},
  author={Wilkes, D Mitchell and Franklin, Stan and Erdemir, Erdem and Gordon, Stephen and Strain, Steve and Miller, Karen and Kawamura, Kazuhiko},
  booktitle={2010 10th IEEE-RAS International Conference on Humanoid Robots},
  pages={130--137},
  year={2010},
  organization={IEEE}
}


@inproceedings{taylor2024towards,
  title={Towards Collaborative Crash Cart Robots that Support Clinical Teamwork},
  author={Taylor, Angelique and Tanjim, Tauhid and Cao, Huajie and Lee, Hee Rin},
  booktitle={Proceedings of the 2024 ACM/IEEE International Conference on Human-Robot Interaction},
  pages={715--724},
  year={2024}
}

@inproceedings{taylor2024towards_blind,
  title={Blinded for review}
}



@article{honig2021expect,
  title={Expect the unexpected: Leveraging the human-robot ecosystem to handle unexpected robot failures},
  author={Honig, Shanee and Oron-Gilad, Tal},
  journal={Frontiers in Robotics and AI},
  volume={8},
  pages={656385},
  year={2021},
  publisher={Frontiers Media SA}
}

@ARTICLE{honig2018,
AUTHOR={Honig, Shanee and Oron-Gilad, Tal},    
TITLE={Understanding and Resolving Failures in Human-Robot Interaction: Literature Review and Model Development},      	
JOURNAL={Frontiers in Psychology},      	
VOLUME={9},           	
YEAR={2018},        
URL={https://www.frontiersin.org/articles/10.3389/fpsyg.2018.00861},       	
DOI={10.3389/fpsyg.2018.00861},      	
ISSN={1664-1078}
}



@article{bremers2023bystander,
  title={The Bystander Affect Detection (BAD) Dataset for Failure Detection in HRI},
  author={Bremers, Alexandra and Parreira, Maria Teresa and Fang, Xuanyu and Friedman, Natalie and Ramirez-Aristizabal, Adolfo and Pabst, Alexandria and Spasojevic, Mirjana and Kuniavsky, Michael and Ju, Wendy},
  journal={arXiv preprint arXiv:2303.04835},
  year={2023}
}




@inproceedings{taylor2024towards_blind,
  title={Blinded for review}
}


@article{iqbal2016movement,
title={Movement coordination in human--robot teams: a dynamical systems approach},
author={Iqbal, Tariq and Rack, Samantha and Riek, Laurel D},
journal={IEEE Transactions on Robotics},
volume={32},
number={4},
pages={909--919},
year={2016},
publisher={IEEE}
}



@inproceedings{sirkin2015mechanical,
  title={Mechanical ottoman: how robotic furniture offers and withdraws support},
  author={Sirkin, David and Mok, Brian and Yang, Stephen and Ju, Wendy},
  booktitle={Proceedings of the Tenth Annual ACM/IEEE International Conference on Human-Robot Interaction},
  pages={11--18},
  year={2015}
}

@misc{massaro1990psychology,
title={The psychology of everyday things},
author={Massaro, Dominic W},
year={1990},
publisher={JSTOR}
}

@article{iqbal2017coordination,
title={Coordination dynamics in multihuman multirobot teams},
author={Iqbal, Tariq and Riek, Laurel D},
journal={IEEE Robotics and Automation Letters},
volume={2},
number={3},
pages={1712--1717},
year={2017},
publisher={IEEE}
}

@article{correia2017groups,
title={Groups of humans and robots: Understanding membership preferences and team formation},
author={Correia, Filipa and Petisca, Sofia and Oliveira, PA and Ribeiro, Tiago and Melo, Francisco S and Paiva, Ana},
journal={Groups of humans and robots: Understanding membership preferences and team formation},
year={2017},
publisher={RSS Foundation}
}

@inproceedings{fourie2022joint,
title={Joint action, adaptation, and entrainment in human-robot interaction},
author={Fourie, Christopher and Figueroa, Nadia and Shah, Julie and Bie{\'n}kiewicz, Marta and Bardy, Beno{\^\i}t and Burdet, Etienne and Singamaneni, Phani Teja and Alami, Rachid and Curioni, Arianna and Knoblich, G{\"u}nther and others},
booktitle={2022 17th ACM/IEEE International Conference on Human-Robot Interaction (HRI)},
pages={1250--1253},
year={2022},
organization={IEEE}
}

@inproceedings{tennent2019micbot,
title={Micbot: A peripheral robotic object to shape conversational dynamics and team performance},
author={Tennent, Hamish and Shen, Solace and Jung, Malte},
booktitle={2019 14th ACM/IEEE International Conference on Human-Robot Interaction (HRI)},
pages={133--142},
year={2019},
organization={IEEE}
}

@article{alves2019empathic,
title={Empathic robot for group learning: A field study},
author={Alves-Oliveira, Patr{\'\i}cia and Sequeira, Pedro and Melo, Francisco S and Castellano, Ginevra and Paiva, Ana},
journal={ACM Transactions on Human-Robot Interaction (THRI)},
volume={8},
number={1},
pages={1--34},
year={2019},
publisher={ACM New York, NY, USA}
}

@inproceedings{jagannath2019temporal,
title={Temporal rhythms and patterns of electronic documentation in time-critical medical work},
author={Jagannath, Swathi and Sarcevic, Aleksandra and Young, Victoria and Myers, Sage},
booktitle={Proceedings of the 2019 CHI Conference on Human Factors in Computing Systems},
pages={1--13},
year={2019}
}

@article{brock2013republished,
title={Republished: interprofessional education in team communication: working together to improve patient safety},
author={Brock, Douglas and Abu-Rish, Erin and Chiu, Chia-Ru and Hammer, Dana and Wilson, Sharon and Vorvick, Linda and Blondon, Katherine and Schaad, Douglas and Liner, Debra and Zierler, Brenda},
journal={Postgraduate medical journal},
volume={89},
number={1057},
pages={642--651},
year={2013},
publisher={Oxford University Press}
}

@article{schilling2022understanding,
title={Understanding teamwork in rapidly deployed interprofessional teams in intensive and acute care: A systematic review of reviews},
author={Schilling, Stefan and Armaou, Maria and Morrison, Zoe and Carding, Paul and Bricknell, Martin and Connelly, Vincent},
journal={Plos one},
volume={17},
number={8},
pages={e0272942},
year={2022},
publisher={Public Library of Science San Francisco, CA USA}
}

@article{kendon1990spatial,
  title={Spatial organization in social encounters: The F-formation system},
  author={Kendon, Adam},
  journal={Conducting interaction: Patterns of behavior in focused encounters},
  year={1990},
  publisher={Cambridge University Press}
}

@article{sameera2021human,
title={Human errors and their prevention in healthcare},
author={Sameera, Vattipalli and Bindra, Ashish and Rath, Girija P},
journal={Journal of Anaesthesiology Clinical Pharmacology},
volume={37},
number={3},
pages={328--335},
year={2021},
publisher={Medknow}
}

@article{ahmadpour2021efficiency,
title={Efficiency and teamwork in emergency departments: perception of staff on design interventions},
author={Ahmadpour, Sahar and Bayramzadeh, Sara and Aghaei, Parsa},
journal={HERD: Health Environments Research \& Design Journal},
volume={14},
number={4},
pages={310--323},
year={2021},
publisher={SAGE Publications Sage CA: Los Angeles, CA}
}

@article{welp2016interplay,
title={The interplay between teamwork, clinicians’ emotional exhaustion, and clinician-rated patient safety: a longitudinal study},
author={Welp, Annalena and Meier, Laurenz L and Manser, Tanja},
journal={Critical Care},
volume={20},
pages={1--10},
year={2016},
publisher={Springer}
}

@article{brock2013republished,
title={Republished: interprofessional education in team communication: working together to improve patient safety},
author={Brock, Douglas and Abu-Rish, Erin and Chiu, Chia-Ru and Hammer, Dana and Wilson, Sharon and Vorvick, Linda and Blondon, Katherine and Schaad, Douglas and Liner, Debra and Zierler, Brenda},
journal={Postgraduate medical journal},
volume={89},
number={1057},
pages={642--651},
year={2013},
publisher={Oxford University Press}
}

@article{schilling2022understanding,
title={Understanding teamwork in rapidly deployed interprofessional teams in intensive and acute care: A systematic review of reviews},
author={Schilling, Stefan and Armaou, Maria and Morrison, Zoe and Carding, Paul and Bricknell, Martin and Connelly, Vincent},
journal={Plos one},
volume={17},
number={8},
pages={e0272942},
year={2022},
publisher={Public Library of Science San Francisco, CA USA}
}

@article{li2018organizational,
title={Organizational contextual features that influence the implementation of evidence-based practices across healthcare settings: a systematic integrative review},
author={Li, Shelly-Anne and Jeffs, Lianne and Barwick, Melanie and Stevens, Bonnie},
journal={Systematic reviews},
volume={7},
pages={1--19},
year={2018},
publisher={Springer}
}


@article{ahmadpour2021efficiency,
title={Efficiency and teamwork in emergency departments: perception of staff on design interventions},
author={Ahmadpour, Sahar and Bayramzadeh, Sara and Aghaei, Parsa},
journal={HERD: Health Environments Research \& Design Journal},
volume={14},
number={4},
pages={310--323},
year={2021},
publisher={SAGE Publications Sage CA: Los Angeles, CA}
}

@article{welp2016interplay,
title={The interplay between teamwork, clinicians’ emotional exhaustion, and clinician-rated patient safety: a longitudinal study},
author={Welp, Annalena and Meier, Laurenz L and Manser, Tanja},
journal={Critical Care},
volume={20},
pages={1--10},
year={2016},
publisher={Springer}
}

@article{li2018organizational,
title={Organizational contextual features that influence the implementation of evidence-based practices across healthcare settings: a systematic integrative review},
author={Li, Shelly-Anne and Jeffs, Lianne and Barwick, Melanie and Stevens, Bonnie},
journal={Systematic reviews},
volume={7},
pages={1--19},
year={2018},
publisher={Springer}
}



@article{barnard2020communication,
title={Communication between therapists and nurses working in inpatient interprofessional teams: Systematic review and meta-ethnography},
author={Barnard, Rachel and Jones, Julia and Cruice, Madeline},
journal={Disability and rehabilitation},
volume={42},
number={10},
pages={1339--1349},
year={2020},
publisher={Taylor \& Francis}
}

@article{panagioti2019prevalence,
title={Prevalence, severity, and nature of preventable patient harm across medical care settings: systematic review and meta-analysis},
author={Panagioti, Maria and Khan, Kanza and Keers, Richard N and Abuzour, Aseel and Phipps, Denham and Kontopantelis, Evangelos and Bower, Peter and Campbell, Stephen and Haneef, Razaan and Avery, Anthony J and others},
journal={bmj},
volume={366},
year={2019},
publisher={British Medical Journal Publishing Group}
}

@incollection{callaway2024military,
title={Military Lessons Learned for Disaster Response},
author={Callaway, David W and Robben, Paul M},
booktitle={Ciottone's Disaster Medicine},
pages={551--555},
year={2024},
publisher={Elsevier}
}

@article{collier2020comparing,
title={Comparing actions and lessons learned in transportation and logistics efforts for emergency response to hurricane Katrina and hurricane harvey},
author={Collier, John and Balakrishnan, Srijith and Zhang, Zhanmin},
journal={Journal of Homeland Security and Emergency Management},
volume={17},
number={3},
pages={20190022},
year={2020},
publisher={De Gruyter}
}

@article{henriksen2017challenges,
title={Challenges and opportunities from the Agency for Healthcare Research and Quality (AHRQ) research summit on improving diagnosis: a proceedings review},
author={Henriksen, Kerm and Dymek, Chris and Harrison, Michael I and Brady, P Jeffrey and Arnold, Sharon B},
journal={Diagnosis},
volume={4},
number={2},
pages={57--66},
year={2017},
publisher={De Gruyter}
}

@article{hall1963system,
  title={A system for the notation of proxemic behavior},
  author={Hall, Edward T},
  journal={American anthropologist},
  volume={65},
  number={5},
  pages={1003--1026},
  year={1963},
  publisher={JSTOR}
}

@article{hinds2004whose,
  title={Whose job is it anyway? A study of human-robot interaction in a collaborative task},
  author={Hinds, Pamela J and Roberts, Teresa L and Jones, Hank},
  journal={Human--Computer Interaction},
  volume={19},
  number={1-2},
  pages={151--181},
  year={2004},
  publisher={Taylor \& Francis}
}

@article{gombolay2018robotic,
  title={Robotic assistance in the coordination of patient care},
  author={Gombolay, Matthew and Yang, Xi Jessie and Hayes, Bradley and Seo, Nicole and Liu, Zixi and Wadhwania, Samir and Yu, Tania and Shah, Neel and Golen, Toni and Shah, Julie},
  journal={The International Journal of Robotics Research},
  volume={37},
  number={10},
  pages={1300--1316},
  year={2018},
  publisher={SAGE Publications Sage UK: London, England}
}

@article{samarakoon2022review,
  title={A Review on Human--Robot Proxemics},
  author={Samarakoon, SM Bhagya P and Muthugala, MA Viraj J and Jayasekara, AG Buddhika P},
  journal={Electronics},
  volume={11},
  number={16},
  pages={2490},
  year={2022},
  publisher={MDPI}
}

@inproceedings{taylor2016robot,
  title={Robot perception of human groups in the real world: State of the art},
  author={Taylor, Angelique and Riek, Laurel D},
  booktitle={2016 AAAI Fall Symposium Series},
  year={2016}
}

@article{swofford2018conversational,
  title={Conversational group detection with deep convolutional networks},
  author={Swofford, Mason and Peruzzi, John and V{\'a}zquez, Marynel},
  journal={arXiv preprint arXiv:1810.04039},
  year={2018}
}

@inproceedings{linder2014multi,
  title={Multi-model hypothesis tracking of groups of people in RGB-D data},
  author={Linder, Timm and Arras, Kai O},
  booktitle={17th International conference on information fusion (FUSION)},
  pages={1--7},
  year={2014},
  organization={IEEE}
}

@article{vazquez2022pose,
  title={Pose Generation for Social Robots in Conversational Group Formations},
  author={V{\'a}zquez, Marynel and Lew, Alexander and Gorevoy, Eden and Connolly, Joe},
  journal={Frontiers in Robotics and AI},
  volume={8},
  pages={703807},
  year={2022},
  publisher={Frontiers}
}

@article{swofford2020improving,
  title={Improving social awareness through dante: Deep affinity network for clustering conversational interactants},
  author={Swofford, Mason and Peruzzi, John and Tsoi, Nathan and Thompson, Sydney and Mart{\'\i}n-Mart{\'\i}n, Roberto and Savarese, Silvio and V{\'a}zquez, Marynel},
  journal={Proceedings of the ACM on Human-Computer Interaction},
  volume={4},
  number={CSCW1},
  pages={1--23},
  year={2020},
  publisher={ACM New York, NY, USA}
}

@inproceedings{triebel2016spencer,
  title={Spencer: A socially aware service robot for passenger guidance and help in busy airports},
  author={Triebel, Rudolph and Arras, Kai and Alami, Rachid and Beyer, Lucas and Breuers, Stefan and Chatila, Raja and Chetouani, Mohamed and Cremers, Daniel and Evers, Vanessa and Fiore, Michelangelo and others},
  booktitle={Field and Service Robotics: Results of the 10th International Conference},
  pages={607--622},
  year={2016},
  organization={Springer}
}

@inproceedings{jung2015using,
  title={Using robots to moderate team conflict: the case of repairing violations},
  author={Jung, Malte F and Martelaro, Nikolas and Hinds, Pamela J},
  booktitle={Proceedings of the tenth annual ACM/IEEE international conference on human-robot interaction},
  pages={229--236},
  year={2015}
}


@inproceedings{st2015robot,
  title={How robot verbal feedback can improve team performance in human-robot task collaborations},
  author={St. Clair, Aaron and Mataric, Maja},
  booktitle={Proceedings of the tenth annual acm/ieee international conference on human-robot interaction},
  pages={213--220},
  year={2015}
}

@article{correia2023robotic,
  title={Robotic Gaze Responsiveness in Multiparty Teamwork},
  author={Correia, Filipa and Campos, Joana and Melo, Francisco S and Paiva, Ana},
  journal={International Journal of Social Robotics},
  volume={15},
  number={1},
  pages={27--36},
  year={2023},
  publisher={Springer}
}

@article{correia2019choose,
  title={“I Choose... YOU!” Membership preferences in human--robot teams},
  author={Correia, Filipa and Petisca, Sofia and Alves-Oliveira, Patr{\'\i}cia and Ribeiro, Tiago and Melo, Francisco S and Paiva, Ana},
  journal={Autonomous Robots},
  volume={43},
  pages={359--373},
  year={2019},
  publisher={Springer}
}

@article{gombolay2018fast,
  title={Fast scheduling of robot teams performing tasks with temporospatial constraints},
  author={Gombolay, Matthew C and Wilcox, Ronald J and Shah, Julie A},
  journal={IEEE Transactions on Robotics},
  volume={34},
  number={1},
  pages={220--239},
  year={2018},
  publisher={IEEE}
}



@article{huang2021will,
  title={Will you listen to a robot? Effects of robot ability, task complexity, and risk on human decision-making},
  author={Huang, Hanjing and Rau, Pei-Luen Patrick and Ma, Liang},
  journal={Advanced Robotics},
  volume={35},
  number={19},
  pages={1156--1166},
  year={2021},
  publisher={Taylor \& Francis}
}

@misc{diligent_robotics, 
title={Diligent robotics}, 
url={https://www.diligentrobots.com/}, 
journal={Diligent Robotics}
} 


@inproceedings{pelikan2021sound,
  title={Sound in Human-Robot Interaction},
  author={Pelikan, Hannah and Robinson, Frederic Anthony and Keevallik, Leelo and Velonaki, Mari and Broth, Mathias and Bown, Oliver},
  booktitle={Companion of the 2021 ACM/IEEE International Conference on Human-Robot Interaction},
  pages={706--708},
  year={2021}
}

@article{su2021toward,
  title={Toward teaching by demonstration for robot-assisted minimally invasive surgery},
  author={Su, Hang and Mariani, Andrea and Ovur, Salih Ertug and Menciassi, Arianna and Ferrigno, Giancarlo and De Momi, Elena},
  journal={IEEE Transactions on Automation Science and Engineering},
  volume={18},
  number={2},
  pages={484--494},
  year={2021},
  publisher={IEEE}
}

@article{d2019robotic,
  title={Robotic-assisted spine surgery: history, efficacy, cost, and future trends},
  author={D’Souza, Marissa and Gendreau, Julian and Feng, Austin and Kim, Lily H and Ho, Allen L and Veeravagu, Anand},
  journal={Robotic Surgery: Research and Reviews},
  pages={9--23},
  year={2019},
  publisher={Taylor \& Francis}
}

@article{mccullagh2022noise,
  title={Noise exposure and quality of life among nurses},
  author={McCullagh, M. C. and Xu, J. and Dickson, V. V. and Tan, A. and Lusk, S. L.},
  journal={Workplace health \& safety},
  volume={70},
  number={4},
  pages={207--219},
  year={2022},
  publisher={SAGE Publications Sage CA: Los Angeles, CA}
}

@inproceedings{chang2023collaborative,
title={Collaborative Planning and Negotiation in Human-Robot Teams},
author={Chang, C. T. and Hebert, M. and Hayes, B.},
booktitle={Companion of the 2023 ACM/IEEE International Conference on Human-Robot Interaction},
pages={763--765},
year={2023}
}

@inproceedings{terziouglu2020designing,
title={Designing social cues for collaborative robots: the role of gaze and breathing in human-robot collaboration},
author={Terzio{\u{g}}lu, Y. and Mutlu, B. and {\c{S}}ahin, E.},
booktitle={Proceedings of the 2020 ACM/IEEE international conference on human-robot interaction},
pages={343--357},
year={2020}
}

@inproceedings{christiernin2017describe,
title={How to describe interaction with a collaborative robot},
author={Christiernin, L. G.},
booktitle={Proceedings of the Companion of the 2017 ACM/IEEE International Conference on Human-Robot Interaction},
pages={93--94},
year={2017}
}

@inproceedings{hayes2015hri,
title={HRI Workshop on Human-Robot Teaming.},
author={Hayes, B. and Gombolay, M. C. and Jung, M. F. and Hindriks, K. V. and de Greeff, J. and Jonker, C. M. and Neerincx, M. A. and Bradshaw, J. M. and Johnson, M. and Kruijff-Korbayova, I. and others},
booktitle={HRI (Extended Abstracts)},
pages={255--256},
year={2015}
}

@inproceedings{marvel2019test,
title={Test methods and metrics for effective HRI in collaborative human-robot teams},
author={Marvel, J. A and Bagchi, S. and Zimmerman, M. and Aksu, M. and Antonishek, B. and Wang, Y. and Mead, R. and Fong, T. and Amor, H. B.},
booktitle={2019 14th ACM/IEEE International Conference on Human-Robot Interaction (HRI)},
pages={696--697},
year={2019},
organization={IEEE}
}

@article{ricci2022virtual,
  title={Virtual and augmented reality in basic and advanced life support training},
  author={Ricci, S. and Calandrino, A. and Borgonovo, G. and Chirico, M. and Casadio, M. and others},
  journal={JMIR Serious Games},
  volume={10},
  number={1},
  pages={e28595},
  year={2022},
  publisher={JMIR Publications Inc., Toronto, Canada}
}

@inproceedings{dragan2013collaborative,
title={Collaborative manipulation: new challenges for robotics and hri},
author={Dragan, A. D. and Thomaz, A. L. and Srinivasa, S. S.},
booktitle={2013 8th ACM/IEEE International Conference on Human-Robot Interaction (HRI)},
pages={435--436},
year={2013},
organization={IEEE}
}
 
@article{siebert2017adherence,
  title={Adherence to AHA guidelines when adapted for augmented reality glasses for assisted pediatric cardiopulmonary resuscitation: a randomized controlled trial},
  author={Siebert, J. N. and Ehrler, F. and Gervaix, A. and Haddad, Kevin and Lacroix, Laurence and Schrurs, P. and Sahin, A. and Lovis, C. and Manzano, S.},
  journal={Journal of medical Internet research},
  volume={19},
  number={5},
  pages={e7379},
  year={2017},
  publisher={JMIR Publications Inc., Toronto, Canada}
}
 
@article{mastrianni2023transitioning,
  title={Transitioning Cognitive Aids into Decision Support Platforms: Requirements and Design Guidelines},
  author={Mastrianni, A. and Sarcevic, A. and Hu, A. and Almengor, L. and Tempel, P. and Gao, S. and Burd, R. S.},
  journal={ACM Transactions on Computer-Human Interaction},
  year={2023},
  publisher={ACM New York, NY}
}


@inproceedings{grundgeiger2019cognitive,
  title={Cognitive aids in acute care: investigating how cognitive aids affect and support in-hospital emergency teams},
  author={Grundgeiger, T. and Huber, S. and Reinhardt, D. and Steinisch, A. and Happel, O. and Wurmb, T.},
  booktitle={Proceedings of the 2019 CHI Conference on Human Factors in Computing Systems},
  pages={1--14},
  year={2019}
}


@inproceedings{gonzales2015designing,
title={Designing collaborative healthcare technology for the acute care workflow},
author={Gonzales, M. J. and Cheung, V. C. and Riek, L. D.},
booktitle={2015 9th International Conference on Pervasive Computing Technologies for Healthcare (PervasiveHealth)},
pages={145--152},
year={2015},
organization={IEEE}
}

@misc{Omnicell, url={https://www.omnicell.com/}, journal={Omnicell}} 

@article{gonzales2016visual,
  title={Visual task: A collaborative cognitive aid for acute care resuscitation},
  author={Gonzales, M. J. and Henry, J. M. and Calhoun, A. W. and Riek, L. D.},
  journal={arXiv preprint arXiv:1605.05224},
  year={2016}
}

@inproceedings{gonzales2012designing,
  title={Designing an Interface to Support Shared Decision Making in Oncology},
  author={Gonzales, M.J. and Riek, L.D.},
  booktitle={Proceedings of the American Medical Informatics Association (AMIA) workshop on Interactive Systems in Healthcare. AMIA},
  year={2012}
}


@article{lee2023designing,
  title={Designing Robots for Aging: Wisdom as a Critical Lens},
  author={Lee, H.R. and Riek, L.D.},
  journal={ACM Transactions on Human-Robot Interaction},
  volume={12},
  number={1},
  pages={1--21},
  year={2023},
  publisher={ACM New York, NY}
}

@article{lee2023designing_blind,
  title={BLIND FOR REVIEW}
}

@inproceedings{lee2023reimagining,
  title={Reimagining robots for dementia: From robots for care-receivers/giver to robots for carepartners},
  author={Lee, H.R. and Sun, F. and Iqbal, T. and Roberts, B.},
  booktitle={Proceedings of the 2023 ACM/IEEE International Conference on Human-Robot Interaction},
  pages={475--484},
  year={2023}
}

@article{lee2023reimagining_blind,
  title={BLIND FOR REVIEW}
}

@inproceedings{matsumoto2023robot,
  title={Robot, uninterrupted: Telemedical robots to mitigate care disruption},
  author={Matsumoto, S. and Ghosh, P. and Jamshad, R. and Riek, L.D.},
  booktitle={Proceedings of the 2023 ACM/IEEE International Conference on Human-Robot Interaction},
  pages={495--505},
  year={2023}
}

@article{matsumoto2023robot_blind,
  title={BLIND FOR REVIEW}
}

@inproceedings{kubota2023get,
  title={Get smart: Collaborative goal setting with cognitively assistive robots},
  author={Kubota, A. and Pei, R. and Sun, E. and Cruz-Sandoval, D. and Kim, S. and Riek, L.D.},
  booktitle={Proceedings of the 2023 ACM/IEEE International Conference on Human-Robot Interaction},
  pages={44--53},
  year={2023}
}

@inproceedings{matsumoto2021iris,
  title={Iris: A low-cost telemedicine robot to support healthcare safety and equity during a pandemic},
  author={Matsumoto, S. and Moharana, S. and Devanagondi, N. and Oyama, L.C. and Riek, L.D.},
  booktitle={International Conference on Pervasive Computing Technologies for Healthcare},
  pages={113--133},
  year={2021},
  organization={Springer}
}

@article{matsumoto2021iris_blind,
  title={BLIND FOR REVIEW}
}


@inproceedings{moharana2019robots,
  title={Robots for joy, robots for sorrow: community based robot design for dementia caregivers},
  author={Moharana, S. and Panduro, A.E. and Lee, H.R. and Riek, L.D. },
  booktitle={2019 14th ACM/IEEE International Conference on Human-Robot Interaction (HRI)},
  pages={458--467},
  year={2019},
  organization={IEEE}
}

@article{moharana2019robots_blind,
  title={BLIND FOR REVIEW}
}




@inproceedings{taylor2018robot,
  title={Robot-Centric Human Group Detection},
  author={Taylor, A. and Riek, L. D.},
  booktitle={13th Annual ACM/IEEE International Conference on Human-Robot Interaction, Social Robots in the Wild Workshop},
  year={2018},
  organization={IEEE}
}

@article{taylor2018robot_blind,
  title={BLIND FOR REVIEW}
}

@inproceedings{taylor2022,
  title={REGROUP: A Robot-Centric Group Detection and Tracking System},
  author={Taylor, A. and Riek, L.D.},
  booktitle={2022 ACM/IEEE International Conference on Human-Robot Interaction},
  year={2022}
}

@article{taylor2022_blind,
  title={BLIND FOR REVIEW}
}

 @misc{taylor_ai_2022, 
title={{AI} Designed with Humans in Mind}, url={https://issues.org/human-centered-ai-shneiderman-review-taylor/}, journal={https://issues.org/}, 
publisher={Issues in Science and Technology}, 
author={Taylor, Angelique}, 
year={2022}, month={Jul}
} 
 
@article{taylor_ai_2022_blind,
  title={BLIND FOR REVIEW}
}


@article{taylor2021social_blind,
  title={BLIND FOR REVIEW}
}

@inproceedings{taylor2016robot,
  title={Robot perception of human groups in the real world: State of the art},
  author={Taylor, A. and Riek, L.D.},
  booktitle={2016 AAAI Fall Symposium Series},
  year={2016}
}

@article{taylor2016robot_blind,
  title={BLIND FOR REVIEW}
}




@article{taylor2022hospitals,
  title={Hospitals of the Future: Designing Interactive Robotic Systems for Resilient Emergency Departments},
  author={Taylor, Angelique and Murakami, Michele and Kim, Soyon and Chu, Ryan and Riek, Laurel D},
  journal={Proceedings of the ACM on Human-Computer Interaction},
  volume={6},
  number={CSCW2},
  pages={1--40},
  year={2022},
  publisher={ACM New York, NY, USA}
}

@article{taylor2022hospitals_blind,
  title={BLIND FOR REVIEW}
}



%%%%%%%%%%%%%%%%%%%%%%

@article{keers2013prevalence,
title={Prevalence and nature of medication administration errors in health care settings: a systematic review of direct observational evidence},
author={Keers, R. N. and Williams, S. D. and Cooke, J. and Ashcroft, D. M.},
journal={Annals of Pharmacotherapy},
volume={47},
number={2},
pages={237--256},
year={2013},
publisher={SAGE Publications Sage CA: Los Angeles, CA}
}


@article{hanna2005communicating,
title={Communicating critical test results: safe practice recommendations},
author={Hanna, D. and Griswold, P. and Leape, L. L. and Bates, D. W.},
journal={The Joint Commission Journal on Quality and Patient Safety},
volume={31},
number={2},
pages={68--80},
year={2005},
publisher={Elsevier}
}

@article{suba2007patient,
title={Patient identification error among prostate needle core biopsy specimens—are we ready for a DNA time-out?},
author={Suba, E. J. and Pfeifer, J. D. and Raab, S. S.},
journal={The Journal of urology},
volume={178},
number={4},
pages={1245--1248},
year={2007},
publisher={Wolters Kluwer Philadelphia, PA}
}


@book{braun2012thematic,
  title={Thematic analysis.},
  author={Braun, V. and Clarke, V.},
  year={2012},
  publisher={American Psychological Association}
}

%%%Introduction%%%%
@article{tuna2022compassion,
  title={Compassion satisfaction, compassion fatigue, burnout, working environments, and musculoskeletal disorders among nurses.},
  author={Tuna, R. and Bacaksiz, F.E. and Kahraman, B.},
  journal={Perspectives in Psychiatric Care},
  volume={58},
  number={4},
  year={2022}
}

@article{alkema2008study,
  title={A study of the relationship between self-care, compassion satisfaction, compassion fatigue, and burnout among hospice professionals},
  author={Alkema, K. and Linton, J. M. and Davies, R.},
  journal={Journal of Social Work in End-of-Life \& Palliative Care},
  volume={4},
  number={2},
  pages={101--119},
  year={2008},
  publisher={Taylor \& Francis}
}


@article{garcia2019influence,
  title={Influence of burnout on patient safety: systematic review and meta-analysis},
  author={Garcia, C.L. and Abreu, L.C. and Ramos, J. and Castro, C. and Smiderle, F. and Santos, J. and Bezerra, I.},
  journal={Medicina},
  volume={55},
  number={9},
  pages={553},
  year={2019},
  publisher={MDPI}
}
@incollection{carver2023medical,
  title={Medical Errors},
  author={Carver, N. and Gupta, V. and Hipskind, J.E.},
  booktitle={StatPearls [Internet]},
  year={2023},
  publisher={StatPearls Publishing}
}



@article{waters2010safe,
  title={Safe patient handling for rehabilitation professionals},
  author={Waters, T.R. and Rockefeller, K.},
  journal={Rehabilitation Nursing},
  volume={35},
  number={5},
  pages={216--222},
  year={2010},
  publisher={Wiley Online Library}
}


@article{gray2019workplace,
  title={Workplace-based organizational interventions promoting mental health and happiness among healthcare workers: A realist review},
  author={Gray, P. and Senabe, S. and Naicker, N. and Kgalamono, S. and Yassi, A. and Spiegel, J.M.},
  journal={International journal of environmental research and public health},
  volume={16},
  number={22},
  pages={4396},
  year={2019},
  publisher={MDPI}
}

@inproceedings{speicher2019mixed,
  title={What is mixed reality?},
  author={Speicher, M. and Hall, B.D. and Nebeling, M.},
  booktitle={Proceedings of the 2019 CHI conference on human factors in computing systems},
  pages={1--15},
  year={2019}
}

@incollection{craig2013understanding,
    author = {Craig, A.B.},
    title = {What Is Augmented Reality?},
    booktitle = {Understanding Augmented Reality: Concepts and Applications},
    publisher = {Newnes},
    year = {2013},
    pages = {1--38}
}


@article{hall2016healthcare,
  title={Healthcare staff wellbeing, burnout, and patient safety: a systematic review},
  author={Hall, L.H. and Johnson, J. and Watt, I. and Tsipa, A. and O’Connor, D.B.},
  journal={PloS one},
  volume={11},
  number={7},
  pages={e0159015},
  year={2016},
  publisher={Public Library of Science San Francisco, CA USA}
}

@article{honarmand2022duty,
  title={When duty to care causes collective sorrow and shame: assessing and addressing moral distress in intensive care unit clinicians},
  author={Honarmand, K. and Danesh, V.},
  journal={Canadian Journal of Anesthesia/Journal canadien d'anesth{\'e}sie},
  volume={69},
  number={10},
  pages={1191--1195},
  year={2022},
  publisher={Springer}
}


@article{leonard2004human,
  title={The human factor: the critical importance of effective teamwork and communication in providing safe care},
  author={Leonard, M. and Graham, S. and Bonacum, D.},
  journal={BMJ Quality \& Safety},
  volume={13},
  number={suppl 1},
  pages={i85--i90},
  year={2004},
  publisher={BMJ Publishing Group Ltd}
}


@inproceedings{ahmad2020social,
  title={Social robot for STEM education},
  author={Ahmad, M.I. and Khordi-Moodi, M. and Lohan, K.S.},
  booktitle={Companion of the 2020 ACM/IEEE International Conference on Human-Robot Interaction},
  pages={90--92},
  year={2020}
}


@inproceedings{elmimouni2023does,
  title={Does Robotic Telepresence Make the Classroom Accessible?},
  author={Elmimouni, H. and Young, C. and Sabanovic, S. and Rode, J.},
  booktitle={Designing Interactive Systems Conference},
  pages={194--197},
  year={2023}
}

@inproceedings{newhart2017my,
  title={My student is a robot: How schools manage telepresence experiences for students},
  author={Newhart, V. A. and Olson, J.S.},
  booktitle={Proceedings of the 2017 CHI conference on human factors in computing systems},
  pages={342--347},
  year={2017}
}

@inproceedings{silva2014glassist,
  title={Glassist: using augmented reality on Google Glass as an aid to classroom management},
  author={Silva, M. and Freitas, D. and Neto, E. and Lins, C. and Teichrieb, V. and Teixeira, J.M.},
  booktitle={2014 XVI symposium on virtual and augmented reality},
  pages={37--44},
  year={2014},
  organization={IEEE}
}




@article{gerup2020augmented,
  title={Augmented reality and mixed reality for healthcare education beyond surgery: an integrative review},
  author={Gerup, J. and Soerensen, C.B. and Dieckmann, P.},
  journal={International journal of medical education},
  volume={11},
  pages={1},
  year={2020},
  publisher={IJME}
}


@article{lukosch2015collaboration,
  title={Collaboration in augmented reality},
  author={Lukosch, S. and Billinghurst, M. and Alem, L. and Kiyokawa, K.},
  journal={Computer Supported Cooperative Work (CSCW)},
  volume={24},
  pages={515--525},
  year={2015},
  publisher={Springer}
}


@article{menekse2017role,
  title={The role of robotics teams’ collaboration quality on team performance in a robotics tournament},
  author={Menekse, M. and Higashi, R. and Schunn, C.D. and Baehr, E.},
  journal={Journal of Engineering Education},
  volume={106},
  number={4},
  pages={564--584},
  year={2017},
  publisher={Wiley Online Library}
}


@inproceedings{you2018trusting,
  title={Trusting robots in teams: Examining the impacts of trusting robots on team performance and satisfaction},
  author={You, S. and Robert, L.},
  booktitle={You, S. and Robert, LP (2019). Trusting robots in teams: Examining the impacts of trusting robots on team performance and satisfaction, proceedings of the 52th hawaii international conference on system sciences, Jan},
  pages={8--11},
  year={2018}
}


@inproceedings{soriano2022robots,
  title={Robots and robotics in nursing},
  author={Soriano, G.P. and Yasuhara, Y. and Ito, H. and Matsumoto, K. and Osaka, K. and Kai, Y. and Locsin, R. and Schoenhofer, S. and Tanioka, T.},
  booktitle={Healthcare},
  volume={10},
  number={8},
  pages={1571},
  year={2022},
  organization={MDPI}
}


@article{kokina2019early,
  title={Early evidence of digital labor in accounting: Innovation with Robotic Process Automation},
  author={Kokina, J. and Blanchette, S.},
  journal={International Journal of Accounting Information Systems},
  volume={35},
  pages={100431},
  year={2019},
  publisher={Elsevier}
}

@article{burke2004task,
  title={Task performance metrics in human-robot interaction: Taking a systems approach},
  author={Burke, J.L. and Murphy, R.R. and Riddle, D.R. and Fincannon, T.},
  journal={Performance Metrics for Intelligent Systems},
  year={2004}
}

@inproceedings{mansfield2021multi,
  title={Multi-robot scheduling for environmental monitoring as a team orienteering problem},
  author={Mansfield, A. and Manjanna, S. and Macharet, D.G. and Hsieh, M.A.},
  booktitle={2021 IEEE/RSJ International Conference on Intelligent Robots and Systems (IROS)},
  pages={6398--6404},
  year={2021},
  organization={IEEE}
}


@inproceedings{kamegawa2004development,
  title={Development of the snake-like rescue robot" kohga"},
  author={Kamegawa, T. and Yarnasaki, T. and Igarashi, H. and Matsuno, F.},
  booktitle={IEEE International Conference on Robotics and Automation, 2004. Proceedings. ICRA'04. 2004},
  volume={5},
  pages={5081--5086},
  year={2004},
  organization={IEEE}
}


@incollection{hoffman2010shimon,
  title={Shimon: an interactive improvisational robotic marimba player},
  author={Hoffman, G. and Weinberg, G.},
  booktitle={CHI'10 Extended Abstracts on Human Factors in Computing Systems},
  pages={3097--3102},
  year={2010}
}


@inproceedings{tursynbekov2018exploring,
  title={Exploring Robot's Playing Strategy with a Language Learning Robot Companion},
  author={Tursynbekov, T. and Balkibekov, K. and Asatarov, A. and Sandygulova, A.},
  booktitle={Companion of the 2018 ACM/IEEE International Conference on Human-Robot Interaction},
  pages={261--262},
  year={2018}
}


@inproceedings{lathan2001therapeutic,
  title={Therapeutic play with a storytelling robot},
  author={Lathan, C. and Vice, J. M. and Tracey, M.l and Plaisant, C. and Druin, A. and Edward, K. and Montemayor, J.},
  booktitle={CHI'01 Extended Abstracts on Human Factors in Computing Systems},
  pages={27--28},
  year={2001}
}


@article{fidalgo2023survey,
  title={A Survey on Remote Assistance and Training in Mixed Reality Environments},
  author={Fidalgo, C.G. and Yan, Y. and Cho, H. and Sousa, M. and Lindlbauer, D. and Jorge, J.},
  journal={IEEE Transactions on Visualization and Computer Graphics},
  volume={29},
  number={5},
  pages={2291--2303},
  year={2023},
  publisher={IEEE}
}


@inproceedings{maria2023supporting,
  title={Supporting Collaborative Discussions In Surgical Teleconsulting Through Augmented Reality Head Mounted Displays},
  author={Maria, S. and Mentis, H.M. and Canlorbe, G. and Avellino, I.},
  booktitle={Proceedings of the 2023 CHI Conference on Human Factors in Computing Systems},
  pages={1--13},
  year={2023}
}


@inproceedings{shen2023dementia,
  title={Dementia Eyes: Co-Design and Evaluation of a Dementia Education Augmented Reality Experience for Medical Workers},
  author={Shen, X. and Pai, Y.S. and Kiuchi, D. and Bao, K. and Aoki, T. and Meguro, H. and Oishi, K. and Wang, Z. and Wakisaka, S. and Minamizawa, K.},
  booktitle={Proceedings of the 2023 CHI Conference on Human Factors in Computing Systems},
  pages={1--18},
  year={2023}
}


@inproceedings{uhl2023tangible,
  title={Tangible immersive trauma simulation: is mixed reality the next level of medical skills training?},
  author={Uhl, J.C. and Schrom-Feiertag, H. and Regal, G. and Gallhuber, K. and Tscheligi, M.},
  booktitle={Proceedings of the 2023 CHI Conference on Human Factors in Computing Systems},
  pages={1--17},
  year={2023}
}


@inproceedings{schlagowski2023wish,
  title={Wish You Were Here: Mental and Physiological Effects of Remote Music Collaboration in Mixed Reality},
  author={Schlagowski, R. and Nazarenko, D. and Can, Y. and Gupta, K. and Mertes, S. and Billinghurst, M. and Andr{\'e}, E.},
  booktitle={Proceedings of the 2023 CHI Conference on Human Factors in Computing Systems},
  pages={1--16},
  year={2023}
}



@article{qian2019review,
  title={A review of augmented reality in robotic-assisted surgery},
  author={Qian, L. and Wu, J.Y. and DiMaio, S.P. and Navab, N. and Kazanzides, P.},
  journal={IEEE Transactions on Medical Robotics and Bionics},
  volume={2},
  number={1},
  pages={1--16},
  year={2019},
  publisher={IEEE}
}


%%%
Embodiment of Robot
%%%%
@inproceedings{yamada2019healthcare,
  title={Healthcare support by a humanoid robot},
  author={Yamada, S. and Nomura, T. and Kanda, T.},
  booktitle={2019 14th ACM/IEEE International Conference on Human-Robot Interaction (HRI)},
  pages={1--2},
  year={2019},
  organization={IEEE}
}

@inproceedings{al2021anime,
  title={From Anime To Reality: Embodying An Anime Character As A Humanoid Robot},
  author={Al-Sada, M. and Yang, P.C. and Chieh Chiu, C. and Pradhono Tomo, T. and Yamen Saraiji, M. and Ogata, T. and Nakajima, T.},
  booktitle={Extended Abstracts of the 2021 CHI Conference on Human Factors in Computing Systems},
  pages={1--5},
  year={2021}
}


@inproceedings{kim2023train,
  title={How to Train Your Guide Dog: Wayfinding and Safe Navigation with Human-Robot Modeling},
  author={Kim, J.T. and Yu, W. and Tan, J. and Turk, G. and Ha, S.},
  booktitle={Companion of the 2023 ACM/IEEE International Conference on Human-Robot Interaction},
  pages={221--225},
  year={2023}
}


@inproceedings{muehlhaus2023need,
  title={I Need a Third Arm! Eliciting Body-based Interactions with a Wearable Robotic Arm},
  author={Muehlhaus, M. and Koelle, M. and Saberpour, A. and Steimle, J.},
  booktitle={Proceedings of the 2023 CHI Conference on Human Factors in Computing Systems},
  pages={1--15},
  year={2023}
}


@article{taylor2022hospitals,
  title={Hospitals of the future: Designing interactive robotic systems for resilient emergency departments},
  author={Taylor, A. and Murakami, M. and Kim, S. and Chu, R. and Riek, L.D.},
  journal={Proceedings of the ACM on Human-Computer Interaction},
  volume={6},
  number={CSCW2},
  pages={1--40},
  year={2022},
  publisher={ACM New York, NY, USA}
}




@inproceedings{bu2023trash,
  title={Trash barrel robots in the city},
  author={Bu, F. and Mandel, I. and Lee, W.Y. and Ju, W.},
  booktitle={Companion of the 2023 ACM/IEEE International Conference on Human-Robot Interaction},
  pages={875--877},
  year={2023}
}

@article{sihite2023multi,
  title={Multi-Modal Mobility Morphobot (M4) with appendage repurposing for locomotion plasticity enhancement},
  author={Sihite, E. and Kalantari, A. and Nemovi, R. and Ramezani, A. and Gharib, M.},
  journal={Nature communications},
  volume={14},
  number={1},
  pages={3323},
  year={2023},
  publisher={Nature Publishing Group UK London}
}

%%Team%%


%%%Teamwork in healthcare%%

@online{hospital2023national,
	author = {{The Joint Commission}},
	title = {Hospital: 2023 National Patient Safety Goals},
	url = {https://www.jointcommission.org/standards/national-patient-safety-goals/hospital-national-patient-safety-goals/},
	urldate = {2023-09-04},
	year = {2023}
}

@article{lu2015occupational,
  title={Occupational stress and coping strategies among emergency department nurses of China},
  author={Lu, D.M. and Sun, N. and Hong, S. and Fan, Y.Y. and Kong, F.Y. and Li, Q.J.},
  journal={Archives of psychiatric nursing},
  volume={29},
  number={4},
  pages={208--212},
  year={2015},
  publisher={Elsevier}
}



 @article{hooper2010compassion,
  title={Compassion satisfaction, burnout, and compassion fatigue among emergency nurses compared with nurses in other selected inpatient specialties},
  author={Hooper, C. and Craig, J. and Janvrin, D.R. and Wetsel, M.A. and Reimels, E.},
  journal={Journal of emergency nursing},
  volume={36},
  number={5},
  pages={420--427},
  year={2010},
  publisher={Elsevier}
} 


@article{bonalumi2017impact,
  title={Impact of a planned workflow change: super track improves quality and service for low-acuity patients at an inner-city hospital},
  author={Bonalumi, N.M. and Bhattacharya, A. and Edwards, C. and Fasnacht, A. and Mazzone, L.A. and Stephens, K. and Whiteman, K. and Swanson-Bierman, B.},
  journal={Journal of Emergency Nursing},
  volume={43},
  number={2},
  pages={114--125},
  year={2017},
  publisher={Elsevier}
} 
@article{shanafelt2012burnout,
  title={Burnout and satisfaction with work-life balance among US physicians relative to the general US population},
  author={Shanafelt, T.D. and Boone, S. and Tan, L. and Dyrbye, L.N. and Sotile, W. and Satele, D. and West, C.P. and Sloan, J. and Oreskovich, M.R.},
  journal={Archives of internal medicine},
  volume={172},
  number={18},
  pages={1377--1385},
  year={2012},
  publisher={American Medical Association}
} 


@article{rasouli2019outcomes,
  title={Outcomes of crowding in emergency departments; a systematic review},
  author={Rasouli, H.R. and Esfahani, A.A. and Nobakht, M. and Eskandari, M. and Mahmoodi, S. and Goodarzi, H. and Farajzadeh, M.A.},
  journal={Archives of academic emergency medicine},
  volume={7},
  number={1},
  year={2019},
  publisher={Shahid Beheshti University of Medical Sciences}
}


@article{lingard2004communication,
  title={Communication failures in the operating room: an observational classification of recurrent types and effects},
  author={Lingard, L. and Espin, S. and Whyte, S. and Regehr, G. and Baker, G.R. and Reznick, R. and Bohnen, J. and Orser, B. and Doran, D. and Grober, E.},
  journal={BMJ Quality \& Safety},
  volume={13},
  number={5},
  pages={330--334},
  year={2004},
  publisher={BMJ Publishing Group Ltd}
}


@article{kvarnstrom2008difficulties,
  title={Difficulties in collaboration: A critical incident study of interprofessional healthcare teamwork},
  author={Kvarnstr{\"o}m, S.},
  journal={Journal of interprofessional care},
  volume={22},
  number={2},
  pages={191--203},
  year={2008},
  publisher={Taylor \& Francis}
}

@article{sutcliffe2004communication,
  title={Communication failures: an insidious contributor to medical mishaps},
  author={Sutcliffe, K.M. and Lewton, E. and Rosenthal, M.M.},
  journal={Academic medicine},
  volume={79},
  number={2},
  pages={186--194},
  year={2004},
  publisher={LWW}
}


@article{keers2013causes,
  title={Causes of medication administration errors in hospitals: a systematic review of quantitative and qualitative evidence},
  author={Keers, R.N. and Williams, S.D. and Cooke, J. and Ashcroft, D.M.},
  journal={Drug safety},
  volume={36},
  pages={1045--1067},
  year={2013},
  publisher={Springer}
}


@article{okuyama2014speaking,
  title={Speaking up for patient safety by hospital-based health care professionals: a literature review},
  author={Okuyama, A. and Wagner, C. and Bijnen, B.},
  journal={BMC health services research},
  volume={14},
  number={1},
  pages={1--8},
  year={2014},
  publisher={BioMed Central}
}
%Healthcare robotics
%%Last 3 Years%%%
@inproceedings{e2022assistant,
  title={Assistant Delivery Robot for Nursing Home using ROS: Robotic prototype for medicine delivery and vital signs registration},
  author={Salinas-Avila, J.E. and Gonzalez-Hernandez, H.G. and Martinez-Chan, N. and Bielma-Avendano, C.M. and Salinas-Molar, X.A. and Garcia-Garcia, M.O.},
  booktitle={The 2022 5th International Conference on Electronics, Communications and Control Engineering},
  pages={141--148},
  year={2022}
}
@inproceedings{patel2021medbuddy,
  title={MedBuddy: the medicine delivery robot},
  author={Patel, A. and Sharma, P. and Randhawa, P.},
  booktitle={2021 9th International conference on reliability, infocom technologies and optimization (Trends and Future Directions)(ICRITO)},
  pages={1--4},
  year={2021},
  organization={IEEE}
}

@inproceedings{kubota2023get,
  title={Get SMART: Collaborative Goal Setting with Cognitively Assistive Robots},
  author={Kubota, A. and Pei, R. and Sun, E. and Cruz-Sandoval, D. and Kim, S. and Riek, L.D.},
  booktitle={Proceedings of the 2023 ACM/IEEE International Conference on Human-Robot Interaction},
  pages={44--53},
  year={2023}
}
@inproceedings{guan2021taking,
  title={Taking an (embodied) cue from community health: Designing dementia caregiver support technology to advance health equity},
  author={Guan, C. and Bouzida, A. and Oncy-Avila, R.M. and Moharana, S. and Riek, L.D.},
  booktitle={Proceedings of the 2021 CHI Conference on Human Factors in Computing Systems},
  pages={1--16},
  year={2021}
}

@inproceedings{hsu2023gratibot,
  title={GratiBot: Enhancing Relationships of Caregivers and Older Adult Care Recipients through Gratitude},
  author={Hsu, L.J. and Hsu, L.Y.},
  booktitle={Companion of the 2023 ACM/IEEE International Conference on Human-Robot Interaction},
  pages={802--805},
  year={2023}
}

@article{olatunji2022levels,
  title={Levels of Automation for a Mobile Robot Teleoperated by a Caregiver},
  author={Olatunji, S.A. and Potenza, A. and Kiselev, A. and Oron-Gilad, T. and Loutfi, A. and Edan, Y.},
  journal={ACM Transactions on Human-Robot Interaction (THRI)},
  volume={11},
  number={2},
  pages={1--21},
  year={2022},
  publisher={ACM New York, NY}
}


%%%%%



@book{shi2014delivering,
  title={Delivering health care in America: A systems approach},
  author={Shi, L. and Singh, D.A.},
  year={2014},
  publisher={Jones \& Bartlett Learning}
}

@article{fuchs2002minimally,
  title={Minimally invasive surgery},
  author={Fuchs, K.H.},
  journal={Endoscopy},
  volume={34},
  number={02},
  pages={154--159},
  year={2002},
  publisher={{\copyright} Georg Thieme Verlag Stuttgart{\textperiodcentered} New York}
}

@article{pelikan2018operating,
  title={Operating at a distance-how a teleoperated surgical robot reconfigures teamwork in the operating room},
  author={Pelikan, H.R.M. and Cheatle, A. and Jung, M.F. and Jackson, S.J.},
  journal={Proceedings of the ACM on Human-Computer Interaction},
  volume={2},
  number={CSCW},
  pages={1--28},
  year={2018},
  publisher={ACM New York, NY, USA}
}

@inproceedings{sun2007port,
  title={Port placement and pose selection of the da Vinci surgical system for collision-free intervention based on performance optimization},
  author={Sun, L.W. and Yeung, C.K.},
  booktitle={2007 IEEE/RSJ International Conference on Intelligent Robots and Systems},
  pages={1951--1956},
  year={2007},
  organization={IEEE}
}

@article{okamura2010medical,
  title={Medical and health-care robotics},
  author={Okamura, A.M. and Matari{\'c}, M.J. and Christensen, H.I.},
  journal={IEEE Robotics \& Automation Magazine},
  volume={17},
  number={3},
  pages={26--37},
  year={2010},
  publisher={IEEE}
}

@inproceedings{kraft2016seeing,
  title={Seeing is comforting: Effects of teleoperator visibility in robot-mediated health care},
  author={Kraft, K. and Smart, W.D.},
  booktitle={2016 11th ACM/IEEE International Conference on Human-Robot Interaction (HRI)},
  pages={11--18},
  year={2016},
  organization={IEEE}
}

@inproceedings{mukai2010development,
  title={Development of a nursing-care assistant robot RIBA that can lift a human in its arms},
  author={Mukai, T. and Hirano, S. and Nakashima, H. and Kato, Y. and Sakaida, Y. and Guo, S. and Hosoe, S.},
  booktitle={2010 IEEE/RSJ International Conference on Intelligent Robots and Systems},
  pages={5996--6001},
  year={2010},
  organization={IEEE}
}

@article{chen2013robots,
  title={Robots for humanity: using assistive robotics to empower people with disabilities},
  author={Chen, T.L. and Ciocarlie, M. and Cousins, S. and Grice, P.M. and Hawkins, K. and Hsiao, K. and Kemp, C.C. and King, C.H. and Lazewatsky, D.A. and Leeper, A.E. and others},
  journal={IEEE Robotics \& Automation Magazine},
  volume={20},
  number={1},
  pages={30--39},
  year={2013},
  publisher={IEEE}
}

@article{tsui2011want,
  title={“I want that”: Human-in-the-loop control of a wheelchair-mounted robotic arm},
  author={Tsui, K.M. and Kim, D.J. and Behal, A. and Kontak, D. and Yanco, H.A.},
  journal={Applied Bionics and Biomechanics},
  volume={8},
  number={1},
  pages={127--147},
  year={2011},
  publisher={IOS Press}
}

@article{carlson2012collaborative,
  title={Collaborative control for a robotic wheelchair: evaluation of performance, attention, and workload},
  author={Carlson, T. and Demiris, Y.},
  journal={IEEE Transactions on Systems, Man, and Cybernetics, Part B (Cybernetics)},
  volume={42},
  number={3},
  pages={876--888},
  year={2012},
  publisher={IEEE}
}


@article{tucker2015control,
  title={Control strategies for active lower extremity prosthetics and orthotics: a review},
  author={Tucker, M.R. and Olivier, J. and Pagel, A. and Bleuler, H. and Bouri, M. and Lambercy, O. and Mill{\'a}n, J.D.R. and Riener, R. and Vallery, H. and Gassert, R.},
  journal={Journal of neuroengineering and rehabilitation},
  volume={12},
  number={1},
  pages={1--30},
  year={2015},
  publisher={BioMed Central}
}

@article{taylor2018robot,
  title={Robot-centric human group detection},
  author={Taylor, A. and Riek, L.D.},
  journal={HRI Social Robots in the Wild},
  year={2018}
}

@article{taylor2020robot,
  title={Robot-centric perception of human groups},
  author={Taylor, A. and Chan, D.M. and Riek, L.D.},
  journal={ACM Transactions on Human-Robot Interaction (THRI)},
  volume={9},
  number={3},
  pages={1--21},
  year={2020},
  publisher={ACM New York, NY, USA}
}



@article{wu2017crowd,
  title={Crowd behavior analysis via curl and divergence of motion trajectories},
  author={Wu, S. and Yang, H. and Zheng, S. and Su, H. and Fan, Y. and Yang, M.H.},
  journal={International Journal of Computer Vision},
  volume={123},
  pages={499--519},
  year={2017},
  publisher={Springer}
}


%%%%%%RtD%%%%%%%

@inproceedings{zimmerman2007research,
  title={Research through design as a method for interaction design research in HCI},
  author={Zimmerman, J. and Forlizzi, J. and Evenson, S.},
  booktitle={Proceedings of the SIGCHI conference on Human factors in computing systems},
  pages={493--502},
  year={2007}
}
@article{zimmerman2014research,
  title={Research through design in HCI},
  author={Zimmerman, J. and Forlizzi, J.},
  journal={Ways of Knowing in HCI},
  pages={167--189},
  year={2014},
  publisher={Springer}
}

@article{rittel1973dilemmas,
  title={Dilemmas in a general theory of planning},
  author={Rittel, H.W.J. and Webber, M.M.},
  journal={Policy sciences},
  volume={4},
  number={2},
  pages={155--169},
  year={1973},
  publisher={Springer}
}

@article{buchanan1992wicked,
  title={Wicked problems in design thinking},
  author={Buchanan, Richard},
  journal={Design issues},
  volume={8},
  number={2},
  pages={5--21},
  year={1992},
  publisher={JSTOR}
}

@inproceedings{luria2021research,
  title={Research through Design Approaches in Human-Robot Interaction},
  author={Luria, M. and Hoggenm{\"u}ller, M. and Lee, W.Y. and Hespanhol, L. and Jung, M. and Forlizzi, J.},
  booktitle={Companion of the 2021 ACM/IEEE International Conference on Human-Robot Interaction},
  pages={685--687},
  year={2021}
}

%%%%%%%%%%Co-Design%%%%%%
@article{sanders2008co,
  title={Co-creation and the new landscapes of design},
  author={Sanders, E.B.N and Stappers, P.J.},
  journal={Co-design},
  volume={4},
  number={1},
  pages={5--18},
  year={2008},
  publisher={Taylor \& Francis}
}

@article{burkett2012introduction,
  title={An introduction to co-design},
  author={Burkett, I.},
  journal={Sydney: Knode},
  pages={12},
  year={2012}
}


@inproceedings{sanders2000generative,
  title={Generative tools for co-designing},
  author={Sanders, E.B.N.},
  booktitle={Collaborative design: proceedings of codesigning 2000},
  pages={3--12},
  year={2000},
  organization={Springer}
}

@article{sanders2002scaffolds,
  title={Scaffolds for experiencing in the new design space},
  author={Sanders, E.B.},
  journal={Information design},
  pages={1--6},
  year={2002},
  publisher={Citeseer}
}


@article{cruickshank2013co,
  title={Co-Design: fundamental issues and guidelines for designers: Beyond the Castle Case Study},
  author={Cruickshank, L. and Coupe, G. and Hennessy, D.},
  journal={Swedish Design Research Journal},
  volume={10},
  pages={48--57},
  year={2013}
}

@article{macken2019multi,
  title={Multi-actor co-design of extension interventions: paradoxes arising in three cases in the Republic of Ireland},
  author={Macken-Walsh, {\'A}.},
  journal={The Journal of Agricultural Education and Extension},
  volume={25},
  number={3},
  pages={245--265},
  year={2019},
  publisher={Taylor \& Francis}
}

@inproceedings{harrington2018designing,
  title={Designing health and fitness apps with older adults: Examining the value of experience-based co-design},
  author={Harrington, C.N. and Wilcox, L. and Connelly, K. and Rogers, W. and Sanford, J.},
  booktitle={Proceedings of the 12th EAI international conference on pervasive computing technologies for healthcare},
  pages={15--24},
  year={2018}
}


@inproceedings{regal2018smart,
  title={Smart pocket watch: exploring the design space for wearable technology in healthcare},
  author={Regal, G. and Wais-Zechmann, B. and Gattol, V. and Garschall, M. and Tscheligi, M.},
  booktitle={Proceedings of the 11th PErvasive Technologies Related to Assistive Environments Conference},
  pages={269--272},
  year={2018}
}

@inproceedings{wardle2018exploring,
  title={Exploring co-design with breastfeeding mothers},
  author={Wardle, C.J. and Green, M. and Mburu, C.W. and Densmore, M.},
  booktitle={Proceedings of the 2018 CHI Conference on Human Factors in Computing Systems},
  pages={1--12},
  year={2018}
}

@inproceedings{neidlinger2021give,
  title={Give the body a voice: Co-design with profound intellectual and multiple disabilities to create multisensory wearables},
  author={Neidlinger, K. and Koenderink, S. and Truong, K.P.},
  booktitle={Extended Abstracts of the 2021 CHI Conference on Human Factors in Computing Systems},
  pages={1--6},
  year={2021}
}

@inproceedings{antony2023co,
  title={Co-Designing with Older Adults, for Older Adults: Robots to Promote Physical Activity},
  author={Antony, V.N. and Cho, S.M. and Huang, C.M.},
  booktitle={Proceedings of the 2023 ACM/IEEE International Conference on Human-Robot Interaction},
  pages={506--515},
  year={2023}
}


%%%%% Collaborative Design %%%

%AR+HRI
@inproceedings{suzuki2022augmented,
  title={Augmented reality and robotics: A survey and taxonomy for ar-enhanced human-robot interaction and robotic interfaces},
  author={Suzuki, R. and Karim, A. and Xia, T. and Hedayati, H. and Marquardt, N.},
  booktitle={Proceedings of the 2022 CHI Conference on Human Factors in Computing Systems},
  pages={1--33},
  year={2022}
}

@article{pea1987user,
  title={User centered system design: new perspectives on human-computer interaction},
  author={Pea, R.D.},
  journal={Journal educational computing research},
  volume={3},
  number={1},
  pages={129--134},
  year={1987}
}

@article{norman1984stages,
  title={Stages and levels in human-machine interaction},
  author={Norman, D.A.},
  journal={International journal of man-machine studies},
  volume={21},
  number={4},
  pages={365--375},
  year={1984},
  publisher={Elsevier}
}


@book{10.5555/576915,
author = {Norman, D.A. and Draper, S.W.},
title = {User Centered System Design; New Perspectives on Human-Computer Interaction},
year = {1986},
isbn = {0898597811},
publisher = {L. Erlbaum Associates Inc.},
address = {USA}
}

@inproceedings{peters2018towards,
  title={Towards the use of mixed reality for hri design via virtual robots},
  author={Peters, C. and Yang, F. and Saikia, H. and Li, C. and Skantze, G.},
  booktitle={1st International Workshop on Virtual, Augmented, and Mixed Reality for HRI (VAM-HRI), Cambridge, UK, March 23, 2020},
  year={2018}
}

@inproceedings{cao2018ani,
  title={Ani-bot: A modular robotics system supporting creation, tweaking, and usage with mixed-reality interactions},
  author={Cao, Y. and Xu, Z. and Glenn, T. and Huo, K. and Ramani, K.},
  booktitle={Proceedings of the Twelfth International Conference on Tangible, Embedded, and Embodied Interaction},
  pages={419--428},
  year={2018}
}

@inproceedings{williams2019mixed,
  title={Mixed reality deictic gesture for multi-modal robot communication},
  author={Williams, T. and Bussing, M. and Cabrol, S. and Boyle, E. and Tran, N.},
  booktitle={2019 14th ACM/IEEE International Conference on Human-Robot Interaction (HRI)},
  pages={191--201},
  year={2019},
  organization={IEEE}
}


@article{ganesan2018better,
  title={Better teaming through visual cues: how projecting imagery in a workspace can improve human-robot collaboration},
  author={Ganesan, R.K. and Rathore, Y.K. and Ross, H.M. and Amor, H.B.},
  journal={IEEE Robotics \& Automation Magazine},
  volume={25},
  number={2},
  pages={59--71},
  year={2018},
  publisher={IEEE}
}

@ARTICLE{963459,
  author={Azuma, R. and Baillot, Y. and Behringer, R. and Feiner, S. and Julier, S. and MacIntyre, B.},
  journal={IEEE Computer Graphics and Applications}, 
  title={Recent advances in augmented reality}, 
  year={2001},
  volume={21},
  number={6},
  pages={34-47},
  doi={10.1109/38.963459}}




@inproceedings{sportillo2018learn,
  title={Learn how to operate semi-autonomous vehicles with Extended Reality},
  author={Sportillo, D. and Paljic, A. and Ojeda, L. and Partipilo, G. and Fuchs, P. and Roussarie, V.},
  booktitle={International Workshop on Virtual, Augmented and Mixed Reality for Human-Robot Interaction},
  year={2018}
}

@inproceedings{andersen2016projecting,
  title={Projecting robot intentions into human environments},
  author={Andersen, R.S. and Madsen, O. and Moeslund, T.B. and Amor, H.B.},
  booktitle={2016 25th IEEE International Symposium on Robot and Human Interactive Communication (RO-MAN)},
  pages={294--301},
  year={2016},
  organization={IEEE}
}
@inproceedings{hedayati2018improving,
  title={Improving collocated robot teleoperation with augmented reality},
  author={Hedayati, H. and Walker, M. and Szafir, D.},
  booktitle={Proceedings of the 2018 ACM/IEEE International Conference on Human-Robot Interaction},
  pages={78--86},
  year={2018}
}
@article{walker2022virtual,
  title={Virtual, augmented, and mixed reality for human-robot interaction: A survey and virtual design element taxonomy},
  author={Walker, M. and Phung, T. and Chakraborti, T. and Williams, T. and Szafir, D.},
  journal={ACM Transactions on Human-Robot Interaction},
  year={2022},
  publisher={ACM New York, NY}
}

@article{xi2019robotic,
  title={A robotic shared control teleoperation method based on learning from demonstrations},
  author={Xi, B. and Wang, S. and Ye, X. and Cai, Y. and Lu, T. and Wang, R.},
  journal={International Journal of Advanced Robotic Systems},
  volume={16},
  number={4},
  pages={1729881419857428},
  year={2019},
  publisher={SAGE Publications Sage UK: London, England}
}

@inproceedings{zhang2022human,
  title={Human-robot shared control for surgical robot based on context-aware sim-to-real adaptation},
  author={Zhang, D. and Wu, Z. and Chen, J. and Zhu, R. and Munawar, A. and Xiao, B. and Guan, Y. and Su, H. and Hong, W. and Guo, Y. and others},
  booktitle={2022 International Conference on Robotics and Automation (ICRA)},
  pages={7694--7700},
  year={2022},
  organization={IEEE}
}

@inproceedings{zolotas2019towards,
  title={Towards explainable shared control using augmented reality},
  author={Zolotas, M. and Demiris, Y.},
  booktitle={2019 IEEE/RSJ International Conference on Intelligent Robots and Systems (IROS)},
  pages={3020--3026},
  year={2019},
  organization={IEEE}
}

@article{rakita2019shared,
  title={Shared control--based bimanual robot manipulation},
  author={Rakita, D. and Mutlu, B. and Gleicher, M. and Hiatt, L.M.},
  journal={Science Robotics},
  volume={4},
  number={30},
  pages={eaaw0955},
  year={2019},
  publisher={American Association for the Advancement of Science}
}

@article{handelman2022shared,
  title={Shared control of bimanual robotic limbs with a brain-machine interface for self-feeding},
  author={Handelman, D.A. and Osborn, L.E. and Thomas, T.M. and Badger, A.R. and Thompson, M. and Nickl, R.W. and Anaya, M.A. and Wormley, J.M. and Cantarero, G.L. and McMullen, D. and others},
  journal={Frontiers in Neurorobotics},
  volume={16},
  pages={918001},
  year={2022},
  publisher={Frontiers}
}

@inproceedings{zhang2022human,
  title={Human-robot shared control for surgical robot based on context-aware sim-to-real adaptation},
  author={Zhang, D. and Wu, Z. and Chen, J. and Zhu, R. and Munawar, A. and Xiao, B. and Guan, Y. and Su, H. and Hong, W. and Guo, Y. and others},
  booktitle={2022 International Conference on Robotics and Automation (ICRA)},
  pages={7694--7700},
  year={2022},
  organization={IEEE}

}
@article{matsumoto2022shared,
  title={Shared control in human robot teaming: Toward context-aware communication},
  author={Matsumoto, Sachiko and Riek, Laurel D},
  journal={arXiv preprint arXiv:2203.10218},
  year={2022}
}



@article{shibata2011robot,
  title={Robot therapy: a new approach for mental healthcare of the elderly--a mini-review},
  author={Shibata, T. and Wada, K.},
  journal={Gerontology},
  volume={57},
  number={4},
  pages={378--386},
  year={2011},
  publisher={S. Karger AG Basel, Switzerland}
}

@inproceedings{baskaran2022emergency,
  title={Emergency Clinical Procedure Detection via Wearable Sensors},
  author={Baskaran, Prakash and Heard, Jamison and Adams, Julie A},
  booktitle={Proceedings of the Human Factors and Ergonomics Society Annual Meeting},
  volume={66},
  number={1},
  pages={2239--2243},
  year={2022},
  organization={SAGE Publications Sage CA: Los Angeles, CA}
}

@inproceedings{mastrianni2021designing,
  title={Designing Interactive Alerts to Improve Recognition of Critical Events in Medical Emergencies},
  author={Mastrianni, Angela and Sarcevic, Aleksandra and Chung, Lauren and Zakeri, Issa and Alberto, Emily and Milestone, Zachary and Marsic, Ivan and Burd, Randall S},
  booktitle={Designing Interactive Systems Conference 2021},
  pages={864--878},
  year={2021}
}

@inproceedings{frank2019wearable,
  title={Wearable activity recognition for robust human-robot teaming in safety-critical environments via hybrid neural networks},
  author={Frank, Andrea E and Kubota, Alyssa and Riek, Laurel D},
  booktitle={2019 IEEE/RSJ International Conference on Intelligent Robots and Systems (IROS)},
  pages={449--454},
  year={2019},
  organization={IEEE}
}

@article{maalouf2018robotics,
  title={Robotics in nursing: a scoping review},
  author={Maalouf, Noel and Sidaoui, Abbas and Elhajj, Imad H and Asmar, Daniel},
  journal={Journal of Nursing Scholarship},
  volume={50},
  number={6},
  pages={590--600},
  year={2018},
  publisher={Wiley Online Library}
}

@inproceedings{tang2022confidant,
  title={Confidant: A privacy controller for social robots},
  author={Tang, Brian and Sullivan, Dakota and Cagiltay, Bengisu and Chandrasekaran, Varun and Fawaz, Kassem and Mutlu, Bilge},
  booktitle={2022 17th ACM/IEEE International Conference on Human-Robot Interaction (HRI)},
  pages={205--214},
  year={2022},
  organization={IEEE}
}

@inproceedings{chu2016learning,
  title={Learning object affordances by leveraging the combination of human-guidance and self-exploration},
  author={Chu, Vivian and Fitzgerald, Tesca and Thomaz, Andrea L},
  booktitle={2016 11th ACM/IEEE international conference on human-robot interaction (HRI)},
  pages={221--228},
  year={2016},
  organization={IEEE}
}

@inproceedings{chakraborti2019plan,
  title={Plan explanations as model reconciliation--an empirical study},
  author={Chakraborti, Tathagata and Sreedharan, Sarath and Grover, Sachin and Kambhampati, Subbarao},
  booktitle={2019 14th ACM/IEEE International Conference on Human-Robot Interaction (HRI)},
  pages={258--266},
  year={2019},
  organization={Ieee}
}

@article{vander2023travel,
  title={Travel nurses and patient outcomes: A systematic review},
  author={Vander Weerdt, Candice and Peck, Jessica A and Porter, Tracy},
  journal={Health care management review},
  volume={48},
  number={4},
  pages={352--362},
  year={2023},
  publisher={LWW}
}

@article{cahuc2002temporary,
  title={Temporary jobs, employment protection and labor market performance},
  author={Cahuc, Pierre and Postel-Vinay, Fabien},
  journal={Labour economics},
  volume={9},
  number={1},
  pages={63--91},
  year={2002},
  publisher={Elsevier}
}

@article{salas2000teamwork,
  title={Teamwork: emerging principles},
  author={Salas, Eduardo and Burke, C Shawn and Cannon-Bowers, Janis A},
  journal={International Journal of Management Reviews},
  volume={2},
  number={4},
  pages={339--356},
  year={2000},
  publisher={Wiley Online Library}
}


@inproceedings{wallace2013making,
  title={Making design probes work},
  author={Wallace, Jayne and McCarthy, John and Wright, Peter C and Olivier, Patrick},
  booktitle={Proceedings of the SIGCHI Conference on Human Factors in Computing Systems},
  pages={3441--3450},
  year={2013}
}

@article{lee2018reframing,
  title={Reframing assistive robots to promote successful aging},
  author={Lee, Hee Rin and Riek, Laurel D},
  journal={ACM Transactions on Human-Robot Interaction (THRI)},
  volume={7},
  number={1},
  pages={1--23},
  year={2018},
  publisher={ACM New York, NY, USA}
}

@inproceedings{lee2017steps,
  title={Steps toward participatory design of social robots: mutual learning with older adults with depression},
  author={Lee, Hee Rin and {\v{S}}abanovi{\'c}, Selma and Chang, Wan-Ling and Nagata, Shinichi and Piatt, Jennifer and Bennett, Casey and Hakken, David},
  booktitle={Proceedings of the 2017 ACM/IEEE international conference on human-robot interaction},
  pages={244--253},
  year={2017}
}

@inproceedings{lee2016humanlike,
  title={How humanlike should a social robot be: a user-centered exploration},
  author={Lee, Hee Rin and {\v{S}}abanovi{\'c}, Selma and Stolterman, Erik},
  booktitle={2016 AAAI Spring Symposium Series},
  year={2016}
}

@inproceedings{disalvo2002all,
  title={All robots are not created equal: the design and perception of humanoid robot heads},
  author={DiSalvo, Carl F and Gemperle, Francine and Forlizzi, Jodi and Kiesler, Sara},
  booktitle={Proceedings of the 4th conference on Designing interactive systems: processes, practices, methods, and techniques},
  pages={321--326},
  year={2002}
}

@inproceedings{lee2023situating,
  title={Situating Robots in the Organizational Dynamics of the Gas Energy Industry: A Collaborative Design Study},
  author={Lee, Hee Rin and Tan, Xiaobo and Zhang, Wenlong and Deng, Yiming and Liu, Yongming},
  booktitle={2023 32nd IEEE International Conference on Robot and Human Interactive Communication (RO-MAN)},
  pages={1096--1101},
  year={2023},
  organization={IEEE}
}

@inproceedings{lee2013weiser,
  title={Weiser's dream in the Korean home: collaborative study of domestic roles, relationships, and ideal technologies},
  author={Lee, Hee Rin and {\v{S}}abanovi{\'c}, Selma},
  booktitle={Proceedings of the 2013 ACM international joint conference on Pervasive and ubiquitous computing},
  pages={637--646},
  year={2013}
}

@inproceedings{lee2022configuring,
  title={Configuring humans: What roles humans play in hri research},
  author={Lee, Hee Rin and Cheon, EunJeong and Lim, Chaeyun and Fischer, Kerstin},
  booktitle={2022 17th ACM/IEEE International Conference on Human-Robot Interaction (HRI)},
  pages={478--492},
  year={2022},
  organization={IEEE}
}




@article{vlachogianni2022perceived,
  title={Perceived usability evaluation of educational technology using the System Usability Scale (SUS): A systematic review},
  author={Vlachogianni, Prokopia and Tselios, Nikolaos},
  journal={Journal of Research on Technology in Education},
  volume={54},
  number={3},
  pages={392--409},
  year={2022},
  publisher={Taylor \& Francis}
}







@inproceedings{alves2022flexi,
  title={Flexi: A robust and flexible social robot embodiment kit},
  author={Alves-Oliveira, Patr{\'\i}cia and Bavier, Matthew and Malandkar, Samrudha and Eldridge, Ryan and Sayigh, Julie and Bj{\"o}rling, Elin A and Cakmak, Maya},
  booktitle={Proceedings of the 2022 ACM Designing Interactive Systems Conference},
  pages={1177--1191},
  year={2022}
}

@inproceedings{matsumoto2021iris,
  title={Iris: A low-cost telemedicine robot to support healthcare safety and equity during a pandemic},
  author={Matsumoto, Sachiko and Moharana, Sanika and Devanagondi, Nimisha and Oyama, Leslie C and Riek, Laurel D},
  booktitle={International Conference on Pervasive Computing Technologies for Healthcare},
  pages={113--133},
  year={2021},
  organization={Springer}
}

@article{specian2021quori,
  title={Quori: A community-informed design of a socially interactive humanoid robot},
  author={Specian, Andrew and Mead, Ross and Kim, Simon and Matari{\'c}, Maja and Yim, Mark},
  journal={IEEE Transactions on Robotics},
  volume={38},
  number={3},
  pages={1755--1772},
  year={2021},
  publisher={IEEE}
}

@inproceedings{harrison2018user,
  title={User-centered robot head design: A sensing computing interaction platform for robotics research (sciprr)},
  author={Harrison, Anthony M and Xu, Wendy M and Trafton, J Gregory},
  booktitle={Proceedings of the 2018 ACM/IEEE International Conference on Human-Robot Interaction},
  pages={215--223},
  year={2018}
}

@inproceedings{cao2014enhancing,
  title={Enhancing My Keepon robot: A simple and low-cost solution for robot platform in Human-Robot Interaction studies},
  author={Cao, Hoang-Long and Van de Perre, Greet and Simut, Ramona and Pop, Cristina and Peca, Andreea and Lefeber, Dirk and Vanderborght, Bram},
  booktitle={The 23rd IEEE International Symposium on Robot and Human Interactive Communication},
  pages={555--560},
  year={2014},
  organization={IEEE}
}

@article{beer2014toward,
  title={Toward a framework for levels of robot autonomy in human-robot interaction},
  author={Beer, Jenay M and Fisk, Arthur D and Rogers, Wendy A},
  journal={Journal of human-robot interaction},
  volume={3},
  number={2},
  pages={74},
  year={2014},
  publisher={NIH Public Access}
}

@inproceedings{bjorgvinsson2010participatory,
  title={Participatory design and" democratizing innovation"},
  author={Bj{\"o}rgvinsson, Erling and Ehn, Pelle and Hillgren, Per-Anders},
  booktitle={Proceedings of the 11th Biennial participatory design conference},
  pages={41--50},
  year={2010}
}

@article{suchman2002located,
  title={Located accountabilities in technology production},
  author={Suchman, Lucy},
  journal={Scandinavian journal of information systems},
  volume={14},
  number={2},
  pages={7},
  year={2002}
}

@inproceedings{star1994steps,
  title={Steps towards an ecology of infrastructure: complex problems in design and access for large-scale collaborative systems},
  author={Star, Susan Leigh and Ruhleder, Karen},
  booktitle={Proceedings of the 1994 ACM conference on Computer supported cooperative work},
  pages={253--264},
  year={1994}
}

@inproceedings{lee2010gracefully,
  title={Gracefully mitigating breakdowns in robotic services},
  author={Lee, Min Kyung and Kiesler, Sara and Forlizzi, Jodi and Srinivasa, Siddhartha and Rybski, Paul},
  booktitle={2010 5th ACM/IEEE International Conference on Human-Robot Interaction (HRI)},
  pages={203--210},
  year={2010},
  organization={IEEE}
}

@inproceedings{azenkot2016enabling,
  title={Enabling building service robots to guide blind people a participatory design approach},
  author={Azenkot, Shiri and Feng, Catherine and Cakmak, Maya},
  booktitle={2016 11th ACM/IEEE International Conference on Human-Robot Interaction (HRI)},
  pages={3--10},
  year={2016},
  organization={IEEE}
}



@inproceedings{lee2024contrasting,
  title={Conflicting Perspectives of Workers: Exploring Labor Relations in Workplace Automation and Potential Interventions},
  author={Lee, Hee Rin},
  booktitle={Proceedings of the CHI Conference on Human Factors in Computing Systems},
  pages={1--17},
  year={2024}
}






