@article{bergstrarandom,
author = {Bergstra, James and Bengio, Y.},
year = {2012},
month = {03},
pages = {281-305},
title = {Random Search for Hyper-Parameter Optimization},
volume = {13},
journal = {The Journal of Machine Learning Research}
}


@misc{loshchilov2016cmaes,
      title={CMA-ES for Hyperparameter Optimization of Deep Neural Networks}, 
      author={Ilya Loshchilov and Frank Hutter},
      year={2016},
      eprint={1604.07269},
      archivePrefix={arXiv},
      primaryClass={cs.NE}
}

@ARTICLE{6790628,
  author={Hansen, Nikolaus and Ostermeier, Andreas},
  journal={Evolutionary Computation}, 
  title={Completely Derandomized Self-Adaptation in Evolution Strategies}, 
  year={2001},
  volume={9},
  number={2},
  pages={159-195},
  keywords={Evolution strategy;self-adaptation;strategy parameter control;step size control;de-randomization;derandomized self-adaptation;covariance matrix adaptation;evolution path;cumulation;cumulative path length control},
  doi={10.1162/106365601750190398}}

@InProceedings{10.1007/978-3-540-30217-9_36,
author="Ocenasek, Jiri
and Kern, Stefan
and Hansen, Nikolaus
and Koumoutsakos, Petros",
editor="Yao, Xin
and Burke, Edmund K.
and Lozano, Jos{\'e} A.
and Smith, Jim
and Merelo-Guerv{\'o}s, Juan Juli{\'a}n
and Bullinaria, John A.
and Rowe, Jonathan E.
and Ti{\v{n}}o, Peter
and Kab{\'a}n, Ata
and Schwefel, Hans-Paul",
title="A Mixed Bayesian Optimization Algorithm with Variance Adaptation",
booktitle="Parallel Problem Solving from Nature - PPSN VIII",
year="2004",
publisher="Springer Berlin Heidelberg",
address="Berlin, Heidelberg",
pages="352--361",
isbn="978-3-540-30217-9"
}

@article{YEH2023109076,
title = {Simplified swarm optimization for hyperparameters of convolutional neural networks},
journal = {Computers \& Industrial Engineering},
volume = {177},
pages = {109076},
year = {2023},
issn = {0360-8352},
doi = {https://doi.org/10.1016/j.cie.2023.109076},
url = {https://www.sciencedirect.com/science/article/pii/\\S0360835223001006},
author = {Wei-Chang Yeh and Yi-Ping Lin and Yun-Chia Liang and Chyh-Ming Lai and Chia-Ling Huang}
}

@article{YEH20099192,
title = {A two-stage discrete particle swarm optimization for the problem of multiple multi-level redundancy allocation in series systems},
journal = {Expert Systems with Applications},
volume = {36},
number = {5},
pages = {9192-9200},
year = {2009},
issn = {0957-4174},
doi = {https://doi.org/10.1016/j.eswa.2008.12.024},
url = {https://www.sciencedirect.com/science/article/pii/\\S0957417408008890},
author = {Wei-Chang Yeh},
keywords = {Reliability, Redundancy allocation problem (RAP), Particle swarm optimization algorithm (PSO), Series systems}
}

@online{mnist,
  author       = {Yann, LeCun},
  title        = {THE MNIST DATABASE of handwritten digits},
  url          = {https://yann.lecun.com/exdb/mnist/},
  urldate      = {2024-02-26}
}

@ARTICLE{10128116,
  author={Japa, Luis and Serqueira, Marcello and MendonçA, Israel and Aritsugi, Masayoshi and Bezerra, Eduardo and González, Pedro Henrique},
  journal={IEEE Access}, 
  title={A Population-Based Hybrid Approach for Hyperparameter Optimization of Neural Networks}, 
  year={2023},
  volume={11},
  number={},
  pages={50752-50768},
  keywords={Optimization;Bayes methods;Search problems;Hyperparameter optimization;Neural networks;Gaussian processes;Genetic algorithms;Machine learning;Genetic algorithms;hyperparameter optimization;machine learning},
  doi={10.1109/ACCESS.2023.3277310}}

@article{Bean1994,
  author    = {J. C. Bean},
  title     = {Genetic algorithms and random keys for sequencing and optimization},
  journal   = {ORSA Journal on Computing},
  volume    = {6},
  number    = {2},
  pages     = {154--160},
  year      = {1994},
  month     = {May}
}

@article{GoncalvesResende2011,
  author    = {J. F. Gon\c{c}alves and M. G. C. Resende},
  title     = {Biased random-key genetic algorithms for combinatorial optimization},
  journal   = {Journal of Heuristics},
  volume    = {17},
  number    = {5},
  pages     = {487--525},
  year      = {2011},
  month     = {Oct}
}

@misc{snoek2012practicalbayesianoptimizationmachine,
      title={Practical Bayesian Optimization of Machine Learning Algorithms}, 
      author={Jasper Snoek and Hugo Larochelle and Ryan P. Adams},
      year={2012},
      eprint={1206.2944},
      archivePrefix={arXiv},
      primaryClass={stat.ML},
      url={https://arxiv.org/abs/1206.2944}, 
}

@InProceedings{10.1007/978-3-642-25566-3_40,
author="Hutter, Frank
and Hoos, Holger H.
and Leyton-Brown, Kevin",
editor="Coello, Carlos A. Coello",
title="Sequential Model-Based Optimization for General Algorithm Configuration",
booktitle="Learning and Intelligent Optimization",
year="2011",
publisher="Springer Berlin Heidelberg",
address="Berlin, Heidelberg",
pages="507--523",
isbn="978-3-642-25566-3"
}

@inproceedings{10.5555/2986459.2986743,
author = {Bergstra, James and Bardenet, R\'{e}mi and Bengio, Yoshua and K\'{e}gl, Bal\'{a}zs},
title = {Algorithms for hyper-parameter optimization},
year = {2011},
isbn = {9781618395993},
publisher = {Curran Associates Inc.},
address = {Red Hook, NY, USA},
booktitle = {Proceedings of the 24th International Conference on Neural Information Processing Systems},
pages = {2546–2554},
numpages = {9},
location = {Granada, Spain},
series = {NIPS'11}
}

@misc{bergstra2012makingsciencemodelsearch,
      title={Making a Science of Model Search}, 
      author={J. Bergstra and D. Yamins and D. D. Cox},
      year={2012},
      eprint={1209.5111},
      archivePrefix={arXiv},
      primaryClass={cs.CV},
      url={https://arxiv.org/abs/1209.5111}, 
}

@article{arsenault2023optimizing,
  title={Optimizing Optimization},
  author={Arsenault, Bradley},
  journal={Articulon},
  year={2018},
  url={https://articulon.bradleyarsenault.me/article/\\optimizing-optimization}
}

@article{arsenault2023learning,
  title={Learning to Optimize},
  author={Arsenault, Bradley},
  journal={Articulon},
  year={2018},
  url={https://articulon.bradleyarsenault.me/article/\\learning-to-optimize}
}

@inproceedings{ke2017lightgbm,
  title={LightGBM: A Highly Efficient Gradient Boosting Decision Tree},
  author={Ke, Guolin and Meng, Qi and Finley, Thomas and Wang, Taifeng and Chen, Wei and Ma, Weidong and Ye, Qiwei and Liu, Tie-Yan},
  booktitle={Proceedings of the 31st International Conference on Neural Information Processing Systems (NIPS)},
  pages={3149--3157},
  year={2017}
}

@misc{bello2017neuraloptimizersearchreinforcement,
      title={Neural Optimizer Search with Reinforcement Learning}, 
      author={Irwan Bello and Barret Zoph and Vijay Vasudevan and Quoc V. Le},
      year={2017},
      eprint={1709.07417},
      archivePrefix={arXiv},
      primaryClass={cs.AI},
      url={https://arxiv.org/abs/1709.07417}, 
}

@misc{prokhorenkova2019catboostunbiasedboostingcategorical,
      title={CatBoost: unbiased boosting with categorical features}, 
      author={Liudmila Prokhorenkova and Gleb Gusev and Aleksandr Vorobev and Anna Veronika Dorogush and Andrey Gulin},
      year={2019},
      eprint={1706.09516},
      archivePrefix={arXiv},
      primaryClass={cs.LG},
      url={https://arxiv.org/abs/1706.09516}, 
}

@misc{lundberg2017unifiedapproachinterpretingmodel,
      title={A Unified Approach to Interpreting Model Predictions}, 
      author={Scott Lundberg and Su-In Lee},
      year={2017},
      eprint={1705.07874},
      archivePrefix={arXiv},
      primaryClass={cs.AI},
      url={https://arxiv.org/abs/1705.07874}, 
}

@article{fashionmnist,
author = {Xiao, Han and Rasul, Kashif and Vollgraf, Roland},
year = {2017},
month = {08},
pages = {},
title = {Fashion-MNIST: a Novel Image Dataset for Benchmarking Machine Learning Algorithms},
doi = {10.48550/arXiv.1708.07747}
}

@article{cifar10,
author = {Krizhevsky, Alex},
year = {2012},
month = {05},
pages = {},
title = {Learning Multiple Layers of Features from Tiny Images},
journal = {University of Toronto}
}

@inproceedings{bergstra2013making,
  title     = {Making a Science of Model Search: Hyperparameter Optimization in Hundreds of Dimensions for Vision Architectures},
  author    = {Bergstra, James and Yamins, Daniel and Cox, David D.},
  booktitle = {Proceedings of the 30th International Conference on Machine Learning (ICML 2013)},
  pages     = {I-115--I-123},
  year      = {2013},
  url       = {http://proceedings.mlr.press/v28/bergstra13.pdf},
  organization = {JMLR.org}
}

@misc{HPOlib,
  author={Eggensperger, Katharina and Feurer, Matthias and Klein, Aaron and Falkner, Steven},
  title={HPOlib1.5: A Library for Hyperparameter Optimization},
  year=2016,
  url={https://github.com/automl/HPOlib1.5},
  note={GitHub repository}
}

@misc{zoph2017neuralarchitecturesearchreinforcement,
      title={Neural Architecture Search with Reinforcement Learning}, 
      author={Barret Zoph and Quoc V. Le},
      year={2017},
      eprint={1611.01578},
      archivePrefix={arXiv},
      primaryClass={cs.LG},
      url={https://arxiv.org/abs/1611.01578}, 
}

@inproceedings{NIPS2015_11d0e628,
 author = {Feurer, Matthias and Klein, Aaron and Eggensperger, Katharina and Springenberg, Jost and Blum, Manuel and Hutter, Frank},
 booktitle = {Advances in Neural Information Processing Systems},
 editor = {C. Cortes and N. Lawrence and D. Lee and M. Sugiyama and R. Garnett},
 pages = {},
 publisher = {Curran Associates, Inc.},
 title = {Efficient and Robust Automated Machine Learning},
 url = {https://proceedings.neurips.cc/paper\_files/paper \\
        /2015/file/11d0e6287202fced83f79975ec59a3a6-Paper.pdf},
 volume = {28},
 year = {2015}
}

@article{Henderson_Islam_Bachman_Pineau_Precup_Meger_2018, title={Deep Reinforcement Learning That Matters}, volume={32}, url={https://ojs.aaai.org/index.php/AAAI/article/view/11694}, DOI={10.1609/aaai.v32i1.11694}, number={1}, journal={Proceedings of the AAAI Conference on Artificial Intelligence}, author={Henderson, Peter and Islam, Riashat and Bachman, Philip and Pineau, Joelle and Precup, Doina and Meger, David}, year={2018}, month={Apr.} }


@InProceedings{titsias09a,
  title = 	 {Variational Learning of Inducing Variables in Sparse Gaussian Processes},
  author = 	 {Titsias, Michalis},
  booktitle = 	 {Proceedings of the Twelfth International Conference on Artificial Intelligence and Statistics},
  pages = 	 {567--574},
  year = 	 {2009},
  editor = 	 {van Dyk, David and Welling, Max},
  volume = 	 {5},
  series = 	 {Proceedings of Machine Learning Research},
  address = 	 {Hilton Clearwater Beach Resort, Clearwater Beach, Florida USA},
  month = 	 {16--18 Apr},
  publisher =    {PMLR},
  pdf = 	 {http://proceedings.mlr.press/v5/titsias09a/titsias09a.pdf},
  url = 	 {https://proceedings.mlr.press/v5/titsias09a.html}

}

@inproceedings{wang2013bayesian,
  author = {Ziyu Wang and Masrour Zoghi and Frank Hutter and David Matheson and Nando De Freitas},
  title = {Bayesian Optimization in High Dimensions via Random Embeddings},
  booktitle = {Proceedings of the Twenty-Third International Joint Conference on Artificial Intelligence (IJCAI)},
  year = {2013}
}

@article{jones1998efficient,
  author = {Jones, Donald R. and Schonlau, Matthias and Welch, William J.},
  title = {Efficient Global Optimization of Expensive Black-Box Functions},
  journal = {Journal of Global Optimization},
  volume = {13},
  pages = {455--492},
  year = {1998},
  publisher = {Springer},
  doi = {10.1023/A:1008306431147},
  url = {https://doi.org/10.1023/A:1008306431147}
}

@MISC{simulationlib, 
 author = {Surjanovic, S. and Bingham, D.}, 
 title = {Virtual Library of Simulation Experiments: Test Functions and Datasets}, 
 howpublished = {Retrieved January 8, 2025, from \url{http://www.sfu.ca/~ssurjano}} 
}

@article{Okulewiczetal2022,
author = {Michał Okulewicz and Mateusz Zaborski and Jacek Ma{\'n}dziuk},
title = {{Self-Adapting Particle Swarm Optimization for continuous black box optimization}},
journal = {Applied Soft Computing},
volume = {131},
pages = {109722},
year = {2022},
doi = {https://doi.org/10.1016/j.asoc.2022.109722}
}

@misc{okulewiczetal2020,
      title={Generalized Self-Adapting Particle Swarm Optimization algorithm with archive of samples}, 
      author={Michał Okulewicz and Mateusz Zaborski and Jacek Ma{\'n}dziuk},
      year={2020},
      eprint={2002.12485},
      archivePrefix={arXiv},
      primaryClass={cs.NE},
      url={https://arxiv.org/abs/2002.12485}, 
}

