@article{Bell2008undec,
	author       = {Paul Bell and
	Igor Potapov},
	title        = {On undecidability bounds for matrix decision problems},
	journal      = {Theor. Comput. Sci.},
	volume       = {391},
	number       = {1-2},
	pages        = {3--13},
	year         = {2008}
}

@article{BenAmram2015mortal,
	author       = {Amir M. Ben{-}Amram},
	title        = {Mortality of iterated piecewise affine functions over the integers:
	Decidability and complexity},
	journal      = {Comput.},
	volume       = {4},
	number       = {1},
	pages        = {19--56},
	year         = {2015}
}

@inproceedings{ChonevOW15,
  author       = {Ventsislav Chonev and
                  Jo{\"{e}}l Ouaknine and
                  James Worrell},
  title        = {The Polyhedron-Hitting Problem},
  booktitle    = {{SODA}},
  pages        = {940--956},
  publisher    = {{SIAM}},
  year         = {2015}
}

@article{Gorokhovik1994maxmin,
	author = {V. V. Gorokhovik and O. I. Zorko and G. Birkhoff},
	title = {Piecewise affine functions and polyhedral sets},
	journal = {Optimization},
	volume = {31},
	number = {3},
	pages = {209--221},
	year = {1994},
}

@inproceedings{Heerdt2018maxlrs,
	author       = {Gerco van Heerdt and
	Justin Hsu and
	Jo{\"{e}}l Ouaknine and
	Alexandra Silva},
	title        = {Convex Language Semantics for Nondeterministic Probabilistic Automata},
	booktitle    = {{ICTAC}},
	series       = {Lecture Notes in Computer Science},
	volume       = {11187},
	pages        = {472--492},
	publisher    = {Springer},
	year         = {2018}
}

@article{Mihir2024ergodic,
	author       = {Mihir Vahanwala},
	title        = {Skolem and positivity completeness of ergodic {M}arkov chains},
	journal      = {Inf. Process. Lett.},
	volume       = {186},
	pages        = {106481},
	year         = {2024}
}

@inproceedings{Ouaknine2014pos5,
	author       = {Jo{\"{e}}l Ouaknine and
	James Worrell},
	title        = {Positivity Problems for Low-Order Linear Recurrence Sequences},
	booktitle    = {{SODA}},
	pages        = {366--379},
	publisher    = {{SIAM}},
	year         = {2014}
}

@article{Ovchinnikov2002maxmin,
	author = {Ovchinnikov, Sergei},
	journal = {Beiträge zur Algebra und Geometrie},
	keywords = {piecewise linear functions on convex domains in Euclidean -space; min-max representation; polyhedral complexes; piecewise linear functions on convex domains in Euclidean -space},
	language = {eng},
	number = {1},
	pages = {297-302},
	publisher = {Springer},
	title = {Max-min representation of piecewise linear functions.},
	url = {http://eudml.org/doc/225460},
	volume = {43},
	year = {2002},
}

@article{Sladky1980max,
	author = {Sladký, Karel},
	journal = {Kybernetika},
	keywords = {discrete dynamic programming; policy iteration algorithm; growth bounds},
	language = {eng},
	number = {6},
	pages = {(526)-547},
	publisher = {Institute of Information Theory and Automation AS CR},
	title = {Bounds on discrete dynamic programming recursions. I. Models with non-negative matrices},
	url = {http://eudml.org/doc/28460},
	volume = {16},
	year = {1980},
}

@article{Zijm1984max,
	title = {Generalized eigenvectors and sets of nonnegative matrices},
	journal = {Linear Algebra and its Applications},
	volume = {59},
	pages = {91-113},
	year = {1984},
	issn = {0024-3795},
	doi = {https://doi.org/10.1016/0024-3795(84)90161-7},
	url = {https://www.sciencedirect.com/science/article/pii/0024379584901617},
	author = {W.H.M. Zijm},
}

@article{blondel2001note,
	author       = {Vincent D. Blondel and
	Olivier Bournez and
	Pascal Koiran and
	Christos H. Papadimitriou and
	John N. Tsitsiklis},
	title        = {Deciding stability and mortality of piecewise affine dynamical systems},
	journal      = {Theor. Comput. Sci.},
	volume       = {255},
	number       = {1-2},
	pages        = {687--696},
	year         = {2001}
}

@article{bournez2018onedpam,
  author       = {Olivier Bournez and
                  Oleksiy Kurganskyy and
                  Igor Potapov},
  title        = {Reachability Problems for One-Dimensional Piecewise Affine Maps},
  journal      = {Int. J. Found. Comput. Sci.},
  volume       = {29},
  number       = {4},
  pages        = {529--549},
  year         = {2018}
}

@inproceedings{ghahremani2023injective,
  author       = {Faraz Ghahremani and
                  Edon Kelmendi and
                  Jo{\"{e}}l Ouaknine},
  title        = {Reachability in Injective Piecewise Affine Maps},
  booktitle    = {{LICS}},
  pages        = {1--11},
  publisher    = {{IEEE}},
  year         = {2023}
}

