@article{Ju-HyungLee,
	author={Lee, Ju-Hyung and Lee, Dong-Ho and Lee, Joohan and Pujara, Jay},
	journal={IEEE Trans. Wirel. Commun.}, 
	title={Integrating Pre-Trained Language Model With Physical Layer Communications}, 
	year={2024},
	volume={23},
	number={11},
	pages={17266-17278},
	keywords={Artificial intelligence;Semantics;Vectors;Wireless communication;Noise;Data models;Decoding;Physical layer communications;language model;VQ-VAE;natural language processing (NLP);link-level simulation},
	doi={10.1109/TWC.2024.3452481}
}
@article{LWM,
	title={Large wireless model ({LWM}): A foundation model for wireless channels},
	author={Alikhani, Sadjad and Charan, Gouranga and Alkhateeb, Ahmed},
	journal={arXiv preprint arXiv:2411.08872},
	year={2024}
}
@inproceedings{jiao20246G,
	title={6{G}-Oriented {CSI}-Based Multi-Modal Pre-Training and Downstream Task Adaptation Paradigm},
	author={Jiao, Tianyu and Ye, Chenhui and Huang, Yihang and Feng, Yijia and Xiao, Zhuoran and Xu, Yin and He, Dazhi and Guan, Yunfeng and Yang, Bei and Chang, Jiang and others},
	booktitle={2024 IEEE Int. Conf. Commun. Workshops (ICC Workshops)},
	pages={1389--1394},
	year={2024},
	organization={IEEE}
}
@article{aboulfotouh2024building,
	title={Building 6{G} Radio Foundation Models with {T}ransformer Architectures},
	author={Aboulfotouh, Ahmed and Eshaghbeigi, Ashkan and Abou-Zeid, Hatem},
	journal={arXiv preprint arXiv:2411.09996},
	year={2024}
}
@article{ChannelGPT,
	title={Channel{GPT}: A Large Model to Generate Digital Twin Channel for 6{G} Environment Intelligence},
	author={Yu, Li and Shi, Lianzheng and Zhang, Jianhua and Wang, Jialin and Zhang, Zhen and Zhang, Yuxiang and Liu, Guangyi},
	journal={arXiv preprint arXiv:2410.13379},
	year={2024}
}
@article{tian2023multimodal,
	title={Multimodal {T}ransformers for Wireless Communications: A Case Study in Beam Prediction},
	author={Tian, Yu and Zhao, Qiyang and Boukhalfa, Fouzi and Wu, Kebin and Bader, Faouzi and others},
	journal={arXiv preprint arXiv:2309.11811},
	year={2023}
}
@inproceedings{ott2024radio,
	title={Radio Foundation Models: Pre-training {T}ransformers for 5{G}-based Indoor Localization},
	author={Ott, Jonathan and Pirkl, Jonas and Stahlke, Maximilian and Feigl, Tobias and Mutschler, Christopher},
	booktitle={2024 14th Int. Conf. on Indoor Positioning and Indoor Navigation (IPIN)},
	pages={1--6},
	year={2024},
	organization={IEEE}
}
@article{zayat2023transformer,
	title={{T}ransformer Masked Autoencoders for Next-Generation Wireless Communications: Architecture and Opportunities},
	author={Zayat, Abdullah and Hasabelnaby, Mahmoud A and Obeed, Mohanad and Chaaban, Anas},
	journal={IEEE Commun. Mag.},
	year={2023},
	publisher={IEEE}
}

@article{yang2022efficientfi,
  title={Efficient{F}i: Toward large-scale lightweight WiFi sensing via {CSI} compression},
  author={Yang, Jianfei and Chen, Xinyan and Zou, Han and Wang, Dazhuo and Xu, Qianwen and Xie, Lihua},
  journal={IEEE Int. Things J.},
  volume={9},
  number={15},
  pages={13086--13095},
  year={2022},
  publisher={IEEE}
}

 @article{Liu_Liu_Gao_Cheng_Yang_2024, title={{LLM4CP}: Adapting Large Language Models for Channel Prediction}, volume={9}, ISSN={2509-3312}, DOI={10.23919/JCIN.2024.10582829}, number={2}, journal={J. Commun. Inf. Networks}, 
author={Liu, Boxun and Liu, Xuanyu and Gao, Shijian and Cheng, Xiang and Yang, Liuqing}, year={2024}, month=jun, pages={113–125} }

@INBOOK{8045088,
  author={Ky{\"{o}}sti, Pekka and Meinil{\"{a}}, Juha and Hentil{\"{a}}, Lassi and Zhao, Xiongwen},
  booktitle={Radio Technologies and Concepts for IMT-Advanced}, 
  title={WINNER II Channel Models}, 
  year={2010},
  volume={},
  number={},
  pages={39-92},
  keywords={Channel models;Macrocell networks;Buildings;Antennas;Microcell networks;Printers;Adaptation models},
  doi={10.1002/9780470748077.ch3}}

@report{QuadriGa,
  author       = {{3GPP Radio Access Network Working Group}},
  title        = {Study on channel model for frequencies from 0.5 to 100 GHz (Release 15)},
  institution  = {3GPP},
  year         = {2018},
  number       = {},
  type         = {Technical Report},
  address      = {3GPP TR 38.901},
}

@article{sionna,
    title = {Sionna: An Open-Source Library for Next-Generation Physical Layer Research},
    author = {Hoydis, Jakob and Cammerer, Sebastian and {Ait Aoudia}, Fayçal and Vem, Avinash and Binder, Nikolaus and Marcus, Guillermo and Keller, Alexander},
    year = {2022},
    month = {Mar.},
    journal = {arXiv preprint},
    online = {https://arxiv.org/abs/2203.11854}
}

@article{alkhateeb2019deepmimo,
  title={Deep{MIMO}: A generic deep learning dataset for millimeter wave and massive {MIMO} applications},
  author={Alkhateeb, Ahmed},
  journal={arXiv preprint arXiv:1902.06435},
  year={2019}
}
@article{Trans4PC,
  author       = {Hao Jiang and
                  Mingyao Cui and
                  Derrick Wing Kwan Ng and
                  Linglong Dai},
  title        = {Accurate Channel Prediction Based on {T}ransformer: Making Mobility
                  Negligible},
  journal      = {{IEEE} J. Sel. Areas Commun.},
  volume       = {40},
  number       = {9},
  pages        = {2717--2732},
  year         = {2022},
}

@article{CSI-GPT,
  author       = {Ye Zeng and
                  Li Qiao and
                  Zhen Gao and
                  Tong Qin and
                  Zhonghuai Wu and
                  Sheng Chen and
                  Mohsen Guizani},
  title        = {{CSI-GPT:} Integrating Generative Pre-Trained {T}ransformer with Federated-Tuning
                  to Acquire Downlink Massive {MIMO} Channels},
journal={arXiv preprint arXiv:2406.03438},
  year={2024}

}
