@article{ChannelGPT,
	title={Channel{GPT}: A Large Model to Generate Digital Twin Channel for 6{G} Environment Intelligence},
	author={Yu, Li and Shi, Lianzheng and Zhang, Jianhua and Wang, Jialin and Zhang, Zhen and Zhang, Yuxiang and Liu, Guangyi},
	journal={arXiv preprint arXiv:2410.13379},
	year={2024}
}

@article{Ju-HyungLee,
	author={Lee, Ju-Hyung and Lee, Dong-Ho and Lee, Joohan and Pujara, Jay},
	journal={IEEE Trans. Wirel. Commun.}, 
	title={Integrating Pre-Trained Language Model With Physical Layer Communications}, 
	year={2024},
	volume={23},
	number={11},
	pages={17266-17278},
	keywords={Artificial intelligence;Semantics;Vectors;Wireless communication;Noise;Data models;Decoding;Physical layer communications;language model;VQ-VAE;natural language processing (NLP);link-level simulation},
	doi={10.1109/TWC.2024.3452481}
}

@article{LWM,
	title={Large wireless model ({LWM}): A foundation model for wireless channels},
	author={Alikhani, Sadjad and Charan, Gouranga and Alkhateeb, Ahmed},
	journal={arXiv preprint arXiv:2411.08872},
	year={2024}
}

@article{aboulfotouh2024building,
	title={Building 6{G} Radio Foundation Models with {T}ransformer Architectures},
	author={Aboulfotouh, Ahmed and Eshaghbeigi, Ashkan and Abou-Zeid, Hatem},
	journal={arXiv preprint arXiv:2411.09996},
	year={2024}
}

@inproceedings{jiao20246G,
	title={6{G}-Oriented {CSI}-Based Multi-Modal Pre-Training and Downstream Task Adaptation Paradigm},
	author={Jiao, Tianyu and Ye, Chenhui and Huang, Yihang and Feng, Yijia and Xiao, Zhuoran and Xu, Yin and He, Dazhi and Guan, Yunfeng and Yang, Bei and Chang, Jiang and others},
	booktitle={2024 IEEE Int. Conf. Commun. Workshops (ICC Workshops)},
	pages={1389--1394},
	year={2024},
	organization={IEEE}
}

@inproceedings{ott2024radio,
	title={Radio Foundation Models: Pre-training {T}ransformers for 5{G}-based Indoor Localization},
	author={Ott, Jonathan and Pirkl, Jonas and Stahlke, Maximilian and Feigl, Tobias and Mutschler, Christopher},
	booktitle={2024 14th Int. Conf. on Indoor Positioning and Indoor Navigation (IPIN)},
	pages={1--6},
	year={2024},
	organization={IEEE}
}

@article{tian2023multimodal,
	title={Multimodal {T}ransformers for Wireless Communications: A Case Study in Beam Prediction},
	author={Tian, Yu and Zhao, Qiyang and Boukhalfa, Fouzi and Wu, Kebin and Bader, Faouzi and others},
	journal={arXiv preprint arXiv:2309.11811},
	year={2023}
}

@article{zayat2023transformer,
	title={{T}ransformer Masked Autoencoders for Next-Generation Wireless Communications: Architecture and Opportunities},
	author={Zayat, Abdullah and Hasabelnaby, Mahmoud A and Obeed, Mohanad and Chaaban, Anas},
	journal={IEEE Commun. Mag.},
	year={2023},
	publisher={IEEE}
}

