@article{achiam2023gpt,
  title={Gpt-4 technical report},
  author={Achiam, Josh and Adler, Steven and Agarwal, Sandhini and Ahmad, Lama and Akkaya, Ilge and Aleman, Florencia Leoni and Almeida, Diogo and Altenschmidt, Janko and Altman, Sam and Anadkat, Shyamal and others},
  journal={arXiv preprint arXiv:2303.08774},
  year={2023}
}

@article{black2023zero,
  title={Zero-shot robotic manipulation with pretrained image-editing diffusion models},
  author={Black, Kevin and Nakamoto, Mitsuhiko and Atreya, Pranav and Walke, Homer and Finn, Chelsea and Kumar, Aviral and Levine, Sergey},
  journal={arXiv preprint arXiv:2310.10639},
  year={2023}
}

@article{brohan2022rt,
  title={Rt-1: Robotics transformer for real-world control at scale},
  author={Brohan, Anthony and Brown, Noah and Carbajal, Justice and Chebotar, Yevgen and Dabis, Joseph and Finn, Chelsea and Gopalakrishnan, Keerthana and Hausman, Karol and Herzog, Alex and Hsu, Jasmine and others},
  journal={arXiv preprint arXiv:2212.06817},
  year={2022}
}

@article{brohan2023rt,
  title={Rt-2: Vision-language-action models transfer web knowledge to robotic control},
  author={Brohan, Anthony and Brown, Noah and Carbajal, Justice and Chebotar, Yevgen and Chen, Xi and Choromanski, Krzysztof and Ding, Tianli and Driess, Danny and Dubey, Avinava and Finn, Chelsea and others},
  journal={arXiv preprint arXiv:2307.15818},
  year={2023}
}

@inproceedings{chi2023diffusionpolicy,
	title={Diffusion Policy: Visuomotor Policy Learning via Action Diffusion},
	author={Chi, Cheng and Feng, Siyuan and Du, Yilun and Xu, Zhenjia and Cousineau, Eric and Burchfiel, Benjamin and Song, Shuran},
	booktitle={Proceedings of Robotics: Science and Systems (RSS)},
	year={2023}
}

@article{driess2023palm,
  title={Palm-e: An embodied multimodal language model},
  author={Driess, Danny and Xia, Fei and Sajjadi, Mehdi SM and Lynch, Corey and Chowdhery, Aakanksha and Ichter, Brian and Wahid, Ayzaan and Tompson, Jonathan and Vuong, Quan and Yu, Tianhe and others},
  journal={arXiv preprint arXiv:2303.03378},
  year={2023}
}

@article{du2024learning,
  title={Learning universal policies via text-guided video generation},
  author={Du, Yilun and Yang, Sherry and Dai, Bo and Dai, Hanjun and Nachum, Ofir and Tenenbaum, Josh and Schuurmans, Dale and Abbeel, Pieter},
  journal={Advances in Neural Information Processing Systems},
  volume={36},
  year={2024}
}

@article{escontrela2024video,
  title={Video prediction models as rewards for reinforcement learning},
  author={Escontrela, Alejandro and Adeniji, Ademi and Yan, Wilson and Jain, Ajay and Peng, Xue Bin and Goldberg, Ken and Lee, Youngwoon and Hafner, Danijar and Abbeel, Pieter},
  journal={Advances in Neural Information Processing Systems},
  volume={36},
  year={2024}
}

@inproceedings{gu2023rt,
  title={Rt-trajectory: Robotic task generalization via hindsight trajectory sketches},
  author={Gu, Jiayuan and Kirmani, Sean and Wohlhart, Paul and Lu, Yao and Arenas, Montserrat Gonzalez and Rao, Kanishka and Yu, Wenhao and Fu, Chuyuan and Gopalakrishnan, Keerthana and Xu, Zhuo and others},
  booktitle={International Conference on Learning Representations},
  year={2024}
}

@inproceedings{octo_2023,
    title={Octo: An Open-Source Generalist Robot Policy},
    author = {{Octo Model Team} and Dibya Ghosh and Homer Walke and Karl Pertsch and Kevin Black and Oier Mees and Sudeep Dasari and Joey Hejna and Charles Xu and Jianlan Luo and Tobias Kreiman and {You Liang} Tan and Lawrence Yunliang Chen and Pannag Sanketi and Quan Vuong and Ted Xiao and Dorsa Sadigh and Chelsea Finn and Sergey Levine},
    booktitle = {Proceedings of Robotics: Science and Systems},
    address  = {Delft, Netherlands},
    year = {2024},
}

@inproceedings{reuss2024multimodal,
  title={Multimodal Diffusion Transformer: Learning Versatile Behavior from Multimodal Goals},
  author={Reuss, Moritz and Ya{\u{g}}murlu, {\"O}mer Erdin{\c{c}} and Wenzel, Fabian and Lioutikov, Rudolf},
  booktitle={First Workshop on Vision-Language Models for Navigation and Manipulation at ICRA 2024},
  year={2024}
}

@ARTICLE{samplePaper,
  author={Narita, Tetsuya and Kroemer, Oliver},
  journal={IEEE Robotics and Automation Letters}, 
  title={Policy Blending and Recombination for Multimodal Contact-Rich Tasks}, 
  year={2021},
  volume={6},
  number={2},
  pages={2721-2728},
  doi={10.1109/LRA.2021.3061982}}

@article{wen2023any,
  title={Any-point trajectory modeling for policy learning},
  author={Wen, Chuan and Lin, Xingyu and So, John and Chen, Kai and Dou, Qi and Gao, Yang and Abbeel, Pieter},
  journal={arXiv preprint arXiv:2401.00025},
  year={2023}
}

