@article{2021context,
  title={Context-aware reranking with utility maximization for recommendation},
  author={Xi, Yunjia and Liu, Weiwen and Dai, Xinyi and Tang, Ruiming and Zhang, Weinan and Liu, Qing and He, Xiuqiang and Yu, Yong},
  journal={arXiv preprint arXiv:2110.09059},
  year={2021}
}

@article{banner,
  title={How to overcome online banner blindness? A study on the effects of creativity},
  author={Yang, Qiang and Zhou, Yuanjian and Jiang, Yushi and Huo, Jiale},
  journal={Journal of Research in Interactive Marketing},
  volume={15},
  number={2},
  pages={223--242},
  year={2021},
  publisher={Emerald Publishing Limited}
}

@inproceedings{chen2016xgboost,
  title={Xgboost: A scalable tree boosting system},
  author={Chen, Tianqi and Guestrin, Carlos},
  booktitle={Proceedings of the 22nd acm sigkdd international conference on knowledge discovery and data mining},
  pages={785--794},
  year={2016}
}

@inproceedings{chen2022extr,
  title={Extr: click-through rate prediction with externalities in e-commerce sponsored search},
  author={Chen, Chi and Chen, Hui and Zhao, Kangzhi and Zhou, Junsheng and He, Li and Deng, Hongbo and Xu, Jian and Zheng, Bo and Zhang, Yong and Xing, Chunxiao},
  booktitle={Proceedings of the 28th ACM SIGKDD Conference on Knowledge Discovery and Data Mining},
  pages={2732--2740},
  year={2022}
}

@article{chen2024branches,
  title={Branches, Assemble! Multi-Branch Cooperation Network for Large-Scale Click-Through Rate Prediction at Taobao},
  author={Chen, Xu and Cheng, Zida and Pan, Yuangang and Xiao, Shuai and Liu, Xiaoming and Lan, Jinsong and Liu, Qingwen and Tsang, Ivor W},
  journal={arXiv preprint arXiv:2411.13057},
  year={2024}
}

@inproceedings{cheng2016wide,
  title={Wide \& deep learning for recommender systems},
  author={Cheng, Heng-Tze and Koc, Levent and Harmsen, Jeremiah and Shaked, Tal and Chandra, Tushar and Aradhye, Hrishi and Anderson, Glen and Corrado, Greg and Chai, Wei and Ispir, Mustafa and others},
  booktitle={Proceedings of the 1st workshop on deep learning for recommender systems},
  pages={7--10},
  year={2016}
}

@inproceedings{covington2016deep,
  title={Deep neural networks for youtube recommendations},
  author={Covington, Paul and Adams, Jay and Sargin, Emre},
  booktitle={Proceedings of the 10th ACM conference on recommender systems},
  pages={191--198},
  year={2016}
}

@article{de2024model,
  title={Model-based approaches to profit-aware recommendation},
  author={De Biasio, Alvise and Jannach, Dietmar and Navarin, Nicol{\`o}},
  journal={Expert Systems with Applications},
  volume={249},
  pages={123642},
  year={2024},
  publisher={Elsevier}
}

@inproceedings{dien,
  title={Deep interest evolution network for click-through rate prediction},
  author={Zhou, Guorui and Mou, Na and Fan, Ying and Pi, Qi and Bian, Weijie and Zhou, Chang and Zhu, Xiaoqiang and Gai, Kun},
  booktitle={Proceedings of the AAAI conference on artificial intelligence},
  volume={33},
  pages={5941--5948},
  year={2019}
}

@inproceedings{din,
  title={Deep interest network for click-through rate prediction},
  author={Zhou, Guorui and Zhu, Xiaoqiang and Song, Chenru and Fan, Ying and Zhu, Han and Ma, Xiao and Yan, Yanghui and Jin, Junqi and Li, Han and Gai, Kun},
  booktitle={Proceedings of the 24th ACM SIGKDD international conference on knowledge discovery \& data mining},
  pages={1059--1068},
  year={2018}
}

@inproceedings{effects, author = {Dai, Xinyi and Lin, Jianghao and Zhang, Weinan and Li, Shuai and Liu, Weiwen and Tang, Ruiming and He, Xiuqiang and Hao, Jianye and Wang, Jun and Yu, Yong}, title = {An Adversarial Imitation Click Model for Information Retrieval}, year = {2021}, isbn = {9781450383127}, publisher = {Association for Computing Machinery}, address = {New York, NY, USA}, url = {https://doi.org/10.1145/3442381.3449913}, doi = {10.1145/3442381.3449913},booktitle = {Proceedings of the Web Conference 2021}, pages = {1809â€“1820}, numpages = {12}, keywords = {Imitation Learning, Document Ranking, Click Model}, location = {Ljubljana, Slovenia}, series = {WWW '21} }

@article{friedman2001greedy,
  title={Greedy function approximation: a gradient boosting machine},
  author={Friedman, Jerome H},
  journal={Annals of statistics},
  pages={1189--1232},
  year={2001},
  publisher={JSTOR}
}

@article{gao2024gbdt4ctrvis,
  title={GBDT4CTRVis: visual analytics of gradient boosting decision tree for advertisement click-through rate prediction},
  author={Gao, Wenwen and Liu, Shangsong and Zhou, Yi and Wang, Fengjie and Zhou, Feng and Zhu, Min},
  journal={Journal of Visualization},
  pages={1--21},
  year={2024},
  publisher={Springer}
}

@article{guo2017deepfm,
  title={DeepFM: a factorization-machine based neural network for CTR prediction},
  author={Guo, Huifeng and Tang, Ruiming and Ye, Yunming and Li, Zhenguo and He, Xiuqiang},
  journal={arXiv preprint arXiv:1703.04247},
  year={2017}
}

@inproceedings{hou,
  title={Deep Context Interest Network for Click-Through Rate Prediction},
  author={Hou, Xuyang and Wang, Zhe and Liu, Qi and Qu, Tan and Cheng, Jia and Lei, Jun},
  booktitle={Proceedings of the 32nd ACM International Conference on Information and Knowledge Management},
  pages={3948--3952},
  year={2023}
}

@inproceedings{huang2019fibinet,
  title={FiBiNET: combining feature importance and bilinear feature interaction for click-through rate prediction},
  author={Huang, Tongwen and Zhang, Zhiqi and Zhang, Junlin},
  booktitle={Proceedings of the 13th ACM conference on recommender systems},
  pages={169--177},
  year={2019}
}

@inproceedings{juan2016field,
  title={Field-aware factorization machines for CTR prediction},
  author={Juan, Yuchin and Zhuang, Yong and Chin, Wei-Sheng and Lin, Chih-Jen},
  booktitle={Proceedings of the 10th ACM conference on recommender systems},
  pages={43--50},
  year={2016}
}

@article{ke2017lightgbm,
  title={Lightgbm: A highly efficient gradient boosting decision tree},
  author={Ke, Guolin and Meng, Qi and Finley, Thomas and Wang, Taifeng and Chen, Wei and Ma, Weidong and Ye, Qiwei and Liu, Tie-Yan},
  journal={Advances in neural information processing systems},
  volume={30},
  year={2017}
}

@article{kompan2021exploring,
  title={Exploring customer price preference and product profit role in recommender systems},
  author={Kompan, Michal and Gaspar, Peter and Macina, Jakub and Cimerman, Matus and Bielikova, Maria},
  journal={IEEE Intelligent Systems},
  volume={37},
  number={1},
  pages={89--98},
  year={2021},
  publisher={IEEE}
}

@article{lstm_with_attn_CTR,
  title={A hierarchical attention model for CTR prediction based on user interest},
  author={Wang, Qianqian and Huang, Pu and Xing, Shuning and Zhao, Xiaohui and others},
  journal={IEEE Systems Journal},
  volume={14},
  number={3},
  pages={4015--4024},
  year={2019},
  publisher={IEEE}
}

@inproceedings{min2022neighbour,
  title={Neighbour interaction based click-through rate prediction via graph-masked transformer},
  author={Min, Erxue and Rong, Yu and Xu, Tingyang and Bian, Yatao and Luo, Da and Lin, Kangyi and Huang, Junzhou and Ananiadou, Sophia and Zhao, Peilin},
  booktitle={Proceedings of the 45th International ACM SIGIR Conference on Research and Development in Information Retrieval},
  pages={353--362},
  year={2022}
}

@article{monster,
  title={User behavior simulation for search result re-ranking},
  author={Zhang, Junqi and Liu, Yiqun and Mao, Jiaxin and Ma, Weizhi and Xu, Jiazheng and Ma, Shaoping and Tian, Qi},
  journal={ACM Transactions on Information Systems},
  volume={41},
  number={1},
  pages={1--35},
  year={2023},
  publisher={ACM New York, NY}
}

@inproceedings{pei2019value,
  title={Value-aware recommendation based on reinforcement profit maximization},
  author={Pei, Changhua and Yang, Xinru and Cui, Qing and Lin, Xiao and Sun, Fei and Jiang, Peng and Ou, Wenwu and Zhang, Yongfeng},
  booktitle={The World Wide Web Conference},
  pages={3123--3129},
  year={2019}
}

@article{prokhorenkova2018catboost,
  title={CatBoost: unbiased boosting with categorical features},
  author={Prokhorenkova, Liudmila and Gusev, Gleb and Vorobev, Aleksandr and Dorogush, Anna Veronika and Gulin, Andrey},
  journal={Advances in neural information processing systems},
  volume={31},
  year={2018}
}

@article{rat,
  title={RAT: Retrieval-Augmented Transformer for Click-Through Rate Prediction},
  author={Li, Yushen and Wang, Jinpeng and Dai, Tao and Zhu, Jieming and Yuan, Jun and Zhang, Rui and Xia, Shu-Tao},
  journal={arXiv preprint arXiv:2404.02249},
  year={2024}
}

@article{stec,
  title={STEC: See-Through Transformer-based Encoder for CTR Prediction},
  author={Dilbaz, Serdarcan and Saribas, Hasan},
  journal={arXiv preprint arXiv:2308.15033},
  year={2023}
}

@article{vaswani2017attention,
  title={Attention is all you need},
  author={Vaswani, Ashish and Shazeer, Noam and Parmar, Niki and Uszkoreit, Jakob and Jones, Llion and Gomez, Aidan N and Kaiser, {\L}ukasz and Polosukhin, Illia},
  journal={Advances in neural information processing systems},
  volume={30},
  year={2017}
}

