
% Journals

% First the Full Name is given, then the abbreviation used in the AMS Math
% Reviews, with an indication if it could not be found there.
% Note the 2nd overwrites the 1st, so swap them if you want the full name.

 %{AMS}
 @String{AMSTrans = "American Mathematical Society Translations" }
 @String{AMSTrans = "Amer. Math. Soc. Transl." }
 @String{BullAMS = "Bulletin of the American Mathematical Society" }
 @String{BullAMS = "Bull. Amer. Math. Soc." }
 @String{ProcAMS = "Proceedings of the American Mathematical Society" }
 @String{ProcAMS = "Proc. Amer. Math. Soc." }
 @String{TransAMS = "Transactions of the American Mathematical Society" }
 @String{TransAMS = "Trans. Amer. Math. Soc." }

 %ACM
 @String{CACM = "Communications of the {ACM}" }
 @String{CACM = "Commun. {ACM}" }
 @String{CompServ = "Comput. Surveys" }
 @String{JACM = "J. ACM" }
 @String{ACMMathSoft = "{ACM} Transactions on Mathematical Software" }
 @String{ACMMathSoft = "{ACM} Trans. Math. Software" }
 @String{SIGNUM = "{ACM} {SIGNUM} Newsletter" }
 @String{SIGNUM = "{ACM} {SIGNUM} Newslett." }

 @String{AmerSocio = "American Journal of Sociology" }
 @String{AmerStatAssoc = "Journal of the American Statistical Association" }
 @String{AmerStatAssoc = "J. Amer. Statist. Assoc." }
 @String{ApplMathComp = "Applied Mathematics and Computation" }
 @String{ApplMathComp = "Appl. Math. Comput." }
 @String{AmerMathMonthly = "American Mathematical Monthly" }
 @String{AmerMathMonthly = "Amer. Math. Monthly" }
 @String{BIT = "{BIT}" }
 @String{BritStatPsych = "British Journal of Mathematical and Statistical
          Psychology" }
 @String{BritStatPsych = "Brit. J. Math. Statist. Psych." }
 @String{CanMathBull = "Canadian Mathematical Bulletin" }
 @String{CanMathBull = "Canad. Math. Bull." }
 @String{CompApplMath = "Journal of Computational and Applied Mathematics" }
 @String{CompApplMath = "J. Comput. Appl. Math." }
 @String{CompPhys = "Journal of Computational Physics" }
 @String{CompPhys = "J. Comput. Phys." }
 @String{CompStruct = "Computers and Structures" }
 @String{CompStruct = "Comput. \& Structures" }
 @String{CompJour = "The Computer Journal" }
 @String{CompJour = "Comput. J." }
 @String{CompSysSci = "Journal of Computer and System Sciences" }
 @String{CompSysSci = "J. Comput. System Sci." }
 @String{Computing = "Computing" }
 @String{ContempMath = "Contemporary Mathematics" }
 @String{ContempMath = "Contemp. Math." }
 @String{Crelle = "Crelle's Journal" }
 @String{GiornaleMath = "Giornale di Mathematiche" }
 @String{GiornaleMath = "Giorn. Mat." } % didn't find in AMS MR., ibid.

 %IEEE
 @String{Computer = "{IEEE} Computer" }
 @String{IEEETransComp = "{IEEE} Transactions on Computers" }
 @String{IEEETransComp = "{IEEE} Trans. Comput." }
 @String{IEEETransAC = "{IEEE} Transactions on Automatic Control" }
 @String{IEEETransAC = "{IEEE} Trans. Automat. Control" }
 @String{IEEESpec = "{IEEE} Spectrum" } % didn't find in AMS MR
 @String{ProcIEEE = "Proceedings of the {IEEE}" }
 @String{ProcIEEE = "Proc. {IEEE}" } % didn't find in AMS MR
 @String{IEEETransAeroElec = "{IEEE} Transactions on Aerospace and Electronic
     Systems" }
 @String{IEEETransAeroElec = "{IEEE} Trans. Aerospace Electron. Systems" }

 @String{IMANumerAna = "{IMA} Journal of Numerical Analysis" }
 @String{IMANumerAna = "{IMA} J. Numer. Anal." }
 @String{InfProcLet = "Information Processing Letters" }
 @String{InfProcLet = "Inform. Process. Lett." }
 @String{InstMathApp = "Journal of the Institute of Mathematics and
     its Applications" }
 @String{InstMathApp = "J. Inst. Math. Appl." }
 @String{IntControl = "International Journal of Control" }
 @String{IntControl = "Internat. J. Control" }
 @String{IntNumerEng = "International Journal for Numerical Methods in
     Engineering" }
 @String{IntNumerEng = "Internat. J. Numer. Methods Engrg." }
 @String{IntSuper = "International Journal of Supercomputing Applications" }
 @String{IntSuper = "Internat. J. Supercomputing Applic." } % didn't find
%% in AMS MR
 @String{Kibernetika = "Kibernetika" }
 @String{JResNatBurStand = "Journal of Research of the National Bureau
     of Standards" }
 @String{JResNatBurStand = "J. Res. Nat. Bur. Standards" }
 @String{LinAlgApp = "Linear Algebra and its Applications" }
 @String{LinAlgApp = "Linear Algebra Appl." }
 @String{MathAnaAppl = "Journal of Mathematical Analysis and Applications" }
 @String{MathAnaAppl = "J. Math. Anal. Appl." }
 @String{MathAnnalen = "Mathematische Annalen" }
 @String{MathAnnalen = "Math. Ann." }
 @String{MathPhys = "Journal of Mathematical Physics" }
 @String{MathPhys = "J. Math. Phys." }
 @String{MathComp = "Mathematics of Computation" }
 @String{MathComp = "Math. Comp." }
 @String{MathScand = "Mathematica Scandinavica" }
 @String{MathScand = "Math. Scand." }
 @String{TablesAidsComp = "Mathematical Tables and Other Aids to Computation" }
 @String{TablesAidsComp = "Math. Tables Aids Comput." }
 @String{NumerMath = "Numerische Mathematik" }
 @String{NumerMath = "Numer. Math." }
 @String{PacificMath = "Pacific Journal of Mathematics" }
 @String{PacificMath = "Pacific J. Math." }
 @String{ParDistComp = "Journal of Parallel and Distributed Computing" }
 @String{ParDistComp = "J. Parallel and Distrib. Comput." } % didn't find
%% in AMS MR
 @String{ParComputing = "Parallel Computing" }
 @String{ParComputing = "Parallel Comput." }
 @String{PhilMag = "Philosophical Magazine" }
 @String{PhilMag = "Philos. Mag." }
 @String{ProcNAS = "Proceedings of the National Academy of Sciences
                    of the USA" }
 @String{ProcNAS = "Proc. Nat. Acad. Sci. U. S. A." }
 @String{Psychometrika = "Psychometrika" }
 @String{QuartMath = "Quarterly Journal of Mathematics, Oxford, Series (2)" }
 @String{QuartMath = "Quart. J. Math. Oxford Ser. (2)" }
 @String{QuartApplMath = "Quarterly of Applied Mathematics" }
 @String{QuartApplMath = "Quart. Appl. Math." }
 @String{RevueInstStat = "Review of the International Statisical Institute" }
 @String{RevueInstStat = "Rev. Inst. Internat. Statist." }

 %SIAM
 @String{JSIAM = "Journal of the Society for Industrial and Applied
     Mathematics" }
 @String{JSIAM = "J. Soc. Indust. Appl. Math." }
 @String{JSIAMB = "Journal of the Society for Industrial and Applied
     Mathematics, Series B, Numerical Analysis" }
 @String{JSIAMB = "J. Soc. Indust. Appl. Math. Ser. B Numer. Anal." }
 @String{SIAMAlgMeth = "{SIAM} Journal on Algebraic and Discrete Methods" }
 @String{SIAMAlgMeth = "{SIAM} J. Algebraic Discrete Methods" }
 @String{SIAMAppMath = "{SIAM} Journal on Applied Mathematics" }
 @String{SIAMAppMath = "{SIAM} J. Appl. Math." }
 @String{SIAMComp = "{SIAM} Journal on Computing" }
 @String{SIAMComp = "{SIAM} J. Comput." }
 @String{SIAMMatrix = "{SIAM} Journal on Matrix Analysis and Applications" }
 @String{SIAMMatrix = "{SIAM} J. Matrix Anal. Appl." }
 @String{SIAMNumAnal = "{SIAM} Journal on Numerical Analysis" }
 @String{SIAMNumAnal = "{SIAM} J. Numer. Anal." }
 @String{SIAMReview = "{SIAM} Review" }
 @String{SIAMReview = "{SIAM} Rev." }
 @String{SIAMSciStat = "{SIAM} Journal on Scientific and Statistical
     Computing" }
 @String{SIAMSciStat = "{SIAM} J. Sci. Statist. Comput." }

 @String{SoftPracExp = "Software Practice and Experience" }
 @String{SoftPracExp = "Software Prac. Experience" } % didn't find in AMS MR
 @String{StatScience = "Statistical Science" }
 @String{StatScience = "Statist. Sci." }
 @String{Techno = "Technometrics" }
 @String{USSRCompMathPhys = "{USSR} Computational Mathematics and Mathematical
     Physics" }
 @String{USSRCompMathPhys = "{U. S. S. R.} Comput. Math. and Math. Phys." }
 @String{VLSICompSys = "Journal of {VLSI} and Computer Systems" }
 @String{VLSICompSys = "J. {VLSI} Comput. Syst." }
 @String{ZAngewMathMech = "Zeitschrift fur Angewandte Mathematik und
     Mechanik" }
 @String{ZAngewMathMech = "Z. Angew. Math. Mech." }
 @String{ZAngewMathPhys = "Zeitschrift fur Angewandte Mathematik und Physik" }
 @String{ZAngewMathPhys = "Z. Angew. Math. Phys." }

% Publishers % ================================================= |

 @String{Academic = "Academic Press" }
 @String{ACMPress = "{ACM} Press" }
 @String{AdamHilger = "Adam Hilger" }
 @String{AddisonWesley = "Addison-Wesley" }
 @String{AllynBacon = "Allyn and Bacon" }
 @String{AMS = "American Mathematical Society" }
 @String{Birkhauser = "Birkha{\"u}ser" }
 @String{CambridgePress = "Cambridge University Press" }
 @String{Chelsea = "Chelsea" }
 @String{ClaredonPress = "Claredon Press" }
 @String{DoverPub = "Dover Publications" }
 @String{Eyolles = "Eyolles" }
 @String{HoltRinehartWinston = "Holt, Rinehart and Winston" }
 @String{Interscience = "Interscience" }
 @String{JohnsHopkinsPress = "The Johns Hopkins University Press" }
 @String{JohnWileySons = "John Wiley and Sons" }
 @String{Macmillan = "Macmillan" }
 @String{MathWorks = "The Math Works Inc." }
 @String{McGrawHill = "McGraw-Hill" }
 @String{NatBurStd = "National Bureau of Standards" }
 @String{NorthHolland = "North-Holland" }
 @String{OxfordPress = "Oxford University Press" }  %address Oxford or London?
 @String{PergamonPress = "Pergamon Press" }
 @String{PlenumPress = "Plenum Press" }
 @String{PrenticeHall = "Prentice-Hall" }
 @String{SIAMPub = "{SIAM} Publications" }
 @String{Springer = "Springer-Verlag" }
 @String{TexasPress = "University of Texas Press" }
 @String{VanNostrand = "Van Nostrand" }
 @String{WHFreeman = "W. H. Freeman and Co." }

@misc{avito,
  title        = {Avito Context Ad Clicks},
  author       ={Avito},
  howpublished = "\url{https://www.kaggle.com/competitions/avito-context-ad-clicks/data}",
  year         = 2015
}

@inproceedings{li2023decision,
  title={Decision-making context interaction network for click-through rate prediction},
  author={Li, Xiang and Chen, Shuwei and Dong, Jian and Zhang, Jin and Wang, Yongkang and Wang, Xingxing and Wang, Dong},
  booktitle={Proceedings of the AAAI Conference on Artificial Intelligence},
  volume={37},
  number={4},
  pages={5195--5202},
  year={2023}
}

@article{TrPlatf,
author = {Chen, Jianqing and Fan, Ming and Li, Mingzhi},
title = {Advertising versus brokerage model for online trading platforms},
year = {2016},
issue_date = {September 2016},
publisher = {Society for Information Management and The Management Information Systems Research Center},
address = {USA},
volume = {40},
number = {3},
issn = {0276-7783},
url = {https://doi.org/10.25300/MISQ/2016/40.3.03},
doi = {10.25300/MISQ/2016/40.3.03},
}

@inproceedings{richardson2007predicting,
  title={Predicting clicks: estimating the click-through rate for new ads},
  author={Richardson, Matthew and Dominowska, Ewa and Ragno, Robert},
  booktitle={Proceedings of the 16th international conference on World Wide Web},
  pages={521--530},
  year={2007}
}

@inproceedings{mcmahan2013ad,
  title={Ad click prediction: a view from the trenches},
  author={McMahan, H Brendan and Holt, Gary and Sculley, David and Young, Michael and Ebner, Dietmar and Grady, Julian and Nie, Lan and Phillips, Todd and Davydov, Eugene and Golovin, Daniel and others},
  booktitle={Proceedings of the 19th ACM SIGKDD international conference on Knowledge discovery and data mining},
  pages={1222--1230},
  year={2013}
}

@inproceedings{lambdaloss,
  title={The lambdaloss framework for ranking metric optimization},
  author={Wang, Xuanhui and Li, Cheng and Golbandi, Nadav and Bendersky, Michael and Najork, Marc},
  booktitle={Proceedings of the 27th ACM international conference on information and knowledge management},
  pages={1313--1322},
  year={2018}
}

@inproceedings{rendle2010factorization,
  title={Factorization machines},
  author={Rendle, Steffen},
  booktitle={2010 IEEE International conference on data mining},
  pages={995--1000},
  year={2010},
  organization={IEEE}
}


@inproceedings{juan2016field,
  title={Field-aware factorization machines for CTR prediction},
  author={Juan, Yuchin and Zhuang, Yong and Chin, Wei-Sheng and Lin, Chih-Jen},
  booktitle={Proceedings of the 10th ACM conference on recommender systems},
  pages={43--50},
  year={2016}
}

@article{blondel2016higher,
  title={Higher-order factorization machines},
  author={Blondel, Mathieu and Fujino, Akinori and Ueda, Naonori and Ishihata, Masakazu},
  journal={Advances in Neural Information Processing Systems},
  volume={29},
  year={2016}
}

@inproceedings{pan2018field,
  title={Field-weighted factorization machines for click-through rate prediction in display advertising},
  author={Pan, Junwei and Xu, Jian and Ruiz, Alfonso Lobos and Zhao, Wenliang and Pan, Shengjun and Sun, Yu and Lu, Quan},
  booktitle={Proceedings of the 2018 world wide web conference},
  pages={1349--1357},
  year={2018}
}

@inproceedings{xu2020learning,
  title={Learning feature interactions with lorentzian factorization machine},
  author={Xu, Canran and Wu, Ming},
  booktitle={Proceedings of the AAAI Conference on Artificial Intelligence},
  volume={34},
  number={04},
  pages={6470--6477},
  year={2020}
}

@inproceedings{chen2016xgboost,
  title={Xgboost: A scalable tree boosting system},
  author={Chen, Tianqi and Guestrin, Carlos},
  booktitle={Proceedings of the 22nd acm sigkdd international conference on knowledge discovery and data mining},
  pages={785--794},
  year={2016}
}

@article{ke2017lightgbm,
  title={Lightgbm: A highly efficient gradient boosting decision tree},
  author={Ke, Guolin and Meng, Qi and Finley, Thomas and Wang, Taifeng and Chen, Wei and Ma, Weidong and Ye, Qiwei and Liu, Tie-Yan},
  journal={Advances in neural information processing systems},
  volume={30},
  year={2017}
}

@article{prokhorenkova2018catboost,
  title={CatBoost: unbiased boosting with categorical features},
  author={Prokhorenkova, Liudmila and Gusev, Gleb and Vorobev, Aleksandr and Dorogush, Anna Veronika and Gulin, Andrey},
  journal={Advances in neural information processing systems},
  volume={31},
  year={2018}
}

@inproceedings{covington2016deep,
  title={Deep neural networks for youtube recommendations},
  author={Covington, Paul and Adams, Jay and Sargin, Emre},
  booktitle={Proceedings of the 10th ACM conference on recommender systems},
  pages={191--198},
  year={2016}
}

@article{chen2017new,
  title={A new approach for mobile advertising click-through rate estimation based on deep belief nets},
  author={Chen, Jie-Hao and Zhao, Zi-Qian and Shi, Ji-Yun and Zhao, Chong and others},
  journal={Computational intelligence and neuroscience},
  volume={2017},
  year={2017},
  publisher={Hindawi}
}

@inproceedings{liu2015convolutional,
  title={A convolutional click prediction model},
  author={Liu, Qiang and Yu, Feng and Wu, Shu and Wang, Liang},
  booktitle={Proceedings of the 24th ACM international on conference on information and knowledge management},
  pages={1743--1746},
  year={2015}
}

@inproceedings{liu2019feature,
  title={Feature generation by convolutional neural network for click-through rate prediction},
  author={Liu, Bin and Tang, Ruiming and Chen, Yingzhi and Yu, Jinkai and Guo, Huifeng and Zhang, Yuzhou},
  booktitle={The World Wide Web Conference},
  pages={1119--1129},
  year={2019}
}

@inproceedings{cheng2016wide,
  title={Wide \& deep learning for recommender systems},
  author={Cheng, Heng-Tze and Koc, Levent and Harmsen, Jeremiah and Shaked, Tal and Chandra, Tushar and Aradhye, Hrishi and Anderson, Glen and Corrado, Greg and Chai, Wei and Ispir, Mustafa and others},
  booktitle={Proceedings of the 1st workshop on deep learning for recommender systems},
  pages={7--10},
  year={2016}
}

@article{guo2017deepfm,
  title={DeepFM: a factorization-machine based neural network for CTR prediction},
  author={Guo, Huifeng and Tang, Ruiming and Ye, Yunming and Li, Zhenguo and He, Xiuqiang},
  journal={arXiv preprint arXiv:1703.04247},
  year={2017}
}

@inproceedings{he2017neural,
  title={Neural factorization machines for sparse predictive analytics},
  author={He, Xiangnan and Chua, Tat-Seng},
  booktitle={Proceedings of the 40th International ACM SIGIR conference on Research and Development in Information Retrieval},
  pages={355--364},
  year={2017}
}

@incollection{wang2017deep,
  title={Deep \& cross network for ad click predictions},
  author={Wang, Ruoxi and Fu, Bin and Fu, Gang and Wang, Mingliang},
  booktitle={Proceedings of the ADKDD'17},
  pages={1--7},
  year={2017}
}

@inproceedings{lian2018xdeepfm,
  title={xdeepfm: Combining explicit and implicit feature interactions for recommender systems},
  author={Lian, Jianxun and Zhou, Xiaohuan and Zhang, Fuzheng and Chen, Zhongxia and Xie, Xing and Sun, Guangzhong},
  booktitle={Proceedings of the 24th ACM SIGKDD international conference on knowledge discovery \& data mining},
  pages={1754--1763},
  year={2018}
}

@inproceedings{pointwise,
  title={A'Pointwise-Query, Listwise-Document'based Query Performance Prediction Approach},
  author={Datta, Suchana and MacAvaney, Sean and Ganguly, Debasis and Greene, Derek},
  booktitle={Proceedings of the 45th International ACM SIGIR Conference on Research and Development in Information Retrieval},
  pages={2148--2153},
  year={2022}
}

@inproceedings{qu2016product,
  title={Product-based neural networks for user response prediction},
  author={Qu, Yanru and Cai, Han and Ren, Kan and Zhang, Weinan and Yu, Yong and Wen, Ying and Wang, Jun},
  booktitle={2016 IEEE 16th international conference on data mining (ICDM)},
  pages={1149--1154},
  year={2016},
  organization={IEEE}
}

@inproceedings{tay2019holographic,
  title={Holographic factorization machines for recommendation},
  author={Tay, Yi and Zhang, Shuai and Luu, Anh Tuan and Hui, Siu Cheung and Yao, Lina and Vinh, Tran Dang Quang},
  booktitle={Proceedings of the AAAI conference on artificial intelligence},
  volume={33},
  number={01},
  pages={5143--5150},
  year={2019}
}

@inproceedings{huang2019fibinet,
  title={FiBiNET: combining feature importance and bilinear feature interaction for click-through rate prediction},
  author={Huang, Tongwen and Zhang, Zhiqi and Zhang, Junlin},
  booktitle={Proceedings of the 13th ACM conference on recommender systems},
  pages={169--177},
  year={2019}
}

@article{afm,
  title={Attentional factorization machines: Learning the weight of feature interactions via attention networks},
  author={Xiao, Jun and Ye, Hao and He, Xiangnan and Zhang, Hanwang and Wu, Fei and Chua, Tat-Seng},
  journal={arXiv preprint arXiv:1708.04617},
  year={2017}
}

@inproceedings{autoint,
  title={Autoint: Automatic feature interaction learning via self-attentive neural networks},
  author={Song, Weiping and Shi, Chence and Xiao, Zhiping and Duan, Zhijian and Xu, Yewen and Zhang, Ming and Tang, Jian},
  booktitle={Proceedings of the 28th ACM international conference on information and knowledge management},
  pages={1161--1170},
  year={2019}
}

@article{lstm_with_attn_CTR,
  title={A hierarchical attention model for CTR prediction based on user interest},
  author={Wang, Qianqian and Huang, Pu and Xing, Shuning and Zhao, Xiaohui and others},
  journal={IEEE Systems Journal},
  volume={14},
  number={3},
  pages={4015--4024},
  year={2019},
  publisher={IEEE}
}

@inproceedings{din,
  title={Deep interest network for click-through rate prediction},
  author={Zhou, Guorui and Zhu, Xiaoqiang and Song, Chenru and Fan, Ying and Zhu, Han and Ma, Xiao and Yan, Yanghui and Jin, Junqi and Li, Han and Gai, Kun},
  booktitle={Proceedings of the 24th ACM SIGKDD international conference on knowledge discovery \& data mining},
  pages={1059--1068},
  year={2018}
}

@article{Relev,
  title={A deep look into neural ranking models for information retrieval},
  author={Guo, Jiafeng and Fan, Yixing and Pang, Liang and Yang, Liu and Ai, Qingyao and Zamani, Hamed and Wu, Chen and Croft, W Bruce and Cheng, Xueqi},
  journal={Information Processing \& Management},
  volume={57},
  number={6},
  pages={102067},
  year={2020},
  publisher={Elsevier}
}

@article{attention,
  title={Attention is all you need},
  author={Vaswani, Ashish and Shazeer, Noam and Parmar, Niki and Uszkoreit, Jakob and Jones, Llion and Gomez, Aidan N and Kaiser, {\L}ukasz and Polosukhin, Illia},
  journal={Advances in neural information processing systems},
  volume={30},
  year={2017}
}

@article{2021context,
  title={Context-aware reranking with utility maximization for recommendation},
  author={Xi, Yunjia and Liu, Weiwen and Dai, Xinyi and Tang, Ruiming and Zhang, Weinan and Liu, Qing and He, Xiuqiang and Yu, Yong},
  journal={arXiv preprint arXiv:2110.09059},
  year={2021}
}

@inproceedings{li2024deep,
  title={Deep automated mechanism design for integrating ad auction and allocation in feed},
  author={Li, Xuejian and Wang, Ze and Zhu, Bingqi and He, Fei and Wang, Yongkang and Wang, Xingxing},
  booktitle={Proceedings of the 47th International ACM SIGIR Conference on Research and Development in Information Retrieval},
  pages={1211--1220},
  year={2024}
}

@inproceedings{zhu2023confidence,
  title={Confidence ranking for CTR prediction},
  author={Zhu, Jian and Liu, Congcong and Wang, Pei and Zhao, Xiwei and Lin, Zhangang and Shao, Jingping},
  booktitle={Companion Proceedings of the ACM Web Conference 2023},
  pages={437--441},
  year={2023}
}

@inproceedings{effects, author = {Dai, Xinyi and Lin, Jianghao and Zhang, Weinan and Li, Shuai and Liu, Weiwen and Tang, Ruiming and He, Xiuqiang and Hao, Jianye and Wang, Jun and Yu, Yong}, title = {An Adversarial Imitation Click Model for Information Retrieval}, year = {2021}, isbn = {9781450383127}, publisher = {Association for Computing Machinery}, address = {New York, NY, USA}, url = {https://doi.org/10.1145/3442381.3449913}, doi = {10.1145/3442381.3449913},booktitle = {Proceedings of the Web Conference 2021}, pages = {1809–1820}, numpages = {12}, keywords = {Imitation Learning, Document Ranking, Click Model}, location = {Ljubljana, Slovenia}, series = {WWW '21} }

@article{2020relevance,
  title={Relevance constrained re-ranking in sponsored listing recommendations},
  author={Ge, Zhen and Zhou, Wei and Lute, Jesse and Ilardi, Adam},
  year={2020}
}

@article{yang2022click,
  title={Click-through rate prediction in online advertising: A literature review},
  author={Yang, Yanwu and Zhai, Panyu},
  journal={Information Processing \& Management},
  volume={59},
  number={2},
  pages={102853},
  year={2022},
  publisher={Elsevier}
}

@article{banner,
  title={How to overcome online banner blindness? A study on the effects of creativity},
  author={Yang, Qiang and Zhou, Yuanjian and Jiang, Yushi and Huo, Jiale},
  journal={Journal of Research in Interactive Marketing},
  volume={15},
  number={2},
  pages={223--242},
  year={2021},
  publisher={Emerald Publishing Limited}
}



@inproceedings{dien,
  title={Deep interest evolution network for click-through rate prediction},
  author={Zhou, Guorui and Mou, Na and Fan, Ying and Pi, Qi and Bian, Weijie and Zhou, Chang and Zhu, Xiaoqiang and Gai, Kun},
  booktitle={Proceedings of the AAAI conference on artificial intelligence},
  volume={33},
  pages={5941--5948},
  year={2019}
}

@article{monster,
  title={User behavior simulation for search result re-ranking},
  author={Zhang, Junqi and Liu, Yiqun and Mao, Jiaxin and Ma, Weizhi and Xu, Jiazheng and Ma, Shaoping and Tian, Qi},
  journal={ACM Transactions on Information Systems},
  volume={41},
  number={1},
  pages={1--35},
  year={2023},
  publisher={ACM New York, NY}
}

@article{wang,
  title={A new approach for advertising CTR prediction based on deep neural network via attention mechanism},
  author={Wang, Qianqian and Liu, Fang’ai and Xing, Shuning and Zhao, Xiaohui and others},
  journal={Computational and mathematical methods in medicine},
  volume={2018},
  year={2018},
  publisher={Hindawi}
}

@inproceedings{fangye,
  title={Enhancing CTR prediction with context-aware feature representation learning},
  author={Wang, Fangye and Wang, Yingxu and Li, Dongsheng and Gu, Hansu and Lu, Tun and Zhang, Peng and Gu, Ning},
  booktitle={Proceedings of the 45th International ACM SIGIR Conference on Research and Development in Information Retrieval},
  pages={343--352},
  year={2022}
}

@inproceedings{hou,
  title={Deep Context Interest Network for Click-Through Rate Prediction},
  author={Hou, Xuyang and Wang, Zhe and Liu, Qi and Qu, Tan and Cheng, Jia and Lei, Jun},
  booktitle={Proceedings of the 32nd ACM International Conference on Information and Knowledge Management},
  pages={3948--3952},
  year={2023}
}

@article{stec,
  title={STEC: See-Through Transformer-based Encoder for CTR Prediction},
  author={Dilbaz, Serdarcan and Saribas, Hasan},
  journal={arXiv preprint arXiv:2308.15033},
  year={2023}
}

@article{rat,
  title={RAT: Retrieval-Augmented Transformer for Click-Through Rate Prediction},
  author={Li, Yushen and Wang, Jinpeng and Dai, Tao and Zhu, Jieming and Yuan, Jun and Zhang, Rui and Xia, Shu-Tao},
  journal={arXiv preprint arXiv:2404.02249},
  year={2024}
}

@article{chapelle2014simple,
  title={Simple and scalable response prediction for display advertising},
  author={Chapelle, Olivier and Manavoglu, Eren and Rosales, Romer},
  journal={ACM Transactions on Intelligent Systems and Technology (TIST)},
  volume={5},
  number={4},
  pages={1--34},
  year={2014},
  publisher={ACM New York, NY, USA}
}

@inproceedings{chen2022extr,
  title={Extr: click-through rate prediction with externalities in e-commerce sponsored search},
  author={Chen, Chi and Chen, Hui and Zhao, Kangzhi and Zhou, Junsheng and He, Li and Deng, Hongbo and Xu, Jian and Zheng, Bo and Zhang, Yong and Xing, Chunxiao},
  booktitle={Proceedings of the 28th ACM SIGKDD Conference on Knowledge Discovery and Data Mining},
  pages={2732--2740},
  year={2022}
}

@inproceedings{ouyang2019deep,
  title={Deep spatio-temporal neural networks for click-through rate prediction},
  author={Ouyang, Wentao and Zhang, Xiuwu and Li, Li and Zou, Heng and Xing, Xin and Liu, Zhaojie and Du, Yanlong},
  booktitle={Proceedings of the 25th ACM SIGKDD International Conference on Knowledge Discovery \& Data Mining},
  pages={2078--2086},
  year={2019}
}

@article{vaswani2017attention,
  title={Attention is all you need},
  author={Vaswani, Ashish and Shazeer, Noam and Parmar, Niki and Uszkoreit, Jakob and Jones, Llion and Gomez, Aidan N and Kaiser, {\L}ukasz and Polosukhin, Illia},
  journal={Advances in neural information processing systems},
  volume={30},
  year={2017}
}  %-----------------------

@inproceedings{foulds2021investigating,
  title={Investigating the influence of ads on user search performance, behaviour, and experience during information seeking},
  author={Foulds, Olivia and Azzopardi, Leif and Halvey, Martin},
  booktitle={Proceedings of the 2021 Conference on Human Information Interaction and Retrieval},
  pages={107--117},
  year={2021}
}

@inproceedings{liu2007letor,
  title={Letor: Benchmark dataset for research on learning to rank for information retrieval},
  author={Liu, Tie-Yan and Xu, Jun and Qin, Tao and Xiong, Wenying and Li, Hang},
  booktitle={Proceedings of SIGIR 2007 workshop on learning to rank for information retrieval},
  volume={310},
  year={2007},
  organization={Citeseer}
}

@inproceedings{chapelle2011yahoo,
  title={Yahoo! learning to rank challenge overview},
  author={Chapelle, Olivier and Chang, Yi},
  booktitle={Proceedings of the learning to rank challenge},
  pages={1--24},
  year={2011},
  organization={PMLR}
}

@inproceedings{he2016ups,
  title={Ups and downs: Modeling the visual evolution of fashion trends with one-class collaborative filtering},
  author={He, Ruining and McAuley, Julian},
  booktitle={proceedings of the 25th international conference on world wide web},
  pages={507--517},
  year={2016}
}

@article{livne2020iterative,
  title={Iterative boosting deep neural networks for predicting click-through rate},
  author={Livne, Amit and Dor, Roy and Mazuz, Eyal and Didi, Tamar and Shapira, Bracha and Rokach, Lior},
  journal={arXiv preprint arXiv:2007.13087},
  year={2020}
}

@article{yi2021efficient,
  title={Efficient Click-Through Rate Prediction for Developing Countries via Tabular Learning},
  author={Yi, Joonyoung and Chang, Buru},
  journal={arXiv preprint arXiv:2104.07553},
  year={2021}
}

@inproceedings{tagami2013ctr,
  title={Ctr prediction for contextual advertising: Learning-to-rank approach},
  author={Tagami, Yukihiro and Ono, Shingo and Yamamoto, Koji and Tsukamoto, Koji and Tajima, Akira},
  booktitle={Proceedings of the Seventh International Workshop on Data Mining for Online Advertising},
  pages={1--8},
  year={2013}
}
2021context
@article{shani2011evaluating,
  title={Evaluating recommendation systems},
  author={Shani, Guy and Gunawardana, Asela},
  journal={Recommender systems handbook},
  pages={257--297},
  year={2011},
  publisher={Springer}
}

@book{huyen2022designing,
  title={Designing machine learning systems},
  author={Huyen, Chip},
  year={2022},
  publisher={" O'Reilly Media, Inc."}
}

% table transforemers:

@article{rubachev2024tabred,
  title={Tabred: A benchmark of tabular machine learning in-the-wild},
  author={Rubachev, Ivan and Kartashev, Nikolay and Gorishniy, Yury and Babenko, Artem},
  journal={arXiv preprint arXiv:2406.19380},
  year={2024}
}

@article{gorishniy2021revisiting,
  title={Revisiting deep learning models for tabular data},
  author={Gorishniy, Yury and Rubachev, Ivan and Khrulkov, Valentin and Babenko, Artem},
  journal={Advances in Neural Information Processing Systems},
  volume={34},
  pages={18932--18943},
  year={2021}
}

@article{gorishniy2023tabr,
  title={Tabr: Unlocking the power of retrieval-augmented tabular deep learning},
  author={Gorishniy, Yury and Rubachev, Ivan and Kartashev, Nikolay and Shlenskii, Daniil and Kotelnikov, Akim and Babenko, Artem},
  journal={arXiv preprint arXiv:2307.14338},
  year={2023}
}

@inproceedings{padhi2021tabular,
  title={Tabular transformers for modeling multivariate time series},
  author={Padhi, Inkit and Schiff, Yair and Melnyk, Igor and Rigotti, Mattia and Mroueh, Youssef and Dognin, Pierre and Ross, Jerret and Nair, Ravi and Altman, Erik},
  booktitle={ICASSP 2021-2021 IEEE International Conference on Acoustics, Speech and Signal Processing (ICASSP)},
  pages={3565--3569},
  year={2021},
  organization={IEEE}
}


@article{somepalli2021saint,
  title={Saint: Improved neural networks for tabular data via row attention and contrastive pre-training},
  author={Somepalli, Gowthami and Goldblum, Micah and Schwarzschild, Avi and Bruss, C Bayan and Goldstein, Tom},
  journal={arXiv preprint arXiv:2106.01342},
  year={2021}
}

@inproceedings{TAPAS,
  title={TaPas: Weakly Supervised Table Parsing via Pre-training},
  author={Dan Jurafsky and Joyce Chai and Natalie Schluter and Joel Tetreault},
  booktitle={Proceedings of the 58th Annual Meeting of the Association for Computational Linguistics},
  year={2020}
}

@inproceedings{arik2021tabnet,
  title={Tabnet: Attentive interpretable tabular learning},
  author={Arik, Sercan {\"O} and Pfister, Tomas},
  booktitle={Proceedings of the AAAI conference on artificial intelligence},
  volume={35},
  pages={6679--6687},
  year={2021}
}
% -----------------------------

@article{devlin2018bert,
  title={Bert: Pre-training of deep bidirectional transformers for language understanding},
  author={Devlin, Jacob and Chang, Ming-Wei and Lee, Kenton and Toutanova, Kristina},
  journal={arXiv preprint arXiv:1810.04805},
  year={2018}
}

% CTR * Visibility:
@inproceedings{aggarwal2008sponsored,
  title={Sponsored search auctions with markovian users},
  author={Aggarwal, Gagan and Feldman, Jon and Muthukrishnan, Shanmugavelayutham and P{\'a}l, Martin},
  booktitle={International Workshop on Internet and Network Economics},
  pages={621--628},
  year={2008},
  organization={Springer}
}

@inproceedings{GAUC,
  title={Optimized cost per click in taobao display advertising},
  author={Zhu, Han and Jin, Junqi and Tan, Chang and Pan, Fei and Zeng, Yifan and Li, Han and Gai, Kun},
  booktitle={Proceedings of the 23rd ACM SIGKDD international conference on knowledge discovery and data mining},
  pages={2191--2200},
  year={2017}
}

% review E-commerce to intro
@article{madanchian2024impact,
  title={The Impact of Artificial Intelligence Marketing on E-Commerce Sales},
  author={Madanchian, Mitra},
  journal={Systems},
  volume={12},
  number={10},
  pages={429},
  year={2024},
  publisher={MDPI}
}

% GBDTisAllWeNeed:
@article{gao2024gbdt4ctrvis,
  title={GBDT4CTRVis: visual analytics of gradient boosting decision tree for advertisement click-through rate prediction},
  author={Gao, Wenwen and Liu, Shangsong and Zhou, Yi and Wang, Fengjie and Zhou, Feng and Zhu, Min},
  journal={Journal of Visualization},
  pages={1--21},
  year={2024},
  publisher={Springer}
}

@article{chen2024branches,
  title={Branches, Assemble! Multi-Branch Cooperation Network for Large-Scale Click-Through Rate Prediction at Taobao},
  author={Chen, Xu and Cheng, Zida and Pan, Yuangang and Xiao, Shuai and Liu, Xiaoming and Lan, Jinsong and Liu, Qingwen and Tsang, Ivor W},
  journal={arXiv preprint arXiv:2411.13057},
  year={2024}
}
%%%%%%%%%%%%

@inproceedings{xu2021disentangled,
  title={Disentangled self-attentive neural networks for click-through rate prediction},
  author={Xu, Yichen and Zhu, Yanqiao and Yu, Feng and Liu, Qiang and Wu, Shu},
  booktitle={Proceedings of the 30th ACM international conference on information \& knowledge management},
  pages={3553--3557},
  year={2021}
}

@article{friedman2001greedy,
  title={Greedy function approximation: a gradient boosting machine},
  author={Friedman, Jerome H},
  journal={Annals of statistics},
  pages={1189--1232},
  year={2001},
  publisher={JSTOR}
}

%Not contexted reranking models
@inproceedings{pei2019value,
  title={Value-aware recommendation based on reinforcement profit maximization},
  author={Pei, Changhua and Yang, Xinru and Cui, Qing and Lin, Xiao and Sun, Fei and Jiang, Peng and Ou, Wenwu and Zhang, Yongfeng},
  booktitle={The World Wide Web Conference},
  pages={3123--3129},
  year={2019}
}

@article{malthouse2019algorithm,
  title={An algorithm for allocating sponsored recommendations and content: Unifying programmatic advertising and recommender systems},
  author={Malthouse, Edward C and Hessary, Yasaman Kamyab and Vakeel, Khadija Ali and Burke, Robin and Fuduri{\'c}, Morana},
  journal={Journal of Advertising},
  volume={48},
  number={4},
  pages={366--379},
  year={2019},
  publisher={Taylor \& Francis}
}

@article{kompan2021exploring,
  title={Exploring customer price preference and product profit role in recommender systems},
  author={Kompan, Michal and Gaspar, Peter and Macina, Jakub and Cimerman, Matus and Bielikova, Maria},
  journal={IEEE Intelligent Systems},
  volume={37},
  number={1},
  pages={89--98},
  year={2021},
  publisher={IEEE}
}

@article{chen2008developing,
  title={Developing recommender systems with the consideration of product profitability for sellers},
  author={Chen, Long-Sheng and Hsu, Fei-Hao and Chen, Mu-Chen and Hsu, Yuan-Chia},
  journal={Information sciences},
  volume={178},
  number={4},
  pages={1032--1048},
  year={2008},
  publisher={Elsevier}
}

@inproceedings{azaria2013movie,
author = {Azaria, Amos and Hassidim, Avinatan and Kraus, Sarit and Eshkol, Adi and Weintraub, Ofer and Netanely, Irit},
title = {Movie recommender system for profit maximization},
year = {2013},
isbn = {9781450324090},
publisher = {Association for Computing Machinery},
address = {New York, NY, USA},
url = {https://doi.org/10.1145/2507157.2507162},
doi = {10.1145/2507157.2507162},
booktitle = {Proceedings of the 7th ACM Conference on Recommender Systems},
pages = {121–128},
numpages = {8},
keywords = {human modeling, movies, recommender systems},
location = {Hong Kong, China},
series = {RecSys '13}
}
@article{de2024model,
  title={Model-based approaches to profit-aware recommendation},
  author={De Biasio, Alvise and Jannach, Dietmar and Navarin, Nicol{\`o}},
  journal={Expert Systems with Applications},
  volume={249},
  pages={123642},
  year={2024},
  publisher={Elsevier}
}

@inproceedings{lin2019pareto,
  title={A pareto-efficient algorithm for multiple objective optimization in e-commerce recommendation},
  author={Lin, Xiao and Chen, Hongjie and Pei, Changhua and Sun, Fei and Xiao, Xuanji and Sun, Hanxiao and Zhang, Yongfeng and Ou, Wenwu and Jiang, Peng},
  booktitle={Proceedings of the 13th ACM Conference on recommender systems},
  pages={20--28},
  year={2019}
}

@article{katrutsa2020follow,
  title={Follow the bisector: a simple method for multi-objective optimization},
  author={Katrutsa, Alexandr and Merkulov, Daniil and Tursynbek, Nurislam and Oseledets, Ivan},
  journal={arXiv preprint arXiv:2007.06937},
  year={2020}
}

@inproceedings{min2022neighbour,
  title={Neighbour interaction based click-through rate prediction via graph-masked transformer},
  author={Min, Erxue and Rong, Yu and Xu, Tingyang and Bian, Yatao and Luo, Da and Lin, Kangyi and Huang, Junzhou and Ananiadou, Sophia and Zhao, Peilin},
  booktitle={Proceedings of the 45th International ACM SIGIR Conference on Research and Development in Information Retrieval},
  pages={353--362},
  year={2022}
}

@book{james2013introduction,
  title={An introduction to statistical learning},
  author={James, Gareth and Witten, Daniela and Hastie, Trevor and Tibshirani, Robert and others},
  volume={112},
  year={2013},
  publisher={Springer}
}

@inproceedings{gusak2022survey,
  title={Survey on Efficient Training of Large Neural Networks.},
  author={Gusak, Julia and Cherniuk, Daria and Shilova, Alena and Katrutsa, Alexandr and Bershatsky, Daniel and Zhao, Xunyi and Eyraud-Dubois, Lionel and Shliazhko, Oleh and Dimitrov, Denis and Oseledets, Ivan V and others},
  booktitle={IJCAI},
  pages={5494--5501},
  year={2022}
}

@inproceedings{zheng2022implicit,
  title={Implicit User Awareness Modeling via Candidate Items for CTR Prediction in Search Ads},
  author={Zheng, Kaifu and Wang, Lu and Li, Yu and Chen, Xusong and Liu, Hu and Lu, Jing and Zhao, Xiwei and Peng, Changping and Lin, Zhangang and Shao, Jingping},
  booktitle={Proceedings of the ACM Web Conference 2022},
  pages={246--255},
  year={2022}
}

@inproceedings{zhu2021open,
  title={Open benchmarking for click-through rate prediction},
  author={Zhu, Jieming and Liu, Jinyang and Yang, Shuai and Zhang, Qi and He, Xiuqiang},
  booktitle={Proceedings of the 30th ACM international conference on information \& knowledge management},
  pages={2759--2769},
  year={2021}
}

@inproceedings{wang2013theoretical,
  title={A theoretical analysis of NDCG type ranking measures},
  author={Wang, Yining and Wang, Liwei and Li, Yuanzhi and He, Di and Liu, Tie-Yan},
  booktitle={Conference on learning theory},
  pages={25--54},
  year={2013},
  organization={PMLR}
}