@article{centernet,
  title={Objects as points},
  author={Zhou, Xingyi and Wang, Dequan and Kr{\"a}henb{\"u}hl, Philipp},
  journal={arXiv preprint arXiv:1904.07850},
  year={2019}
}

@article{chen2021mt,
  title={MT-TransUNet: Mediating multi-task tokens in transformers for skin lesion segmentation and classification},
  author={Chen, Jingye and Chen, Jieneng and Zhou, Zongwei and Li, Bin and Yuille, Alan and Lu, Yongyi},
  journal={arXiv preprint arXiv:2112.01767},
  year={2021}
}

@inproceedings{dtc,
  title={Semi-supervised medical image segmentation through dual-task consistency},
  author={Luo, Xiangde and Chen, Jieneng and Song, Tao and Wang, Guotai},
  booktitle={Proceedings of the AAAI conference on artificial intelligence},
  volume={35},
  number={10},
  pages={8801--8809},
  year={2021}
}

@article{hagerty2019deep,
  title={Deep learning and handcrafted method fusion: higher diagnostic accuracy for melanoma dermoscopy images},
  author={Hagerty, Jason R and Stanley, R Joe and Almubarak, Haidar A and Lama, Norsang and Kasmi, Reda and Guo, Peng and Drugge, Rhett J and Rabinovitz, Harold S and Oliviero, Margaret and Stoecker, William V},
  journal={IEEE journal of biomedical and health informatics},
  volume={23},
  number={4},
  pages={1385--1391},
  year={2019},
  publisher={IEEE}
}

@article{hemalatha2018active,
  title={Active contour based segmentation techniques for medical image analysis},
  author={Hemalatha, R and Thamizhvani, T and Dhivya, A Josephin Arockia and Joseph, Josline Elsa and Babu, Bincy and Chandrasekaran, R},
  journal={Medical and Biological Image Analysis},
  volume={4},
  number={17},
  pages={2},
  year={2018},
  publisher={IntechOpen London, UK}
}

@article{mb_dcnn,
  title={A mutual bootstrapping model for automated skin lesion segmentation and classification},
  author={Xie, Yutong and Zhang, Jianpeng and Xia, Yong and Shen, Chunhua},
  journal={IEEE transactions on medical imaging},
  volume={39},
  number={7},
  pages={2482--2493},
  year={2020},
  publisher={IEEE}
}

@inproceedings{mirikharaji2018star,
  title={Star shape prior in fully convolutional networks for skin lesion segmentation},
  author={Mirikharaji, Zahra and Hamarneh, Ghassan},
  booktitle={Medical Image Computing and Computer Assisted Intervention--MICCAI 2018: 21st International Conference, Granada, Spain, September 16-20, 2018, Proceedings, Part IV 11},
  pages={737--745},
  year={2018},
  organization={Springer}
}

@article{nasr2019dense,
  title={Dense pooling layers in fully convolutional network for skin lesion segmentation},
  author={Nasr-Esfahani, Ebrahim and Rafiei, Shima and Jafari, Mohammad H and Karimi, Nader and Wrobel, James S and Samavi, Shadrokh and Soroushmehr, SM Reza},
  journal={Computerized Medical Imaging and Graphics},
  volume={78},
  pages={101658},
  year={2019},
  publisher={Elsevier}
}

@article{ravichandran2009color,
  title={Color skin segmentation using k-means cluster},
  author={Ravichandran, KS and Ananthi, B},
  journal={International Journal of Computational and Applied Mathematics},
  volume={4},
  number={2},
  pages={153--158},
  year={2009},
  publisher={Research India Publications}
}

@inproceedings{robust,
  title={Robust learning through cross-task consistency},
  author={Zamir, Amir R and Sax, Alexander and Cheerla, Nikhil and Suri, Rohan and Cao, Zhangjie and Malik, Jitendra and Guibas, Leonidas J},
  booktitle={Proceedings of the IEEE/CVF conference on computer vision and pattern recognition},
  pages={11197--11206},
  year={2020}
}

@article{vit,
  title={An image is worth 16x16 words: Transformers for image recognition at scale},
  author={Dosovitskiy, Alexey and Beyer, Lucas and Kolesnikov, Alexander and Weissenborn, Dirk and Zhai, Xiaohua and Unterthiner, Thomas and Dehghani, Mostafa and Minderer, Matthias and Heigold, Georg and Gelly, Sylvain and others},
  journal={arXiv preprint arXiv:2010.11929},
  year={2020}
}

@inproceedings{yogarajah2010dynamic,
  title={A dynamic threshold approach for skin segmentation in color images},
  author={Yogarajah, Pratheepan and Condell, Joan and Curran, Kevin and Cheddad, Abbas and McKevitt, Paul},
  booktitle={2010 IEEE International Conference on Image Processing},
  pages={2225--2228},
  year={2010},
  organization={IEEE}
}

@article{yu2016automated,
  title={Automated melanoma recognition in dermoscopy images via very deep residual networks},
  author={Yu, Lequan and Chen, Hao and Dou, Qi and Qin, Jing and Heng, Pheng-Ann},
  journal={IEEE transactions on medical imaging},
  volume={36},
  number={4},
  pages={994--1004},
  year={2016},
  publisher={IEEE}
}

@inproceedings{zhang2018skin,
  title={Skin lesion classification in dermoscopy images using synergic deep learning},
  author={Zhang, Jianpeng and Xie, Yutong and Wu, Qi and Xia, Yong},
  booktitle={Medical Image Computing and Computer Assisted Intervention--MICCAI 2018: 21st International Conference, Granada, Spain, September 16-20, 2018, Proceedings, Part II 11},
  pages={12--20},
  year={2018},
  organization={Springer}
}

