% Use this file for citations not found in the ACL Anthology (contained in "anthology.bib").
@article{peng2024jailbreaking,
  title={Jailbreaking and mitigation of vulnerabilities in large language models},
  author={Peng, Benji and Bi, Ziqian and Niu, Qian and Liu, Ming and Feng, Pohsun and Wang, Tianyang and Yan, Lawrence KQ and Wen, Yizhu and Zhang, Yichao and Yin, Caitlyn Heqi},
  journal={arXiv preprint arXiv:2410.15236},
  year={2024}
}
@article{yao2023react,
  title={ReAct: synergizing reasoning and acting in language models (2022)},
  author={Yao, Shunyu and Zhao, Jeffrey and Yu, Dian and Du, Nan and Shafran, Izhak and Narasimhan, Karthik and Cao, Yuan},
  journal={arXiv preprint arXiv:2210.03629},
  year={2023}
}
@inproceedings{zhang2023groundialog,
  title={GrounDialog: A Dataset for Repair and Grounding in Task-oriented Spoken Dialogues for Language Learning},
  author={Zhang, Xuanming and Divekar, Rahul and Ubale, Rutuja and Yu, Zhou},
  booktitle={Proceedings of the 18th Workshop on Innovative Use of NLP for Building Educational Applications (BEA 2023)},
  pages={300--314},
  year={2023}
}
@article{wan2024deep,
  title={Deep Learning for Code Intelligence: Survey, Benchmark and Toolkit},
  author={Wan, Yao and Bi, Zhangqian and He, Yang and Zhang, Jianguo and Zhang, Hongyu and Sui, Yulei and Xu, Guandong and Jin, Hai and Yu, Philip},
  journal={ACM Computing Surveys},
  year={2024},
  publisher={ACM New York, NY}
}
@article{huang2024survey,
  title={A survey on hallucination in large language models: Principles, taxonomy, challenges, and open questions},
  author={Huang, Lei and Yu, Weijiang and Ma, Weitao and Zhong, Weihong and Feng, Zhangyin and Wang, Haotian and Chen, Qianglong and Peng, Weihua and Feng, Xiaocheng and Qin, Bing and others},
  journal={ACM Transactions on Information Systems},
  year={2024},
  publisher={ACM New York, NY}
}
@article{nguyen2024dynasaur,
  title   = {DynaSaur: Large Language Agents Beyond Predefined Actions},
  author  = {Dang Nguyen and Viet Dac Lai and Seunghyun Yoon and Ryan A. Rossi and Handong Zhao and Ruiyi Zhang and Puneet Mathur and Nedim Lipka and Yu Wang and Trung Bui and Franck Dernoncourt and Tianyi Zhou},
  year    = {2024},
  journal = {arXiv preprint arXiv:2411.01747}
}
@article{shen2024hugginggpt,
  title={Hugginggpt: Solving ai tasks with chatgpt and its friends in hugging face},
  author={Shen, Yongliang and Song, Kaitao and Tan, Xu and Li, Dongsheng and Lu, Weiming and Zhuang, Yueting},
  journal={Advances in Neural Information Processing Systems},
  volume={36},
  year={2024}
}
@inproceedings{gupta2023visual,
  title={Visual programming: Compositional visual reasoning without training},
  author={Gupta, Tanmay and Kembhavi, Aniruddha},
  booktitle={Proceedings of the IEEE/CVF Conference on Computer Vision and Pattern Recognition},
  pages={14953--14962},
  year={2023}
}
@article{qian2023creator,
  title={Creator: Tool creation for disentangling abstract and concrete reasoning of large language models},
  author={Qian, Cheng and Han, Chi and Fung, Yi R and Qin, Yujia and Liu, Zhiyuan and Ji, Heng},
  journal={arXiv preprint arXiv:2305.14318},
  year={2023}
}
@article{gan2024clarq,
  title={ClarQ-LLM: A Benchmark for Models Clarifying and Requesting Information in Task-Oriented Dialog},
  author={Gan, Yujian and Li, Changling and Xie, Jinxia and Wen, Luou and Purver, Matthew and Poesio, Massimo},
  journal={arXiv preprint arXiv:2409.06097},
  year={2024}
}
@article{li2024mediq,
  title={MEDIQ: Question-Asking LLMs for Adaptive and Reliable Clinical Reasoning},
  author={Li, Shuyue Stella and Balachandran, Vidhisha and Feng, Shangbin and Ilgen, Jonathan and Pierson, Emma and Koh, Pang Wei and Tsvetkov, Yulia},
  journal={CoRR},
  year={2024}
}
@article{feng2023towards,
  title={Towards asking clarification questions for information seeking on task-oriented dialogues},
  author={Feng, Yue and Rahmani, Hossein A and Lipani, Aldo and Yilmaz, Emine},
  journal={arXiv preprint arXiv:2305.13690},
  year={2023}
}
@article{saeidi2018interpretation,
  title={Interpretation of natural language rules in conversational machine reading},
  author={Saeidi, Marzieh and Bartolo, Max and Lewis, Patrick and Singh, Sameer and Rockt{\"a}schel, Tim and Sheldon, Mike and Bouchard, Guillaume and Riedel, Sebastian},
  journal={arXiv preprint arXiv:1809.01494},
  year={2018}
}
@article{toles2023good,
  title={Alexpaca: Learning Factual Clarification Question Generation Without Examples
},
  author={Toles, Matthew and Huang, Yukun and Yu, Zhou and Gravano, Luis},
  journal={arXiv preprint arXiv:2310.11571},
  year={2023}
}
@article{min2020ambigqa,
  title={AmbigQA: Answering ambiguous open-domain questions},
  author={Min, Sewon and Michael, Julian and Hajishirzi, Hannaneh and Zettlemoyer, Luke},
  journal={arXiv preprint arXiv:2004.10645},
  year={2020}
}
@article{he2018decoupling,
  title={Decoupling strategy and generation in negotiation dialogues},
  author={He, He and Chen, Derek and Balakrishnan, Anusha and Liang, Percy},
  journal={arXiv preprint arXiv:1808.09637},
  year={2018}
}
@inproceedings{gur2018user,
  title={User modeling for task oriented dialogues},
  author={G{\"u}r, Izzeddin and Hakkani-T{\"u}r, Dilek and T{\"u}r, Gokhan and Shah, Pararth},
  booktitle={2018 IEEE Spoken Language Technology Workshop (SLT)},
  pages={900--906},
  year={2018},
  organization={IEEE}
}
@article{laurent1976constructing,
  title={Constructing optimal binary decision trees is NP-complete},
  author={Laurent, Hyafil and Rivest, Ronald L},
  journal={Information processing letters},
  volume={5},
  number={1},
  pages={15--17},
  year={1976}
}
@online{turbotax,
  author       = {Intuit, inc.},
  title        = {TurboTax\textsuperscript{\textregistered}Official Site},
  year         = {2025},
  url          = {https://turbotax.intuit.com/},
  urldate      = {2025-01-23},
}
@article{budzianowski2018multiwoz,
  title={Multiwoz--a large-scale multi-domain wizard-of-oz dataset for task-oriented dialogue modelling},
  author={Budzianowski, Pawe{\l} and Wen, Tsung-Hsien and Tseng, Bo-Hsiang and Casanueva, Inigo and Ultes, Stefan and Ramadan, Osman and Ga{\v{s}}i{\'c}, Milica},
  journal={arXiv preprint arXiv:1810.00278},
  year={2018}
}
@article{andreas2020task,
  title={Task-oriented dialogue as dataflow synthesis},
  author={Andreas, Jacob and Bufe, John and Burkett, David and Chen, Charles and Clausman, Josh and Crawford, Jean and Crim, Kate and DeLoach, Jordan and Dorner, Leah and Eisner, Jason and others},
  journal={Transactions of the Association for Computational Linguistics},
  volume={8},
  pages={556--571},
  year={2020},
  publisher={MIT Press One Rogers Street, Cambridge, MA 02142-1209, USA journals-info~â€¦}
}
@article{chiu2023symbolic,
  title={Symbolic Planning and Code Generation for Grounded Dialogue},
  author={Chiu, Justin T and Zhao, Wenting and Chen, Derek and Vaduguru, Saujas and Rush, Alexander M and Fried, Daniel},
  journal={arXiv preprint arXiv:2310.17140},
  year={2023}
}
@inproceedings{suris2023vipergpt,
  title={Vipergpt: Visual inference via python execution for reasoning},
  author={Sur{\'\i}s, D{\'\i}dac and Menon, Sachit and Vondrick, Carl},
  booktitle={Proceedings of the IEEE/CVF International Conference on Computer Vision},
  pages={11888--11898},
  year={2023}
}
@online{nycopendata,
  author       = {New York City},
  title        = {NYC Benefits Platform: Benefits and Programs Dataset},
  year         = {2025},
  url          = {https://data.cityofnewyork.us/Social-Services/NYC-Benefits-Platform-Benefits-and-Programs-Datase/kvhd-5fmu/about_data},
  urldate      = {2025-01-23},
}

@article{wei2022chain,
  title={Chain-of-thought prompting elicits reasoning in large language models},
  author={Wei, Jason and Wang, Xuezhi and Schuurmans, Dale and Bosma, Maarten and Xia, Fei and Chi, Ed and Le, Quoc V and Zhou, Denny and others},
  journal={Advances in neural information processing systems},
  volume={35},
  pages={24824--24837},
  year={2022}
}

%%% EXAMPLES %%%

@online{example,
  author       = {Author Name},
  title        = {Title of the Webpage},
  year         = {2025},
  url          = {https://example.com},
  urldate      = {2025-01-23},
}


@book{Aho:72,
    author  = {Alfred V. Aho and Jeffrey D. Ullman},
    title   = {The Theory of Parsing, Translation and Compiling},
    year    = "1972",
    volume  = "1",
    publisher = {Prentice-Hall},
    address = {Englewood Cliffs, NJ}
}

@book{APA:83,
    author  = {{American Psychological Association}},
    title   = {Publications Manual},
    year    = "1983",
    publisher = {American Psychological Association},
    address = {Washington, DC}
}

@article{Chandra:81,
	author = {Ashok K. Chandra and Dexter C. Kozen and Larry J. Stockmeyer},
	year = "1981",
	title = {Alternation},
	journal = {Journal of the Association for Computing Machinery},
	volume = "28",
	number = "1",
	pages = "114--133",
	doi = "10.1145/322234.322243",
}

@inproceedings{andrew2007scalable,
  title={Scalable training of {L1}-regularized log-linear models},
  author={Andrew, Galen and Gao, Jianfeng},
  booktitle={Proceedings of the 24th International Conference on Machine Learning},
  pages={33--40},
  year={2007},
}

@book{Gusfield:97,
    author  = {Dan Gusfield},
    title   = {Algorithms on Strings, Trees and Sequences},
    year    = "1997",
    publisher = {Cambridge University Press},
    address = {Cambridge, UK}
}

@article{rasooli-tetrault-2015,
    author    = {Mohammad Sadegh Rasooli and Joel R. Tetreault},
    title     = {Yara Parser: {A} Fast and Accurate Dependency Parser},
    journal   = {Computing Research Repository},
    volume    = {arXiv:1503.06733},
    year      = {2015},
    url       = {http://arxiv.org/abs/1503.06733},
    note    = {version 2}
}

@article{Ando2005,
	Acmid = {1194905},
	Author = {Ando, Rie Kubota and Zhang, Tong},
	Issn = {1532-4435},
	Issue_Date = {12/1/2005},
	Journal = {Journal of Machine Learning Research},
	Month = dec,
	Numpages = {37},
	Pages = {1817--1853},
	Publisher = {JMLR.org},
	Title = {A Framework for Learning Predictive Structures from Multiple Tasks and Unlabeled Data},
	Volume = {6},
	Year = {2005}
}
