@article{andreas2020task,
  title={Task-oriented dialogue as dataflow synthesis},
  author={Andreas, Jacob and Bufe, John and Burkett, David and Chen, Charles and Clausman, Josh and Crawford, Jean and Crim, Kate and DeLoach, Jordan and Dorner, Leah and Eisner, Jason and others},
  journal={Transactions of the Association for Computational Linguistics},
  volume={8},
  pages={556--571},
  year={2020},
  publisher={MIT Press One Rogers Street, Cambridge, MA 02142-1209, USA journals-info~â€¦}
}

@article{budzianowski2018multiwoz,
  title={Multiwoz--a large-scale multi-domain wizard-of-oz dataset for task-oriented dialogue modelling},
  author={Budzianowski, Pawe{\l} and Wen, Tsung-Hsien and Tseng, Bo-Hsiang and Casanueva, Inigo and Ultes, Stefan and Ramadan, Osman and Ga{\v{s}}i{\'c}, Milica},
  journal={arXiv preprint arXiv:1810.00278},
  year={2018}
}

@article{chiu2023symbolic,
  title={Symbolic Planning and Code Generation for Grounded Dialogue},
  author={Chiu, Justin T and Zhao, Wenting and Chen, Derek and Vaduguru, Saujas and Rush, Alexander M and Fried, Daniel},
  journal={arXiv preprint arXiv:2310.17140},
  year={2023}
}

@article{feng2023towards,
  title={Towards asking clarification questions for information seeking on task-oriented dialogues},
  author={Feng, Yue and Rahmani, Hossein A and Lipani, Aldo and Yilmaz, Emine},
  journal={arXiv preprint arXiv:2305.13690},
  year={2023}
}

@article{gan2024clarq,
  title={ClarQ-LLM: A Benchmark for Models Clarifying and Requesting Information in Task-Oriented Dialog},
  author={Gan, Yujian and Li, Changling and Xie, Jinxia and Wen, Luou and Purver, Matthew and Poesio, Massimo},
  journal={arXiv preprint arXiv:2409.06097},
  year={2024}
}

@inproceedings{gupta2023visual,
  title={Visual programming: Compositional visual reasoning without training},
  author={Gupta, Tanmay and Kembhavi, Aniruddha},
  booktitle={Proceedings of the IEEE/CVF Conference on Computer Vision and Pattern Recognition},
  pages={14953--14962},
  year={2023}
}

@inproceedings{gur2018user,
  title={User modeling for task oriented dialogues},
  author={G{\"u}r, Izzeddin and Hakkani-T{\"u}r, Dilek and T{\"u}r, Gokhan and Shah, Pararth},
  booktitle={2018 IEEE Spoken Language Technology Workshop (SLT)},
  pages={900--906},
  year={2018},
  organization={IEEE}
}

@article{he2018decoupling,
  title={Decoupling strategy and generation in negotiation dialogues},
  author={He, He and Chen, Derek and Balakrishnan, Anusha and Liang, Percy},
  journal={arXiv preprint arXiv:1808.09637},
  year={2018}
}

@article{li2024mediq,
  title={MEDIQ: Question-Asking LLMs for Adaptive and Reliable Clinical Reasoning},
  author={Li, Shuyue Stella and Balachandran, Vidhisha and Feng, Shangbin and Ilgen, Jonathan and Pierson, Emma and Koh, Pang Wei and Tsvetkov, Yulia},
  journal={CoRR},
  year={2024}
}

@article{min2020ambigqa,
  title={AmbigQA: Answering ambiguous open-domain questions},
  author={Min, Sewon and Michael, Julian and Hajishirzi, Hannaneh and Zettlemoyer, Luke},
  journal={arXiv preprint arXiv:2004.10645},
  year={2020}
}

@article{nguyen2024dynasaur,
  title   = {DynaSaur: Large Language Agents Beyond Predefined Actions},
  author  = {Dang Nguyen and Viet Dac Lai and Seunghyun Yoon and Ryan A. Rossi and Handong Zhao and Ruiyi Zhang and Puneet Mathur and Nedim Lipka and Yu Wang and Trung Bui and Franck Dernoncourt and Tianyi Zhou},
  year    = {2024},
  journal = {arXiv preprint arXiv:2411.01747}
}

@article{qian2023creator,
  title={Creator: Tool creation for disentangling abstract and concrete reasoning of large language models},
  author={Qian, Cheng and Han, Chi and Fung, Yi R and Qin, Yujia and Liu, Zhiyuan and Ji, Heng},
  journal={arXiv preprint arXiv:2305.14318},
  year={2023}
}

@article{saeidi2018interpretation,
  title={Interpretation of natural language rules in conversational machine reading},
  author={Saeidi, Marzieh and Bartolo, Max and Lewis, Patrick and Singh, Sameer and Rockt{\"a}schel, Tim and Sheldon, Mike and Bouchard, Guillaume and Riedel, Sebastian},
  journal={arXiv preprint arXiv:1809.01494},
  year={2018}
}

@article{shen2024hugginggpt,
  title={Hugginggpt: Solving ai tasks with chatgpt and its friends in hugging face},
  author={Shen, Yongliang and Song, Kaitao and Tan, Xu and Li, Dongsheng and Lu, Weiming and Zhuang, Yueting},
  journal={Advances in Neural Information Processing Systems},
  volume={36},
  year={2024}
}

@inproceedings{suris2023vipergpt,
  title={Vipergpt: Visual inference via python execution for reasoning},
  author={Sur{\'\i}s, D{\'\i}dac and Menon, Sachit and Vondrick, Carl},
  booktitle={Proceedings of the IEEE/CVF International Conference on Computer Vision},
  pages={11888--11898},
  year={2023}
}

@article{toles2023good,
  title={Alexpaca: Learning Factual Clarification Question Generation Without Examples
},
  author={Toles, Matthew and Huang, Yukun and Yu, Zhou and Gravano, Luis},
  journal={arXiv preprint arXiv:2310.11571},
  year={2023}
}

@inproceedings{zhang2023groundialog,
  title={GrounDialog: A Dataset for Repair and Grounding in Task-oriented Spoken Dialogues for Language Learning},
  author={Zhang, Xuanming and Divekar, Rahul and Ubale, Rutuja and Yu, Zhou},
  booktitle={Proceedings of the 18th Workshop on Innovative Use of NLP for Building Educational Applications (BEA 2023)},
  pages={300--314},
  year={2023}
}

