@misc{Chung2020,
      title={Multi-agent Reinforcement Learning Accelerated MCMC on Multiscale Inversion Problem}, 
      author={Eric Chung and Yalchin Efendiev and Wing Tat Leung and Sai-Mang Pun and Zecheng Zhang},
      year={2020},
      eprint={2011.08954},
      archivePrefix={arXiv},
      primaryClass={cs.LG},
      url={https://arxiv.org/abs/2011.08954}, 
}

@misc{Depthfirstlearning2019,
  author = {{Depth First Learning}},
  title = {Stein’s Method in Reinforcement Learning: Week 06 Notes},
  year = {2019},
  howpublished = {\url{https://www.depthfirstlearning.com/assets/svgd_notes/week06.pdf}},
  url = {https://www.depthfirstlearning.com/assets/svgd_notes/week06.pdf}
}

@inproceedings{Devidze2021,
 author = {Devidze, Rati and Radanovic, Goran and Kamalaruban, Parameswaran and Singla, Adish},
 booktitle = {Advances in Neural Information Processing Systems},
 editor = {M. Ranzato and A. Beygelzimer and Y. Dauphin and P.S. Liang and J. Wortman Vaughan},
 pages = {20118--20131},
 publisher = {Curran Associates, Inc.},
 title = {Explicable Reward Design for Reinforcement Learning Agents},
 url = {https://proceedings.neurips.cc/paper_files/paper/2021/file/a7f0d2b95c60161b3f3c82f764b1d1c9-Paper.pdf},
 volume = {34},
 year = {2021}
}

@book{Devroye1986,
  author       = {Luc Devroye},
  title        = {Non-Uniform Random Variate Generation},
  year         = {1986},
  publisher    = {Springer-Verlag},
  address      = {New York},
}

@book{Doucet2001,
  author       = {Arnaud Doucet and Nando de Freitas and Neil Gordon},
  title        = {Sequential Monte Carlo Methods in Practice},
  year         = {2001},
  publisher    = {Springer},
  address      = {New York},
}

@article{Duane1987,
  author       = {Simon Duane and A. D. Kennedy and B. J. Pendleton and D. Roweth},
  title        = {Hybrid Monte Carlo},
  journal      = {Physics Letters B},
  volume       = {195},
  number       = {2},
  pages        = {216--222},
  year         = {1987},
  doi          = {10.1016/0370-2693(87)91197-X},
}

@article{Geman1984,
  author       = {Stuart Geman and Donald Geman},
  title        = {Stochastic Relaxation, Gibbs Distributions, and the Bayesian Restoration of Images},
  journal      = {IEEE Transactions on Pattern Analysis and Machine Intelligence},
  volume       = {PAMI-6},
  number       = {6},
  pages        = {721--741},
  year         = {1984},
  doi          = {10.1109/TPAMI.1984.4767596},
}

@incollection{Kahn1949,
  author       = {Herman Kahn and Theodore E. Harris},
  title        = {Estimation of Particle Transmission by Random Sampling},
  booktitle    = {Monte Carlo Method},
  series       = {Applied Mathematics Series},
  volume       = {12},
  pages        = {27--30},
  year         = {1949},
  publisher    = {National Bureau of Standards},
}

@inproceedings{Liu2016SVGD,
author = {Liu, Qiang and Wang, Dilin},
title = {Stein variational Gradient descent: a general purpose Bayesian inference algorithm},
year = {2016},
isbn = {9781510838819},
publisher = {Curran Associates Inc.},
address = {Red Hook, NY, USA},
booktitle = {Proceedings of the 30th International Conference on Neural Information Processing Systems},
pages = {2378–2386},
numpages = {9},
location = {Barcelona, Spain},
series = {NIPS'16}
}

@misc{Ma2024,
      title={Highly Efficient Self-Adaptive Reward Shaping for Reinforcement Learning}, 
      author={Haozhe Ma and Zhengding Luo and Thanh Vinh Vo and Kuankuan Sima and Tze-Yun Leong},
      year={2024},
      eprint={2408.03029},
      archivePrefix={arXiv},
      primaryClass={cs.LG},
      url={https://arxiv.org/abs/2408.03029}, 
}

@article{Metropolis1953,
  author       = {Nicholas Metropolis and Arianna W. Rosenbluth and Marshall N. Rosenbluth and Augusta H. Teller and Edward Teller},
  title        = {Equation of State Calculations by Fast Computing Machines},
  journal      = {The Journal of Chemical Physics},
  volume       = {21},
  number       = {6},
  pages        = {1087--1092},
  year         = {1953},
  doi          = {10.1063/1.1699114},
}

@article{Neal2003,
  author       = {Radford M. Neal},
  title        = {Slice sampling},
  journal      = {Annals of Statistics},
  volume       = {31},
  number       = {3},
  pages        = {705-767},
  year         = {2003},
  month        = {6},
  doi          = {10.1214/aos/1056562461},
}

@inproceedings{Ng2000,
author = {Ng, Andrew Y. and Russell, Stuart J.},
title = {Algorithms for Inverse Reinforcement Learning},
year = {2000},
isbn = {1558607072},
publisher = {Morgan Kaufmann Publishers Inc.},
address = {San Francisco, CA, USA},
booktitle = {Proceedings of the Seventeenth International Conference on Machine Learning},
pages = {663–670},
numpages = {8},
series = {ICML '00}
}

@article{Roberts1996,
  author       = {Gareth O. Roberts and Richard L. Tweedie},
  title        = {Exponential Convergence of Langevin Distributions and Their Discrete Approximations},
  journal      = {Bernoulli},
  volume       = {2},
  number       = {4},
  pages        = {341--363},
  year         = {1996},
  doi          = {10.2307/3318418},
}

@article{Wang2021EVI,
  author       = {Yiwei Wang and Jiuhai Chen and Chun Liu and Lulu Kang},
  title        = {Particle-based Energetic Variational Inference},
  journal      = {Statistics and Computing},
  volume       = {31},
  number       = {34},
  year         = {2021},
  doi          = {10.1007/s11222-021-10009-7},
  url          = {https://doi.org/10.1007/s11222-021-10009-7},
}

@article{huang2024EParVI,
author = {Yongchao Huang}, 
journal = {https://arxiv.org/abs/2406.20044},
title = {Electrostatics-based particle sampling and approximate inference},
volume = {},
issue = {},
pages = {},
year = {2024}
}

@article{huang2024MPMParVI,
author = {Yongchao Huang}, 
journal = {https://arxiv.org/abs/2407.20287},
title = {Variational Inference Using Material Point Method},
volume = {},
issue = {},
pages = {},
year = {2024}
}

@article{huang2024SPHParVI,
author = {Yongchao Huang}, 
journal = {https://arxiv.org/abs/2407.09186v1},
title = {Variational Inference via Smoothed Particle Hydrodynamics},
volume = {},
issue = {},
pages = {},
year = {2024}
}

@article{vonNeumann1951,
  author       = {John von Neumann},
  title        = {Various techniques used in connection with random digits},
  journal      = {Applied Math Series, Notes by G. E. Forsythe, in National Bureau of Standards},
  volume       = {12},
  pages        = {36-38},
  year         = {1951},
}

