@INPROCEEDINGS{9948687,
  author={Asgari, Hajar and Risi, Nicoletta and Indiveri, Giacomo},
  booktitle={2022 IEEE Biomedical Circuits and Systems Conference (BioCAS)}, 
  title={FPGA Implementation of An Event-driven Saliency-based Selective Attention Model}, 
  year={2022},
  volume={},
  number={},
  pages={307-311},
  keywords={Visualization;Neuromorphics;Machine vision;Vision sensors;Feature extraction;Cameras;Hardware;Neuromorphic engineering;selective visual attention;event-driven;foveal vision;FPGA},
  doi={10.1109/BioCAS54905.2022.9948687}}

@inproceedings{Biologyfoveation,
  title={How attention affects spatial resolution},
  author={Carrasco, Marisa and Barbot, Antoine},
  booktitle={Cold Spring Harbor Symposia on Quantitative Biology},
  volume={79},
  pages={149--160},
  year={2014},
  organization={Cold Spring Harbor Laboratory Press}
}

@article{BolducLevine_1998_ReviewBiologicallyMotivated,
  title = {A {{Review}} of {{Biologically Motivated Space-Variant Data Reduction Models}} for {{Robotic Vision}}},
  author = {Bolduc, Marc and Levine, Martin D.},
  date = {1998-02},
  journaltitle = {Computer Vision and Image Understanding},
  shortjournal = {Computer Vision and Image Understanding},
  volume = {69},
  number = {2},
  pages = {170--184},
  issn = {10773142},
  doi = {10.1006/cviu.1997.0560},
  url = {https://linkinghub.elsevier.com/retrieve/pii/S1077314297905609},
  urldate = {2025-01-25},
  language = {en},
}

@inproceedings{ChessaMurgiaNardelliEtAl_2014_BioinspiredActiveVision,
  title = {Bio-Inspired Active Vision for Obstacle Avoidance},
  booktitle = {2014 {{International Conference}} on {{Computer Graphics Theory}} and {{Applications}} ({{GRAPP}})},
  author = {Chessa, Manuela and Murgia, Saverio and Nardelli, Luca and Sabatini, Silvio P. and Solari, Fabio},
  date = {2014-01},
  pages = {1--8},
  url = {https://ieeexplore.ieee.org/document/7296111},
  urldate = {2025-01-25},
}

@article{Dangelo_etal22,
  title={Event driven bio-inspired attentive system for the iCub humanoid robot on SpiNNaker},
  author={D’Angelo, Giulia and Perrett, Adam and Iacono, Massimiliano and Furber, Steve and Bartolozzi, Chiara},
  journal={Neuromorphic Computing and Engineering},
  volume={2},
  number={2},
  pages={024008},
  year={2022},
  publisher={IOP Publishing}
}

@article{Dauce_2018_ActiveFoveaBasedVision,
  title = {Active {{Fovea-Based Vision Through Computationally-Effective Model-Based Prediction}}},
  author = {Dauc\'e, Emmanuel},
  date = {2018},
  journaltitle = {Frontiers in Neurorobotics},
  shortjournal = {Front Neurorobot},
  volume = {12},
  eprint = {30618705},
  eprinttype = {pmid},
  pages = {76},
  issn = {1662-5218},
  doi = {10.3389/fnbot.2018.00076},
}

@ARTICLE{DigitalFoveation,
  author={Lubana, Ekdeep Singh and Dick, Robert P.},
  journal={IEEE Transactions on Computer-Aided Design of Integrated Circuits and Systems}, 
  title={Digital Foveation: An Energy-Aware Machine Vision Framework}, 
  year={2018},
  volume={37},
  number={11},
  pages={2371-2380},
  doi={10.1109/TCAD.2018.2858340}}

@book{GrimesDickeyPishko_2006_EncyclopediaSensors,
  title = {Encyclopedia of Sensors},
  editor = {Grimes, Craig A. and Dickey, Elizabeth C. and Pishko, Michael V.},
  date = {2006},
  publisher = {ASP, American Scientific Publ},
  location = {Stevenson Ranch, Calif},
  isbn = {978-1-58883-056-2},
}

@article{JavierTraverBernardino_2010_ReviewLogpolarImaging,
  title = {A Review of Log-Polar Imaging for Visual Perception in Robotics},
  author = {Javier Traver, V. and Bernardino, Alexandre},
  date = {2010-04},
  journaltitle = {Robotics and Autonomous Systems},
  shortjournal = {Robotics and Autonomous Systems},
  volume = {58},
  number = {4},
  pages = {378--398},
  issn = {09218890},
  doi = {10.1016/j.robot.2009.10.002},
  url = {https://linkinghub.elsevier.com/retrieve/pii/S0921889009001687},
  urldate = {2025-01-24},
}

@inproceedings{LamTsangMengEtAl_2006_NeuromorphicTranslationalEgomotion,
  title = {Neuromorphic {{Translational Ego-motion Estimation}} Using {{Log-Polar Motion Energy}}},
  booktitle = {The 2006 {{IEEE International Joint Conference}} on {{Neural Network Proceedings}}},
  author = {Lam, S.Y.M. and Tsang, E.K.C. and Meng, Yicong and Shi, B.E.},
  date = {2006-07},
  pages = {5204--5211},
  issn = {2161-4407},
  doi = {10.1109/IJCNN.2006.247273},
  url = {https://ieeexplore.ieee.org/document/1716824},
  urldate = {2025-01-25},
  eventtitle = {The 2006 {{IEEE International Joint Conference}} on {{Neural Network Proceedings}}},
}

@article{LukanovKonigPipa_2021_BiologicallyInspiredDeep,
  title = {Biologically {{Inspired Deep Learning Model}} for {{Efficient Foveal-Peripheral Vision}}},
  author = {Lukanov, Hristofor and K\"onig, Peter and Pipa, Gordon},
  date = {2021-11-22},
  journaltitle = {Frontiers in Computational Neuroscience},
  shortjournal = {Front. Comput. Neurosci.},
  volume = {15},
  publisher = {Frontiers},
  issn = {1662-5188},
  doi = {10.3389/fncom.2021.746204},
  url = {https://www.frontiersin.org/journals/computational-neuroscience/articles/10.3389/fncom.2021.746204/full},
  urldate = {2025-01-24},
}

@report{Scassellati_1999_BinocularFoveatedActive,
  title = {A {{Binocular}}, {{Foveated Active Vision System}}:},
  shorttitle = {A {{Binocular}}, {{Foveated Active Vision System}}},
  author = {Scassellati, Brian},
  date = {1999-02-01},
  institution = {Defense Technical Information Center},
  location = {Fort Belvoir, VA},
  doi = {10.21236/ADA455741},
  url = {http://www.dtic.mil/docs/citations/ADA455741},
  urldate = {2025-01-24},
}

@article{YamamotoYeshurunLevine_1996_ActiveFoveatedVision,
  title = {An {{Active Foveated Vision System}}},
  author = {Yamamoto, Hiroyuki and Yeshurun, Yehezkel and Levine, Martin D.},
  date = {1996-01-01},
  journaltitle = {Comput. Vis. Image Underst.},
  volume = {63},
  number = {1},
  pages = {50--65},
  issn = {1077-3142},
  doi = {10.1006/cviu.1996.0004},
  url = {https://doi.org/10.1006/cviu.1996.0004},
  urldate = {2025-01-24},
}

@article{chessa2016space,
  title={A space-variant model for motion interpretation across the visual field},
  author={Chessa, Manuela and Maiello, Guido and Bex, Peter J and Solari, Fabio},
  journal={Journal of vision},
  volume={16},
  number={2},
  pages={12--12},
  year={2016},
  publisher={The Association for Research in Vision and Ophthalmology}
}

@article{d2020event,
  title={Event-based eccentric motion detection exploiting time difference encoding},
  author={D'Angelo, Giulia and Janotte, Ella and Schoepe, Thorben and O'Keeffe, James and Milde, Moritz B and Chicca, Elisabetta and Bartolozzi, Chiara},
  journal={Frontiers in neuroscience},
  volume={14},
  pages={451},
  year={2020},
  publisher={Frontiers Media SA}
}

@article{de2023overview,
  title={An overview of space-variant and active vision mechanisms for resource-constrained human inspired robotic vision},
  author={de Figueiredo, Rui Pimentel and Bernardino, Alexandre},
  journal={Autonomous Robots},
  volume={47},
  number={8},
  pages={1119--1135},
  year={2023},
  publisher={Springer}
}

@inproceedings{geisler1998real,
  title={Real-time foveated multiresolution system for low-bandwidth video communication},
  author={Geisler, Wilson S and Perry, Jeffrey S},
  booktitle={Human vision and electronic imaging III},
  volume={3299},
  pages={294--305},
  year={1998},
  organization={SPIE}
}

@article{ghosh2022event,
  title={Event-driven proto-object based saliency in 3D space to attract a robot’s attention},
  author={Ghosh, Suman and D’Angelo, Giulia and Glover, Arren and Iacono, Massimiliano and Niebur, Ernst and Bartolozzi, Chiara},
  journal={Scientific reports},
  volume={12},
  number={1},
  pages={7645},
  year={2022},
  publisher={Nature Publishing Group UK London}
}

@article{gruel2023stakes,
  title={Stakes of neuromorphic foveation: a promising future for embedded event cameras},
  author={Gruel, Am{\'e}lie and Hareb, Dalia and Grimaldi, Antoine and Martinet, Jean and Perrinet, Laurent and Linares-Barranco, Bernab{\'e} and Serrano-Gotarredona, Teresa},
  journal={Biological Cybernetics},
  volume={117},
  number={4},
  pages={389--406},
  year={2023},
  publisher={Springer}
}

@article{harvey2011relationship,
  title={The relationship between cortical magnification factor and population receptive field size in human visual cortex: constancies in cortical architecture},
  author={Harvey, Ben M and Dumoulin, Serge O},
  journal={Journal of Neuroscience},
  volume={31},
  number={38},
  pages={13604--13612},
  year={2011},
  publisher={Soc Neuroscience}
}

@article{hu2016proto,
  title={A proto-object based saliency model in three-dimensional space},
  author={Hu, Brian and Kane-Jackson, Ralinkae and Niebur, Ernst},
  journal={Vision research},
  volume={119},
  pages={42--49},
  year={2016},
  publisher={Elsevier}
}

@inproceedings{iacono2019proto,
  title={Proto-object based saliency for event-driven cameras},
  author={Iacono, Massimiliano and D’Angelo, Giulia and Glover, Arren and Tikhanoff, Vadim and Niebur, Ernst and Bartolozzi, Chiara},
  booktitle={2019 IEEE/RSJ International Conference on Intelligent Robots and Systems (IROS)},
  pages={805--812},
  year={2019},
  organization={IEEE}
}

@article{itti1998model,
  title={A model of saliency-based visual attention for rapid scene analysis},
  author={Itti, Laurent and Koch, Christof and Niebur, Ernst},
  journal={IEEE Transactions on pattern analysis and machine intelligence},
  volume={20},
  number={11},
  pages={1254--1259},
  year={1998},
  publisher={Ieee}
}

@article{itti2001computational,
  title={Computational modelling of visual attention},
  author={Itti, Laurent and Koch, Christof},
  journal={Nature reviews neuroscience},
  volume={2},
  number={3},
  pages={194--203},
  year={2001},
  publisher={Nature Publishing Group}
}

@article{medeiros2020dynamic,
  title={Dynamic multifoveated structure for real-time vision tasks in robotic systems: A tool for removing redundancy in multifoveated image processing},
  author={Medeiros, Petrucio RT and Gomes, Rafael B and Clua, Esteban WG and Gon{\c{c}}alves, Luiz},
  journal={Journal of Real-Time Image Processing},
  volume={17},
  number={5},
  pages={1403--1419},
  year={2020},
  publisher={Springer}
}

@article{rea2013event,
  title={Event-driven visual attention for the humanoid robot iCub},
  author={Rea, Francesco and Metta, Giorgio and Bartolozzi, Chiara},
  journal={Frontiers in neuroscience},
  volume={7},
  pages={234},
  year={2013},
  publisher={Frontiers Media SA}
}

@incollection{rizzolatti1983mechanisms,
  title={Mechanisms of selective attention in mammals},
  author={Rizzolatti, Giacomo},
  booktitle={Advances in vertebrate neuroethology},
  pages={261--297},
  year={1983},
  publisher={Springer}
}

@article{russell2014model,
  title={A model of proto-object based saliency},
  author={Russell, Alexander F and Mihala{\c{s}}, Stefan and von der Heydt, Rudiger and Niebur, Ernst and Etienne-Cummings, Ralph},
  journal={Vision research},
  volume={94},
  pages={1--15},
  year={2014},
  publisher={Elsevier}
}

@inproceedings{xu2016evaluation,
  title={Evaluation of Foveated Stereo Matching for Robotic Cloth Manipulation.},
  author={Xu, Tian and Cockshott, Paul},
  booktitle={VISIGRAPP (3: VISAPP)},
  pages={659--666},
  year={2016}
}

