@inproceedings{aloimonos1987active,
  title={Active vision},
  author={Aloimonos, Yiannis and Weiss, Isaac and Bandyopadhyay, Amit},
  booktitle={Proc. of first ICCV},
  pages={552--573},
  year={1987}
}

@article{poggio1984analog,
  title={An analog model of computation for the ill-posed problems of early vision},
  author={Poggio, Tomaso and Koch, Christof},
  year={1984}
}
@INPROCEEDINGS{SpikeMS,
  author={Parameshwara, Chethan M. and Li, Simin and Ferm√ºller, Cornelia and Sanket, Nitin J. and Evanusa, Matthew S. and Aloimonos, Yiannis},
  booktitle={2021 IEEE/RSJ International Conference on Intelligent Robots and Systems (IROS)}, 
  title={SpikeMS: Deep Spiking Neural Network for Motion Segmentation}, 
  year={2021},
  volume={},
  number={},
  pages={3414-3420},
  keywords={Training;Computer vision;Motion segmentation;Artificial neural networks;Cameras;Sensors;Task analysis},
  doi={10.1109/IROS51168.2021.9636506}}
@inproceedings{ude2005distributed,
  title={Distributed visual attention on a humanoid robot},
  author={Ude, Ales and Wyart, Valentin and Lin, Li-Heng and Cheng, Gordon},
  booktitle={5th IEEE-RAS International Conference on Humanoid Robots, 2005.},
  pages={381--386},
  year={2005},
  organization={IEEE}
}
@article{itti2001computational,
  title={Computational modelling of visual attention},
  author={Itti, Laurent and Koch, Christof},
  journal={Nature reviews neuroscience},
  volume={2},
  number={3},
  pages={194--203},
  year={2001},
  publisher={Nature Publishing Group}
}

@article{itti1998model,
  title={A model of saliency-based visual attention for rapid scene analysis},
  author={Itti, Laurent and Koch, Christof and Niebur, Ernst},
  journal={IEEE Transactions on pattern analysis and machine intelligence},
  volume={20},
  number={11},
  pages={1254--1259},
  year={1998},
  publisher={Ieee}
}


@article{feng2019computer,
  title={Computer vision algorithms and hardware implementations: A survey},
  author={Feng, Xin and Jiang, Youni and Yang, Xuejiao and Du, Ming and Li, Xin},
  journal={Integration},
  volume={69},
  pages={309--320},
  year={2019},
  publisher={Elsevier}
}

@inproceedings{monforte2020exploiting,
  title={Exploiting Event Cameras for Spatio-Temporal Prediction of Fast-Changing Trajectories},
  author={Monforte, Marco and Arriandiaga, Ander and Glover, Arren and Bartolozzi, Chiara},
  booktitle={2020 2nd IEEE International Conference on Artificial Intelligence Circuits and Systems (AICAS)},
  pages={108--112},
  year={2020},
  organization={IEEE}
}


@article{mueggler2018continuous,
  title={Continuous-time visual-inertial odometry for event cameras},
  author={Mueggler, Elias and Gallego, Guillermo and Rebecq, Henri and Scaramuzza, Davide},
  journal={IEEE Transactions on Robotics},
  volume={34},
  number={6},
  pages={1425--1440},
  year={2018},
  publisher={IEEE}
}



@inproceedings{glover2017robust,
  title={Robust visual tracking with a freely-moving event camera},
  author={Glover, Arren and Bartolozzi, Chiara},
  booktitle={2017 IEEE/RSJ International Conference on Intelligent Robots and Systems (IROS)},
  pages={3769--3776},
  year={2017},
  organization={IEEE}
}
@incollection{schwartz2021object,
  title={Object motion sensitivity},
  author={Schwartz, Gregory William and Swygart, David},
  booktitle={Retinal Computation},
  pages={230--244},
  year={2021},
  publisher={Elsevier}
}

@Article{Baden2016RGC,
author={Baden, Tom
and Berens, Philipp
and Franke, Katrin
and Rom{\'a}n Ros{\'o}n, Miroslav
and Bethge, Matthias
and Euler, Thomas},
title={The functional diversity of retinal ganglion cells in the mouse},
journal={Nature},
year={2016},
month={Jan},
day={01},
volume={529},
number={7586},
pages={345-350},
issn={1476-4687},
doi={10.1038/nature16468},
url={https://doi.org/10.1038/nature16468}
}

@article{receptive2018Fields,
author = {Wienbar, Sophia and Schwartz, Greg},
year = {2018},
month = {06},
pages = {},
title = {The dynamic receptive fields of retinal ganglion cells},
volume = {67},
journal = {Progress in Retinal and Eye Research},
doi = {10.1016/j.preteyeres.2018.06.003}
}
@article{lveczky2003SegregationOO,
  title={Segregation of object and background motion in the retina},
  author={Bence P. {\"O}lveczky and Stephen A. Baccus and Markus Meister},
  journal={Nature},
  year={2003},
  volume={423},
  pages={401-408},
  url={https://api.semanticscholar.org/CorpusID:4385091}
}
@misc{gehrig2020eventbasedangularvelocityregression,
      title={Event-Based Angular Velocity Regression with Spiking Networks}, 
      author={Mathias Gehrig and Sumit Bam Shrestha and Daniel Mouritzen and Davide Scaramuzza},
      year={2020},
      eprint={2003.02790},
      archivePrefix={arXiv},
      primaryClass={cs.NE},
      url={https://arxiv.org/abs/2003.02790}, 
}
@INPROCEEDINGS{7838165,
  author={Shrestha, Sumit Bam and Song, Qing},
  booktitle={2016 15th IEEE International Conference on Machine Learning and Applications (ICMLA)}, 
  title={Event Based Weight Update for Learning Infinite Spike Train}, 
  year={2016},
  volume={},
  number={},
  pages={333-338},
  keywords={Neurons;Biological neural networks;Nonhomogeneous media;Feedforward neural networks;Kernel;Biological information theory;Learning systems;Spiking Neural Network (SNN);spike-event;spike train;supervised learning;multilayer network},
  doi={10.1109/ICMLA.2016.0061}
}

@INPROCEEDINGS{DiehlS2015SpikingDeepNetworks,
  author={Diehl, Peter U. and Neil, Daniel and Binas, Jonathan and Cook, Matthew and Liu, Shih-Chii and Pfeiffer, Michael},
  booktitle={2015 International Joint Conference on Neural Networks (IJCNN)}, 
  title={Fast-classifying, high-accuracy spiking deep networks through weight and threshold balancing}, 
  year={2015},
  volume={},
  number={},
  pages={1-8},
  keywords={Neuromorphics;Handheld computers;Neurons;Robustness;Accuracy},
  doi={10.1109/IJCNN.2015.7280696}
}

@article{zhu2020review,
  title={A review of video object detection: Datasets, metrics and methods},
  author={Zhu, Haidi and Wei, Haoran and Li, Baoqing and Yuan, Xiaobing and Kehtarnavaz, Nasser},
  journal={Applied Sciences},
  volume={10},
  number={21},
  pages={7834},
  year={2020},
  publisher={MDPI}
}


@inproceedings{bartolozzi2011embedded,
  title={Embedded neuromorphic vision for humanoid robots},
  author={Bartolozzi, Chiara and Rea, Francesco and Clercq, Charles and Fasnacht, Daniel B and Indiveri, Giacomo and Hofst{\"a}tter, Michael and Metta, Giorgio},
  booktitle={CVPR 2011 workshops},
  pages={129--135},
  year={2011},
  organization={IEEE}
}

@inproceedings{vezzani2017grasping,
  title={A grasping approach based on superquadric models},
  author={Vezzani, Giulia and Pattacini, Ugo and Natale, Lorenzo},
  booktitle={2017 IEEE International Conference on Robotics and Automation (ICRA)},
  pages={1579--1586},
  year={2017},
  organization={IEEE}
}


@article{jamone2016benchmarking,
  title={Benchmarking the grasping capabilities of the iCub hand with the YCB Object and Model Set},
  author={Jamone, Lorenzo and Bernardino, Alexandre and Santos-Victor, Jos{\'e}},
  journal={IEEE Robotics and Automation Letters},
  volume={1},
  number={1},
  pages={288--294},
  year={2016},
  publisher={IEEE}
}

@article{potapova2017survey,
  title={Survey of recent advances in 3D visual attention for robotics},
  author={Potapova, Ekaterina and Zillich, Michael and Vincze, Markus},
  journal={The International Journal of Robotics Research},
  volume={36},
  number={11},
  pages={1159--1176},
  year={2017},
  publisher={SAGE Publications Sage UK: London, England}
}

@article{hanifi2024pipeline,
  title={A pipeline for estimating human attention toward objects with on-board cameras on the iCub humanoid robot},
  author={Hanifi, Shiva and Maiettini, Elisa and Lombardi, Maria and Natale, Lorenzo},
  journal={Frontiers in Robotics and AI},
  volume={11},
  pages={1346714},
  year={2024},
  publisher={Frontiers Media SA}
}

@article{rea2013event,
  title={Event-driven visual attention for the humanoid robot iCub},
  author={Rea, Francesco and Metta, Giorgio and Bartolozzi, Chiara},
  journal={Frontiers in neuroscience},
  volume={7},
  pages={234},
  year={2013},
  publisher={Frontiers Media SA}
}

@inproceedings{aarthi2020study,
  title={Study on computational visual attention system and its contribution to robotic cognition system},
  author={Aarthi, R and Amudha, J},
  booktitle={2020 4th International Conference on Trends in Electronics and Informatics (ICOEI)(48184)},
  pages={278--283},
  year={2020},
  organization={IEEE}
}

@article{russell2014model,
  title={A model of proto-object based saliency},
  author={Russell, Alexander F and Mihala{\c{s}}, Stefan and von der Heydt, Rudiger and Niebur, Ernst and Etienne-Cummings, Ralph},
  journal={Vision research},
  volume={94},
  pages={1--15},
  year={2014},
  publisher={Elsevier}
}
@article{uejima2020proto,
  title={Proto-object based saliency model with texture detection channel},
  author={Uejima, Takeshi and Niebur, Ernst and Etienne-Cummings, Ralph},
  journal={Frontiers in computational neuroscience},
  volume={14},
  pages={541581},
  year={2020},
  publisher={Frontiers Media SA}
}

@article{hu2016proto,
  title={A proto-object based saliency model in three-dimensional space},
  author={Hu, Brian and Kane-Jackson, Ralinkae and Niebur, Ernst},
  journal={Vision research},
  volume={119},
  pages={42--49},
  year={2016},
  publisher={Elsevier}
}

@article{todorovic2008gestalt,
  title={Gestalt principles},
  author={Todorovic, Dejan},
  journal={Scholarpedia},
  volume={3},
  number={12},
  pages={5345},
  year={2008}
}

@inproceedings{orabona2005object,
  title={Object-based visual attention: a model for a behaving robot},
  author={Orabona, Francesco and Metta, Giorgio and Sandini, Giulio},
  booktitle={2005 IEEE Computer Society Conference on Computer Vision and Pattern Recognition (CVPR'05)-Workshops},
  pages={89--89},
  year={2005},
  organization={IEEE}
}

@article{pasquale2016enabling,
  title={Enabling depth-driven visual attention on the icub humanoid robot: Instructions for use and new perspectives},
  author={Pasquale, Giulia and Mar, Tanis and Ciliberto, Carlo and Rosasco, Lorenzo and Natale, Lorenzo},
  journal={Frontiers in Robotics and AI},
  volume={3},
  pages={35},
  year={2016},
  publisher={Frontiers Media SA}
}

@article{azizevaluation,
  title={Evaluation of Visual Attention Models for Robots},
  author={Aziz, M Zaheer and Mertsching, B{\"a}rbel and Shafik, M Salah E-N and Stemmer, Ralf}
}

@inproceedings{grenzdorffer2020ycb,
  title={YCB-M: A multi-camera RGB-D dataset for object recognition and 6DoF pose estimation},
  author={Grenzd{\"o}rffer, Till and G{\"u}nther, Martin and Hertzberg, Joachim},
  booktitle={2020 IEEE International Conference on Robotics and Automation (ICRA)},
  pages={3650--3656},
  year={2020},
  organization={IEEE}
}

@article{Lichtsteiner2008,
  title={A 128X128 120 dB 15us Latency Asynchronous Temporal Contrast Vision Sensor},
  author={Lichtsteiner, Patrick and Posch, Christoph and Delbruck, Tobi},
  journal={IEEE journal of solid-state circuits},
  volume={43},
  number={2},
  pages={566--576},
  year={2008},
  publisher={IEEE}
}

@article{pehle2022brainscales,
  title={The BrainScaleS-2 accelerated neuromorphic system with hybrid plasticity},
  author={Pehle, Christian and Billaudelle, Sebastian and Cramer, Benjamin and Kaiser, Jakob and Schreiber, Korbinian and Stradmann, Yannik and Weis, Johannes and Leibfried, Aron and M{\"u}ller, Eric and Schemmel, Johannes},
  journal={Frontiers in Neuroscience},
  volume={16},
  year={2022},
  publisher={Frontiers Media SA}
}

@article{moradi2017scalable,
  title={A scalable multicore architecture with heterogeneous memory structures for dynamic neuromorphic asynchronous processors (DYNAPs)},
  author={Moradi, Saber and Qiao, Ning and Stefanini, Fabio and Indiveri, Giacomo},
  journal={IEEE transactions on biomedical circuits and systems},
  volume={12},
  number={1},
  pages={106--122},
  year={2017},
  publisher={IEEE}
}

@article{qiao2015reconfigurable,
  title={A reconfigurable on-line learning spiking neuromorphic processor comprising 256 neurons and 128K synapses},
  author={Qiao, Ning and Mostafa, Hesham and Corradi, Federico and Osswald, Marc and Stefanini, Fabio and Sumislawska, Dora and Indiveri, Giacomo},
  journal={Frontiers in neuroscience},
  volume={9},
  pages={141},
  year={2015},
  publisher={Frontiers Media SA}
}

@ARTICLE{Furber2014,
author={S. B. Furber and F. Galluppi and S. Temple and L. A. Plana},
journal={Proceedings of the IEEE},
title={The SpiNNaker Project},
year={2014},
volume={102},
number={5},
pages={652-665},
keywords={multiprocessing systems;neural net architecture;parallel processing;real-time systems;SpiNNaker project;data packets;interconnect architecture;mammalian brain;parallel million-core computer;real-time event-driven programming model;spiking neural network architecture;Brain modeling;Computational modeling;Computer architecture;Multitasking;Neural networks;Neuroscience;Parallel programming;Program processors;Brain modeling;multicast algorithms;multiprocessor interconnection networks;neural network hardware;parallel programming},
doi={10.1109/JPROC.2014.2304638},
ISSN={0018-9219},
month={5},}

@article{davies2018loihi,
  title={Loihi: A neuromorphic manycore processor with on-chip learning},
  author={Davies, Mike and Srinivasa, Narayan and Lin, Tsung-Han and Chinya, Gautham and Cao, Yongqiang and Choday, Sri Harsha and Dimou, Georgios and Joshi, Prasad and Imam, Nabil and Jain, Shweta and others},
  journal={Ieee Micro},
  volume={38},
  number={1},
  pages={82--99},
  year={2018},
  publisher={IEEE}
}
@article{douglas1995neuromorphic,
  title={Neuromorphic analogue VLSI},
  author={Douglas, Rodney and Mahowald, Misha and Mead, Carver},
  journal={Annual review of neuroscience},
  volume={18},
  number={1},
  pages={255--281},
  year={1995},
  publisher={Annual Reviews 4139 El Camino Way, PO Box 10139, Palo Alto, CA 94303-0139, USA}
}

@article{sga2020neuromorphic,
  title={Neuromorphic computing},
  author={SGA, Human Brain Project},
  year={2020}
}

@article{sorbaro2020optimizing,
  title={Optimizing the energy consumption of spiking neural networks for neuromorphic applications},
  author={Sorbaro, Martino and Liu, Qian and Bortone, Massimo and Sheik, Sadique},
  journal={Frontiers in neuroscience},
  volume={14},
  pages={662},
  year={2020},
  publisher={Frontiers Media SA}
}

@inproceedings{liu2019live,
  title={Live demonstration: face recognition on an ultra-low power event-driven convolutional neural network ASIC},
  author={Liu, Qian and Richter, Ole and Nielsen, Carsten and Sheik, Sadique and Indiveri, Giacomo and Qiao, Ning},
  booktitle={Proceedings of the IEEE/CVF Conference on Computer Vision and Pattern Recognition Workshops},
  year={2019}
}
@article{d2020event,
  title={Event-based eccentric motion detection exploiting time difference encoding},
  author={D'Angelo, Giulia and Janotte, Ella and Schoepe, Thorben and O'Keeffe, James and Milde, Moritz B and Chicca, Elisabetta and Bartolozzi, Chiara},
  journal={Frontiers in neuroscience},
  volume={14},
  pages={451},
  year={2020},
  publisher={Frontiers Media SA}
}

@article{kohler1967gestalt,
  title={Gestalt psychology},
  author={K{\"o}hler, Wolfgang},
  journal={Psychological research},
  volume={31},
  number={1},
  pages={XVIII--XXX},
  year={1967},
  publisher={Springer}
}

@article{Dangelo_etal22,
  title={Event driven bio-inspired attentive system for the iCub humanoid robot on SpiNNaker},
  author={D‚ÄôAngelo, Giulia and Perrett, Adam and Iacono, Massimiliano and Furber, Steve and Bartolozzi, Chiara},
  journal={Neuromorphic Computing and Engineering},
  volume={2},
  number={2},
  pages={024008},
  year={2022},
  publisher={IOP Publishing}
}
@article{pedersen2024neuromorphic,
  title={Neuromorphic intermediate representation: A unified instruction set for interoperable brain-inspired computing},
  author={Pedersen, Jens E and Abreu, Steven and Jobst, Matthias and Lenz, Gregor and Fra, Vittorio and Bauer, Felix Christian and Muir, Dylan Richard and Zhou, Peng and Vogginger, Bernhard and Heckel, Kade and others},
  journal={Nature Communications},
  volume={15},
  number={1},
  pages={8122},
  year={2024},
  publisher={Nature Publishing Group UK London}
}

@article{d2024event,
  title={Event-Driven Figure-Ground Organisation model for the humanoid robot iCub},
  author={D'Angelo, Giulia and Voto, Simone and Iacono, Massimiliano and Glover, Arren and Niebur, Ernst and Bartolozzi, Chiara},
  year={2024}
}

@article{ghosh2022event,
  title={Event-driven proto-object based saliency in 3D space to attract a robot‚Äôs attention},
  author={Ghosh, Suman and D‚ÄôAngelo, Giulia and Glover, Arren and Iacono, Massimiliano and Niebur, Ernst and Bartolozzi, Chiara},
  journal={Scientific reports},
  volume={12},
  number={1},
  pages={7645},
  year={2022},
  publisher={Nature Publishing Group UK London}
}

@inproceedings{iacono2019proto,
  title={Proto-object based saliency for event-driven cameras},
  author={Iacono, Massimiliano and D‚ÄôAngelo, Giulia and Glover, Arren and Tikhanoff, Vadim and Niebur, Ernst and Bartolozzi, Chiara},
  booktitle={2019 IEEE/RSJ International Conference on Intelligent Robots and Systems (IROS)},
  pages={805--812},
  year={2019},
  organization={IEEE}
}

@inproceedings{molin2013proto,
  title={Proto-object based visual saliency model with a motion-sensitive channel},
  author={Molin, Jamal Lottier and Russell, Alexander F and Mihalas, Stefan and Niebur, Ernst and Etienne-Cummings, Ralph},
  booktitle={2013 IEEE Biomedical Circuits and Systems Conference (BioCAS)},
  pages={25--28},
  year={2013},
  organization={IEEE}
}

@inproceedings{uejima2018proto,
  title={Proto-Object Based Saliency Model with Second-Order Texture Feature},
  author={Uejima, Takeshi and Niebur, Ernst and Etienne-Cummings, Ralph},
  booktitle={2018 IEEE Biomedical Circuits and Systems Conference (BioCAS)},
  pages={1--4},
  year={2018},
  organization={IEEE}
}

@article{harvey2011relationship,
  title={The relationship between cortical magnification factor and population receptive field size in human visual cortex: constancies in cortical architecture},
  author={Harvey, Ben M and Dumoulin, Serge O},
  journal={Journal of Neuroscience},
  volume={31},
  number={38},
  pages={13604--13612},
  year={2011},
  publisher={Soc Neuroscience}
}
@article{zhou2000coding,
  title={Coding of border ownership in monkey visual cortex},
  author={Zhou, Hong and Friedman, Howard S and Von Der Heydt, R{\"u}diger},
  journal={Journal of Neuroscience},
  volume={20},
  number={17},
  pages={6594--6611},
  year={2000},
  publisher={Soc Neuroscience}
}
@article{chessa2016space,
  title={A space-variant model for motion interpretation across the visual field},
  author={Chessa, Manuela and Maiello, Guido and Bex, Peter J and Solari, Fabio},
  journal={Journal of vision},
  volume={16},
  number={2},
  pages={12--12},
  year={2016},
  publisher={The Association for Research in Vision and Ophthalmology}
}


@incollection{rizzolatti1983mechanisms,
  title={Mechanisms of selective attention in mammals},
  author={Rizzolatti, Giacomo},
  booktitle={Advances in vertebrate neuroethology},
  pages={261--297},
  year={1983},
  publisher={Springer}
}


@inproceedings{Iacono2018,
author = {Iacono, Massimiliano and Weber, Stefan and Glover, Arren and Bartolozzi, Chiara},
booktitle = {IEEE International Conference on Intelligent Robots and Systems},
publisher = {IROS 2018},
title = {{Towards Event-Driven Object Detection with Off-The-Shelf Deep Learning}},
year = {2018}
}

@inproceedings{KrizhevskySutskeverHinton_2012_ImageNetClassificationDeep,
  title = {{{ImageNet Classification}} with {{Deep Convolutional Neural Networks}}},
  author = {Krizhevsky, Alex and Sutskever, Ilya and Hinton, Geoffrey E.},
  editor = {Bartlett, Peter L. and Pereira, Fernando C. N. and Burges, Christopher J. C. and Bottou, L\'eon and Weinberger, Kilian Q.},
  date = {2012},
  pages = {1106--1114},
  eventtitle = {Conference on {{Neural Information Processing Systems}}},
  keywords = {Classification Convolutional Deep ImageNet Networks. Neural with},
}

@online{MutluGhoseGomez-LunaEtAl_2019_ProcessingDataWhere,
  title = {Processing {{Data Where It Makes Sense}}: {{Enabling In-Memory Computation}}},
  shorttitle = {Processing {{Data Where It Makes Sense}}},
  author = {Mutlu, Onur and Ghose, Saugata and G\'omez-Luna, Juan and Ausavarungnirun, Rachata},
  date = {2019-03-10},
  eprint = {1903.03988},
  eprinttype = {arXiv},
  doi = {10.48550/arXiv.1903.03988},
  url = {http://arxiv.org/abs/1903.03988},
  urldate = {2024-11-17},
  pubstate = {prepublished},
}

@article{DaviesSrinivasaLinEtAl_2018_LoihiNeuromorphicManycore,
  title = {Loihi: {{A Neuromorphic Manycore Processor}} with {{On-Chip Learning}}},
  author = {Davies, Mike and Srinivasa, Narayan and Lin, Tsung-Han and Chinya, Gautham and Cao, Yongqiang and Choday, Sri Harsha and Dimou, Georgios and Joshi, Prasad and Imam, Nabil and Jain, Shweta and Liao, Yuyun and Lin, Chit-Kwan and Lines, Andrew and Liu, Ruokun and Mathaikutty, Deepak and McCoy, Steven and Paul, Arnab and Tse, Jonathan and Venkataramanan, Guruguhanathan and Weng, Yi-Hsin and Wild, Andreas and Yang, Yoonseok and Wang, Hong},
  date = {2018-01},
  journaltitle = {IEEE Micro},
  volume = {38},
  number = {1},
  pages = {82--99},
  doi = {10.1109/mm.2018.112130359},
}
@article{AkopyanSawadaCassidyEtAl_2015_TrueNorthDesignToola,
  title = {{{TrueNorth}}: {{Design}} and {{Tool Flow}} of a 65 {{mW}} 1 {{Million Neuron Programmable Neurosynaptic Chip}}},
  shorttitle = {{{TrueNorth}}},
  author = {Akopyan, Filipp and Sawada, Jun and Cassidy, Andrew and Alvarez-Icaza, Rodrigo and Arthur, John and Merolla, Paul and Imam, Nabil and Nakamura, Yutaka and Datta, Pallab and Nam, Gi-Joon and Taba, Brian and Beakes, Michael and Brezzo, Bernard and Kuang, Jente B. and Manohar, Rajit and Risk, William P. and Jackson, Bryan and Modha, Dharmendra S.},
  date = {2015-10},
  journaltitle = {IEEE Transactions on Computer-Aided Design of Integrated Circuits and Systems},
  volume = {34},
  number = {10},
  pages = {1537--1557},
  issn = {1937-4151},
  doi = {10.1109/TCAD.2015.2474396},
  url = {https://ieeexplore.ieee.org/document/7229264},
  urldate = {2024-11-29},
}



@article{clerico2024retina,
  title={Retina-Inspired Object Motion Segmentation for Event-Cameras}, 
      author={Victoria Clerico and Shay Snyder and Arya Lohia and Md Abdullah-Al Kaiser and Gregory Schwartz and Akhilesh Jaiswal and Maryam Parsa},
      year={2024},
      eprint={2408.09454},
      archivePrefix={arXiv},
      primaryClass={cs.CV},
      url={https://arxiv.org/abs/2408.09454},
}
@misc{sinaga2024hardwarealgorithmreengineeringretinalcircuit,
      title={Hardware-Algorithm Re-engineering of Retinal Circuit for Intelligent Object Motion Segmentation}, 
      author={Jason Sinaga and Victoria Clerico and Md Abdullah-Al Kaiser and Shay Snyder and Arya Lohia and Gregory Schwartz and Maryam Parsa and Akhilesh Jaiswal},
      year={2024},
      eprint={2408.08320},
      archivePrefix={arXiv},
      primaryClass={cs.NE},
    journal={IEEE International Conference on Neuromorphic Systems 2024}
}
@book{eliasmith2003neural,
  title={Neural engineering: Computation, representation, and dynamics in neurobiological systems},
  author={Eliasmith, Chris and Anderson, Charles H},
  year={2003},
  publisher={MIT press}
}

@article{dewolf2016spiking,
  title={A spiking neural model of adaptive arm control},
  author={DeWolf, Travis and Stewart, Terrence C and Slotine, Jean-Jacques and Eliasmith, Chris},
  journal={Proceedings of the Royal Society B: Biological Sciences},
  volume={283},
  number={1843},
  pages={20162134},
  year={2016},
  publisher={The Royal Society}
}


@inproceedings{mitrokhin2019ev,
  title={EV-IMO: Motion segmentation dataset and learning pipeline for event cameras},
  author={Mitrokhin, Anton and Ye, Chengxi and Ferm{\"u}ller, Cornelia and Aloimonos, Yiannis and Delbruck, Tobi},
  booktitle={2019 IEEE/RSJ International Conference on Intelligent Robots and Systems (IROS)},
  pages={6105--6112},
  year={2019},
  organization={IEEE}
}

@article{gu2024microsaccades,
  title={Microsaccades reflect attention shifts: a mini review of 20 years of microsaccade research},
  author={Gu, Quan and Zhang, Qikai and Han, Yueming and Li, Pengfei and Gao, Zaifeng and Shen, Mowei},
  journal={Frontiers in Psychology},
  volume={15},
  pages={1364939},
  year={2024},
  publisher={Frontiers Media SA}
}

@article{ko2010microsaccades,
  title={Microsaccades precisely relocate gaze in a high visual acuity task},
  author={Ko, Hee-kyoung and Poletti, Martina and Rucci, Michele},
  journal={Nature neuroscience},
  volume={13},
  number={12},
  pages={1549--1553},
  year={2010},
  publisher={Nature Publishing Group}
}


@article{olveczky2003segregation,
  title={Segregation of object and background motion in the retina},
  author={{\"O}lveczky, Bence P and Baccus, Stephen A and Meister, Markus},
  journal={Nature},
  volume={423},
  number={6938},
  pages={401--408},
  year={2003},
  publisher={Nature Publishing Group UK London}
}

@article{crevecoeur2017saccadic,
  title={Saccadic suppression as a perceptual consequence of efficient sensorimotor estimation},
  author={Crevecoeur, Frederic and Kording, Konrad P},
  journal={Elife},
  volume={6},
  pages={e25073},
  year={2017},
  publisher={eLife Sciences Publications, Ltd}
}

@inproceedings{pauwels2006optic,
  title={Optic Flow from Unstable Sequences containing Unconstrained Scenes through Local Velocity Constancy Maximization.},
  author={Pauwels, Karl and Van Hulle, Marc M},
  booktitle={BMVC},
  volume={1},
  pages={397--406},
  year={2006}
}

@inproceedings{Biologyfoveation,
  title={How attention affects spatial resolution},
  author={Carrasco, Marisa and Barbot, Antoine},
  booktitle={Cold Spring Harbor Symposia on Quantitative Biology},
  volume={79},
  pages={149--160},
  year={2014},
  organization={Cold Spring Harbor Laboratory Press}
}
@ARTICLE{DigitalFoveation,
  author={Lubana, Ekdeep Singh and Dick, Robert P.},
  journal={IEEE Transactions on Computer-Aided Design of Integrated Circuits and Systems}, 
  title={Digital Foveation: An Energy-Aware Machine Vision Framework}, 
  year={2018},
  volume={37},
  number={11},
  pages={2371-2380},
  doi={10.1109/TCAD.2018.2858340}}


@article{martinez2008fixational,
  title={Fixational eye movements across vertebrates: comparative dynamics, physiology, and perception},
  author={Martinez-Conde, Susana and Macknik, Stephen L},
  journal={Journal of Vision},
  volume={8},
  number={14},
  pages={28--28},
  year={2008},
  publisher={The Association for Research in Vision and Ophthalmology}
}

@inproceedings{xu2016evaluation,
  title={Evaluation of Foveated Stereo Matching for Robotic Cloth Manipulation.},
  author={Xu, Tian and Cockshott, Paul},
  booktitle={VISIGRAPP (3: VISAPP)},
  pages={659--666},
  year={2016}
}

@article{medeiros2020dynamic,
  title={Dynamic multifoveated structure for real-time vision tasks in robotic systems: A tool for removing redundancy in multifoveated image processing},
  author={Medeiros, Petrucio RT and Gomes, Rafael B and Clua, Esteban WG and Gon{\c{c}}alves, Luiz},
  journal={Journal of Real-Time Image Processing},
  volume={17},
  number={5},
  pages={1403--1419},
  year={2020},
  publisher={Springer}
}

@inproceedings{geisler1998real,
  title={Real-time foveated multiresolution system for low-bandwidth video communication},
  author={Geisler, Wilson S and Perry, Jeffrey S},
  booktitle={Human vision and electronic imaging III},
  volume={3299},
  pages={294--305},
  year={1998},
  organization={SPIE}
}

@INPROCEEDINGS{9948687,
  author={Asgari, Hajar and Risi, Nicoletta and Indiveri, Giacomo},
  booktitle={2022 IEEE Biomedical Circuits and Systems Conference (BioCAS)}, 
  title={FPGA Implementation of An Event-driven Saliency-based Selective Attention Model}, 
  year={2022},
  volume={},
  number={},
  pages={307-311},
  keywords={Visualization;Neuromorphics;Machine vision;Vision sensors;Feature extraction;Cameras;Hardware;Neuromorphic engineering;selective visual attention;event-driven;foveal vision;FPGA},
  doi={10.1109/BioCAS54905.2022.9948687}}

@article{fatahi2024event,
  title={Event-driven nearshore and shoreline coastline detection on SpiNNaker neuromorphic hardware},
  author={Fatahi, Mazdak and Boulet, Pierre and D‚Äôangelo, Giulia},
  journal={Neuromorphic Computing and Engineering},
  volume={4},
  number={3},
  pages={034012},
  year={2024},
  publisher={IOP Publishing}
}

@article{de2023overview,
  title={An overview of space-variant and active vision mechanisms for resource-constrained human inspired robotic vision},
  author={de Figueiredo, Rui Pimentel and Bernardino, Alexandre},
  journal={Autonomous Robots},
  volume={47},
  number={8},
  pages={1119--1135},
  year={2023},
  publisher={Springer}
}

@article{gruel2023stakes,
  title={Stakes of neuromorphic foveation: a promising future for embedded event cameras},
  author={Gruel, Am{\'e}lie and Hareb, Dalia and Grimaldi, Antoine and Martinet, Jean and Perrinet, Laurent and Linares-Barranco, Bernab{\'e} and Serrano-Gotarredona, Teresa},
  journal={Biological Cybernetics},
  volume={117},
  number={4},
  pages={389--406},
  year={2023},
  publisher={Springer}
}

@article{baccus2008retinal,
  title={A retinal circuit that computes object motion},
  author={Baccus, Stephen A and {\"O}lveczky, Bence P and Manu, Mihai and Meister, Markus},
  journal={Journal of Neuroscience},
  volume={28},
  number={27},
  pages={6807--6817},
  year={2008},
  publisher={Soc Neuroscience}
}

@article{yin2023iris,
  title={IRIS: Integrated retinal functionality in image sensors},
  author={Yin, Zihan and Kaiser, Md Abdullah-Al and Camara, Lamine Ousmane and Camarena, Mark and Parsa, Maryam and Jacob, Ajey and Schwartz, Gregory and Jaiswal, Akhilesh},
  journal={Frontiers in Neuroscience},
  volume={17},
  pages={1241691},
  year={2023},
  publisher={Frontiers Media SA}
}

@article{stankov2021during,
  title={During natural viewing, neural processing of visual targets continues throughout saccades},
  author={Stankov, Atanas D and Touryan, Jonathan and Gordon, Stephen and Ries, Anthony J and Ki, Jason and Parra, Lucas C},
  journal={Journal of vision},
  volume={21},
  number={10},
  pages={7--7},
  year={2021},
  publisher={The Association for Research in Vision and Ophthalmology}
}

@article{zhang2024execution,
  title={The execution of saccadic eye movements suppresses visual processing of both color and luminance in the early visual cortex of humans},
  author={Zhang, Yuan and Valsecchi, Matteo and Gegenfurtner, Karl R and Chen, Jing},
  journal={Journal of Neurophysiology},
  volume={131},
  number={6},
  pages={1156--1167},
  year={2024},
  publisher={American Physiological Society Rockville, MD}
}

@article{li2024event,
  title={Event-assisted Low-Light Video Object Segmentation},
  author={Li, Hebei and Wang, Jin and Yuan, Jiahui and Li, Yue and Weng, Wenming and Peng, Yansong and Zhang, Yueyi and Xiong, Zhiwei and Sun, Xiaoyan},
  booktitle={CVPR},
  year={2024}
}

@article{peirce2007psychopy,
  title={PsychoPy‚Äîpsychophysics software in Python},
  author={Peirce, Jonathan W},
  journal={Journal of neuroscience methods},
  volume={162},
  number={1-2},
  pages={8--13},
  year={2007},
  publisher={Elsevier}
}

@inproceedings{parameshwara2021spikems,
  title={SpikeMS: Deep spiking neural network for motion segmentation},
  author={Parameshwara, Chethan M and Li, Simin and Ferm{\"u}ller, Cornelia and Sanket, Nitin J and Evanusa, Matthew S and Aloimonos, Yiannis},
  booktitle={2021 IEEE/RSJ International Conference on Intelligent Robots and Systems (IROS)},
  pages={3414--3420},
  year={2021},
  organization={IEEE}
}

@inproceedings{parameshwara20210,
  title={0-mms: Zero-shot multi-motion segmentation with a monocular event camera},
  author={Parameshwara, Chethan M and Sanket, Nitin J and Singh, Chahat Deep and Ferm{\"u}ller, Cornelia and Aloimonos, Yiannis},
  booktitle={2021 IEEE International Conference on Robotics and Automation (ICRA)},
  pages={9594--9600},
  year={2021},
  organization={IEEE}
}

@article{zhang2023multi,
  title={A multi-scale recurrent framework for motion segmentation with event camera},
  author={Zhang, Shaobo and Sun, Lei and Wang, Kaiwei},
  journal={IEEE Access},
  year={2023},
  publisher={IEEE}
}

@inproceedings{ChessaMurgiaNardelliEtAl_2014_BioinspiredActiveVision,
  title = {Bio-Inspired Active Vision for Obstacle Avoidance},
  booktitle = {2014 {{International Conference}} on {{Computer Graphics Theory}} and {{Applications}} ({{GRAPP}})},
  author = {Chessa, Manuela and Murgia, Saverio and Nardelli, Luca and Sabatini, Silvio P. and Solari, Fabio},
  date = {2014-01},
  pages = {1--8},
  url = {https://ieeexplore.ieee.org/document/7296111},
  urldate = {2025-01-25},
}

@article{BolducLevine_1998_ReviewBiologicallyMotivated,
  title = {A {{Review}} of {{Biologically Motivated Space-Variant Data Reduction Models}} for {{Robotic Vision}}},
  author = {Bolduc, Marc and Levine, Martin D.},
  date = {1998-02},
  journaltitle = {Computer Vision and Image Understanding},
  shortjournal = {Computer Vision and Image Understanding},
  volume = {69},
  number = {2},
  pages = {170--184},
  issn = {10773142},
  doi = {10.1006/cviu.1997.0560},
  url = {https://linkinghub.elsevier.com/retrieve/pii/S1077314297905609},
  urldate = {2025-01-25},
  language = {en},
}

@article{JavierTraverBernardino_2010_ReviewLogpolarImaging,
  title = {A Review of Log-Polar Imaging for Visual Perception in Robotics},
  author = {Javier Traver, V. and Bernardino, Alexandre},
  date = {2010-04},
  journaltitle = {Robotics and Autonomous Systems},
  shortjournal = {Robotics and Autonomous Systems},
  volume = {58},
  number = {4},
  pages = {378--398},
  issn = {09218890},
  doi = {10.1016/j.robot.2009.10.002},
  url = {https://linkinghub.elsevier.com/retrieve/pii/S0921889009001687},
  urldate = {2025-01-24},
}

@inproceedings{LamTsangMengEtAl_2006_NeuromorphicTranslationalEgomotion,
  title = {Neuromorphic {{Translational Ego-motion Estimation}} Using {{Log-Polar Motion Energy}}},
  booktitle = {The 2006 {{IEEE International Joint Conference}} on {{Neural Network Proceedings}}},
  author = {Lam, S.Y.M. and Tsang, E.K.C. and Meng, Yicong and Shi, B.E.},
  date = {2006-07},
  pages = {5204--5211},
  issn = {2161-4407},
  doi = {10.1109/IJCNN.2006.247273},
  url = {https://ieeexplore.ieee.org/document/1716824},
  urldate = {2025-01-25},
  eventtitle = {The 2006 {{IEEE International Joint Conference}} on {{Neural Network Proceedings}}},
}

@article{LukanovKonigPipa_2021_BiologicallyInspiredDeep,
  title = {Biologically {{Inspired Deep Learning Model}} for {{Efficient Foveal-Peripheral Vision}}},
  author = {Lukanov, Hristofor and K\"onig, Peter and Pipa, Gordon},
  date = {2021-11-22},
  journaltitle = {Frontiers in Computational Neuroscience},
  shortjournal = {Front. Comput. Neurosci.},
  volume = {15},
  publisher = {Frontiers},
  issn = {1662-5188},
  doi = {10.3389/fncom.2021.746204},
  url = {https://www.frontiersin.org/journals/computational-neuroscience/articles/10.3389/fncom.2021.746204/full},
  urldate = {2025-01-24},
}

@incollection{SandiniMetta_2003_RetinaLikeSensorsMotivations,
  title = {Retina-{{Like Sensors}}: {{Motivations}}, {{Technology}} and {{Applications}}},
  shorttitle = {Retina-{{Like Sensors}}},
  booktitle = {Sensors and {{Sensing}} in {{Biology}} and {{Engineering}}},
  author = {Sandini, Giulio and Metta, Giorgio},
  editor = {Barth, Friedrich G. and Humphrey, Joseph A. C. and Secomb, Timothy W.},
  date = {2003},
  pages = {251--262},
  publisher = {Springer Vienna},
  location = {Vienna},
  doi = {10.1007/978-3-7091-6025-1_18},
  url = {http://link.springer.com/10.1007/978-3-7091-6025-1_18},
  urldate = {2025-01-25},
  isbn = {978-3-7091-7287-2 978-3-7091-6025-1},
  language = {en},
}

@report{Scassellati_1999_BinocularFoveatedActive,
  title = {A {{Binocular}}, {{Foveated Active Vision System}}:},
  shorttitle = {A {{Binocular}}, {{Foveated Active Vision System}}},
  author = {Scassellati, Brian},
  date = {1999-02-01},
  institution = {Defense Technical Information Center},
  location = {Fort Belvoir, VA},
  doi = {10.21236/ADA455741},
  url = {http://www.dtic.mil/docs/citations/ADA455741},
  urldate = {2025-01-24},
}

@inproceedings{TilmonJainFerrariEtAl_2020_FoveaCamMEMSMirrorEnabled,
  title = {{{FoveaCam}}: {{A MEMS Mirror-Enabled Foveating Camera}}},
  shorttitle = {{{FoveaCam}}},
  booktitle = {2020 {{IEEE International Conference}} on {{Computational Photography}} ({{ICCP}})},
  author = {Tilmon, Brevin and Jain, Eakta and Ferrari, Silvia and Koppal, Sanjeev},
  date = {2020-04},
  pages = {1--11},
  publisher = {IEEE},
  location = {Saint Louis, MO, USA},
  doi = {10.1109/ICCP48838.2020.9105183},
  url = {https://ieeexplore.ieee.org/document/9105183/},
  urldate = {2025-01-25},
  eventtitle = {2020 {{IEEE International Conference}} on {{Computational Photography}} ({{ICCP}})},
  isbn = {978-1-72815-230-1},
}

@article{YamamotoYeshurunLevine_1996_ActiveFoveatedVision,
  title = {An {{Active Foveated Vision System}}},
  author = {Yamamoto, Hiroyuki and Yeshurun, Yehezkel and Levine, Martin D.},
  date = {1996-01-01},
  journaltitle = {Comput. Vis. Image Underst.},
  volume = {63},
  number = {1},
  pages = {50--65},
  issn = {1077-3142},
  doi = {10.1006/cviu.1996.0004},
  url = {https://doi.org/10.1006/cviu.1996.0004},
  urldate = {2025-01-24},
}

@incollection{YeasinSharma_2005_FoveatedVisionSensor,
  title = {Foveated {{Vision Sensor}} and {{Image Processing}} -- {{A Review}}},
  booktitle = {Machine {{Learning}} and {{Robot Perception}}},
  author = {Yeasin, Mohammed and Sharma, Rajeev},
  editor = {Apolloni, Bruno and Ghosh, Ashish and Alpaslan, Ferda and C. Jain, Lakhmi and Patnaik, Srikanta},
  editora = {Kacprzyk, Janusz},
  editoratype = {redactor},
  date = {2005-08-08},
  volume = {7},
  pages = {57--98},
  publisher = {Springer Berlin Heidelberg},
  location = {Berlin, Heidelberg},
  doi = {10.1007/11504634_2},
  url = {http://link.springer.com/10.1007/11504634_2},
  urldate = {2025-01-25},
  isbn = {978-3-540-26549-8 978-3-540-32409-6},
}

@article{hadamard1902problemes,
  title={Sur les probl{\`e}mes aux d{\'e}riv{\'e}es partielles et leur signification physique},
  author={Hadamard, Jacques},
  journal={Princeton university bulletin},
  pages={49--52},
  year={1902},
  publisher={Princeton University}
}

@article{bekolay2014nengo,
  title={Nengo: a Python tool for building large-scale functional brain models},
  author={Bekolay, Trevor and Bergstra, James and Hunsberger, Eric and DeWolf, Travis and Stewart, Terrence C and Rasmussen, Daniel and Choo, Xuan and Voelker, Aaron Russell and Eliasmith, Chris},
  journal={Frontiers in neuroinformatics},
  volume={7},
  pages={48},
  year={2014},
  publisher={Frontiers Media SA}
}

@book{GrimesDickeyPishko_2006_EncyclopediaSensors,
  title = {Encyclopedia of Sensors},
  editor = {Grimes, Craig A. and Dickey, Elizabeth C. and Pishko, Michael V.},
  date = {2006},
  publisher = {ASP, American Scientific Publ},
  location = {Stevenson Ranch, Calif},
  isbn = {978-1-58883-056-2},
}

@article{Dauce_2018_ActiveFoveaBasedVision,
  title = {Active {{Fovea-Based Vision Through Computationally-Effective Model-Based Prediction}}},
  author = {Dauc\'e, Emmanuel},
  date = {2018},
  journaltitle = {Frontiers in Neurorobotics},
  shortjournal = {Front Neurorobot},
  volume = {12},
  eprint = {30618705},
  eprinttype = {pmid},
  pages = {76},
  issn = {1662-5218},
  doi = {10.3389/fnbot.2018.00076},
}


@inproceedings{damberger2025adaptiveSSP,
    author = {Graeme Damberger and Kathryn Simone and Chandan Datta and Ram Eshwar Kaundinya and Juan Escareno and Chris Eliasmith},
    title = {Biologically-Inspired Representations for Adaptive Control with Spatial Semantic Pointers},
    booktitle = {2025 Neuro Inspired Computational Elements Conference (NICE)},
    year = {2025},
    note = {Accepted, to appear}
}