@article{rezaei2024alternators,
  title={Alternators For Sequence Modeling},
  author={Rezaei, Mohammad Reza and Dieng, Adji Bousso},
  journal={arXiv preprint arXiv:2405.11848},
  year={2024}
}
@article{mousavi4924208vsi,
  title={Vsi: An Interpretable Bayesian Feature Ranking Method Based on Vendi Score},
  author={Mousavi, Mohsen and Khalili, Nasser},
  journal={Available at SSRN 4924208}
}
@article{berns2023towards,
  title={Towards Mode Balancing of Generative Models via Diversity Weights},
  author={Berns, Sebastian and Colton, Simon and Guckelsberger, Christian},
  journal={arXiv preprint arXiv:2304.11961},
  year={2023}
}
@inproceedings{askari2024improving,
  title={Improving Geo-Diversity of Generated Images with Contextualized Vendi Score Guidance},
  author={Askari Hemmat, Reyhane and Hall, Melissa and Sun, Alicia and Ross, Candace and Drozdzal, Michal and Romero-Soriano, Adriana},
  booktitle={European Conference on Computer Vision},
  pages={213--229},
  year={2024},
  organization={Springer}
}
@article{kannen2024beyond,
  title={Beyond aesthetics: Cultural competence in text-to-image models},
  author={Kannen, Nithish and Ahmad, Arif and Andreetto, Marco and Prabhakaran, Vinodkumar and Prabhu, Utsav and Dieng, Adji Bousso and Bhattacharyya, Pushpak and Dave, Shachi},
  journal={arXiv preprint arXiv:2407.06863},
  year={2024}
}
@article{pasarkar2023vendi,
  title={Vendi sampling for molecular simulations: Diversity as a force for faster convergence and better exploration},
  author={Pasarkar, Amey P and Bencomo, Gianluca M and Olsson, Simon and Dieng, Adji Bousso},
  journal={The Journal of chemical physics},
  volume={159},
  number={14},
  year={2023},
  publisher={AIP Publishing}
}
@article{liu2024diversity,
  title={Diversity-driven, efficient exploration of a MOF design space to optimize MOF properties},
  author={Liu, Tsung-Wei and Nguyen, Quan and Dieng, Adji Bousso and G{\'o}mez-Gualdr{\'o}n, Diego A},
  journal={Chemical Science},
  volume={15},
  number={45},
  pages={18903--18919},
  year={2024},
  publisher={Royal Society of Chemistry}
}
@inproceedings{song2020understanding,
title={{Understanding the Limitations of Variational Mutual Information Estimators}},
author={Song, Jiaming and Ermon, Stefano},
booktitle={International Conference on Learning Representations},
year={2020},
}

%%%%%%%%%%%%%%%%%%%%%%%%%%%%%%%% ICML

@inproceedings{yang1997comparative,
title={{A Comparativ e Study on Feature Selection in Text Categorization}},
author={Yang, Yiming and Pedersen, Jan O.\},
booktitle={International Conference on Machine Learning},
year={1997},
}

@inproceedings{nguyen2024quality,
title={{Quality-Weighted Vendi Scores And Their Application To Diverse Experimental Design}},
author={Nguyen, Quan and Dieng, Adji Bousso},
booktitle={International Conference on Machine Learning},
year={2024},
}

@inproceedings{foster2021deep,
title={{Deep Adaptive Design: Amortizing Sequential Bayesian Experimental Design}},
author={Foster, Adam and Ivanova, Desi R and Malik, Ilyas and Rainforth, Tom},
booktitle={International Conference on Machine Learning},
pages={3384--3395},
year={2021},
}

%%%%%%%%%%%%%%%%%%%%%%%%%%%%%%%% AISTATS

@inproceedings{pasarkar2024cousins,
title={{Cousins Of The Vendi Score: A Family Of Similarity-Based Diversity Metrics For Science And Machine Learning}},
author={Pasarkar, Amey P.\ and Dieng, Adji Bousso},
booktitle={International Conference on Artificial Intelligence and Statistics},
pages={3808--3816},
year={2024},
organization={PMLR}
}

@inproceedings{nguyen2023nonmyopic,
title={{Nonmyopic Multiclass Active Search with Diminishing Returns for Diverse Discovery
}},
author={Nguyen, Quan and Garnett, Roman},
booktitle={Proceedings of the 26th International Conference on Artificial Intelligence and Statistics},
year={2023}
}
%%%%%%%%%%%%%%%%%%%%%%%%%%%%%%%% NeurIPS
@inproceedings{macke2011biased,
title={How biased are maximum entropy models?},
author={Macke, Jakob H.\ and Murray, Iain and Latham, Peter},
booktitle={Advances in Neural Information Processing Systems},
volume={24},
year={2011}
}

@article{gardner2015bayesian,
title={Bayesian active model selection with an application to automated audiometry},
author={Gardner, Jacob and Malkomes, Gustavo and Garnett, Roman and Weinberger, Kilian Q.\ and Barbour, Dennis and Cunningham, John P.\},
journal={Advances in Neural Information Processing Systems},
volume={28},
year={2015}
}

@article{maus2022local,
title={{Local Latent Space Bayesian Optimization over Structured Inputs}},
author={Maus, Natalie and Jones, Haydn and Moore, Juston and Kusner, Matt J and Bradshaw, John and Gardner, Jacob},
journal={Advances in Neural Information Processing Systems 35},
pages={34505--34518},
year={2022}
}

@article{williams2000using,
title={{Using the Nystr{\"o}m Method to Speed Up Kernel Machines}},
author={Williams, Christopher and Seeger, Matthias},
journal={Advances in Neural Information Processing Systems 13},
year={2000}
}

%%%%%%%%%%%%%%%%%%%%%%%%%%%%%%%% entropy (MDPI)

@article{dorval2011estimating,
title={{Estimating Neuronal Information: Logarithmic Binning of Neuronal Inter-Spike Intervals}},
author={Dorval, Alan D.\},
journal={Entropy},
volume={13},
number={2},
pages={485--501},
year={2011},
publisher={MDPI}
}

@article{molter2020limitations,
title={{Limitations to Estimating Mutual Information in Large Neural Populations}},
author={M{\"o}lter, Jan and Goodhill, Geoffrey J.\},
journal={Entropy},
volume={22},
number={4},
pages={490},
year={2020},
publisher={MDPI}
}

%%%%%%%%%%%%%%%%%%%%%%%%%%%%%%%% misc
@article{friedman2023vendi,
title={{The Vendi Score: A Diversity Evaluation Metric for Machine Learning}},
author={Friedman, Dan and Dieng, Adji Bousso},
journal={Transactions on Machine Learning Research},
year={2023}
}

@article{shannon1948mathematical,
title={{A Mathematical Theory of Communication}},
author={Shannon, Claude},
journal={The Bell System Technical Journal},
volume={27},
number={3},
pages={379--423},
year={1948},
publisher={Nokia Bell Labs}
}

@article{quinlan1986induction,
title={{Induction of Decision Trees}},
author={Quinlan, J. Ross},
journal={Machine Learning},
volume={1},
pages={81--106},
year={1986},
publisher={Springer}
}

@article{rubin2012statistical,
title={Statistical topic models for multi-label document classification},
author={Rubin, Timothy N.\ and Chambers, America and Smyth, Padhraic and Steyvers, Mark},
journal={Machine learning},
volume={88},
pages={157--208},
year={2012},
publisher={Springer}
}

@article{zhang2015predicting,
title={Predicting drug side effects by multi-label learning and ensemble learning},
author={Zhang, Wen and Liu, Feng and Luo, Longqiang and Zhang, Jingxia},
journal={BMC Bioinformatics},
volume={16},
pages={1--11},
year={2015},
publisher={Springer}
}

@inproceedings{das2022predicting,
title={{Predicting Adverse Drug Reactions from Drug Functions by Binary Relevance Multi-label Classification and MLSMOTE}},
author={Das, Pranab and Sangma, Jerry W.\ and Pal, Vipin and Yogita},
booktitle={Practical Applications of Computational Biology \& Bioinformatics},
pages={165--173},
year={2022},
organization={Springer}
}

@book{quinlan2014c4,
title={C4.5: Programs for Machine Learning},
author={Quinlan, J. Ross},
year={2014},
publisher={Elsevier}
}

@article{lindley1956measure,
title={{On a Measure of the Information Provided by an Experiment}},
author={Lindley, Dennis V.\},
journal={The Annals of Mathematical Statistics},
volume={27},
number={4},
pages={986--1005},
year={1956},
publisher={Institute of Mathematical Statistics}
}

@techreport{settles2009active,
title={Active Learning},
author={Settles, Burr},
year={2009},
institution={University of Wisconsin-Madison Department of Computer Sciences}
}

@article{quian2009extracting,
title={Extracting information from neuronal populations: information theory and decoding approaches},
author={Quian Quiroga, Rodrigo and Panzeri, Stefano},
journal={Nature Reviews Neuroscience},
volume={10},
number={3},
pages={173--185},
year={2009},
publisher={Nature Publishing Group UK London}
}

@article{kinney2014equitability,
title={Equitability, mutual information, and the maximal information coefficient},
author={Kinney, Justin B.\ and Atwal, Gurinder S.\},
journal={Proceedings of the National Academy of Sciences},
volume={111},
number={9},
pages={3354--3359},
year={2014},
publisher={National Acad Sciences}
}

@article{rhee2012application,
title={The application of information theory to biochemical signaling systems},
author={Rhee, Alex and Cheong, Raymond and Levchenko, Andre},
journal={Physical biology},
volume={9},
number={4},
pages={045011},
year={2012},
publisher={IOP Publishing}
}

@article{paninski2003estimation,
title={{Estimation of Entropy and Mutual Information}},
author={Paninski, Liam},
journal={Neural Computation},
volume={15},
number={6},
pages={1191--1253},
year={2003},
publisher={MIT Press}
}

@article{chaloner1995bayesian,
title={{Bayesian Experimental Design: A Review}},
author={Chaloner, Kathryn and Verdinelli, Isabella},
journal={Statistical Science},
pages={273--304},
year={1995},
publisher={JSTOR}
}

@article{myung2013tutorial,
title={{A Tutorial on Adaptive Design Optimization}},
author={Myung, Jay I.\ and Cavagnaro, Daniel R.\ and Pitt, Mark A.\},
journal={Journal of Mathematical Psychology},
volume={57},
number={3-4},
pages={53--67},
year={2013},
publisher={Elsevier}
}

@article{novick2024probabilistic,
title={{Probabilistic Prediction of Material Stability: Integrating Convex Hulls into Active Learning}},
author={Novick, Andrew and Cai, Diana and Nguyen, Quan and Garnett, Roman and Adams, Ryan and Toberer, Eric},
journal={Materials Horizons},
publisher={Royal Society of Chemistry},
year={2024}
}

@article{dushenko2020sequential,
title={{Sequential Bayesian Experiment Design for Optically Detected Magnetic Resonance of Nitrogen-Vacancy Centers}},
author={Dushenko, Sergey and Ambal, Kapildeb and McMichael, Robert D.},
journal={Physical Review Applied},
volume={14},
number={5},
pages={054036},
year={2020},
publisher={APS}
}

@inproceedings{huang2013sentiment,
title={{Sentiment and Topic Analysis on Social Media: A Multi-Task Multi-Label Classification Approach}},
author={Huang, Shu and Peng, Wei and Li, Jingxuan and Lee, Dongwon},
booktitle={Proceedings of the 5th annual ACM web science conference},
pages={172--181},
year={2013}
}

@article{pedregosa2011scikit,
title={{Scikit-learn: Machine learning in Python}},
author={Pedregosa, Fabian and Varoquaux, Ga{\"e}l and Gramfort, Alexandre and Michel, Vincent and Thirion, Bertrand and Grisel, Olivier and Blondel, Mathieu and Prettenhofer, Peter and Weiss, Ron and Dubourg, Vincent and others},
journal={Journal of Machine Learning Research},
volume={12},
pages={2825--2830},
year={2011}
}

@article{hill1973diversity,
title={{Diversity and Evenness: A Unifying Notation and Its Consequences}},
author={Hill, Mark O.\},
journal={Ecology},
volume={54},
number={2},
pages={427--432},
year={1973},
}

@article{jost2006entropy,
title={Entropy and diversity},
author={Jost, Lou},
journal={Oikos},
volume={113},
number={2},
pages={363--375},
year={2006}
}

@book{leinster2021entropy,
title={Entropy and diversity: The axiomatic approach},
author={Leinster, Tom},
year={2021},
publisher={Cambridge University Press}
}

@article{bach2022information,
title={Information Theory With Kernel Methods},
author={Bach, Francis},
journal={IEEE Transactions on Information Theory},
volume={69},
number={2},
pages={752--775},
year={2022},
publisher={IEEE}
}

@article{leinster2012measuring,
title={Measuring diversity: the importance of species similarity},
author={Leinster, Tom and Cobbold, Christina A},
journal={Ecology},
volume={93},
number={3},
pages={477--489},
year={2012}
}

@article{ricotta2006towards,
title={{Towards a unifying approach to diversity measures: Bridging the gap between the Shannon entropy and Rao's quadratic index}},
author={Ricotta, Carlo and Szeidl, Laszlo},
journal={Theoretical population biology},
volume={70},
number={3},
pages={237--243},
year={2006},
publisher={Elsevier}
}
@inproceedings{cheng2024measuring,
title={{Measuring Uncertainty in Neural Machine Translation with Similarity-Sensitive Entropy}},
author={Cheng, Julius and Vlachos, Andreas},
booktitle={Proceedings of the 18th Conference of the European Chapter of the Association for Computational Linguistics},
pages={2115--2128},
year={2024}
}

@book{cover1999elements,
title={{Elements of Information Theory}},
author={Cover, Thomas M.\},
year={1999},
publisher={John Wiley \& Sons}
}

@phdthesis{hall1999correlation,
title={Correlation-based Feature Selection for Machine Learning},
author={Hall, Mark A.\},
year={1999},
school={The University of Waikato}
}

@article{shreem2016hybrid,
title={Hybrid feature selection algorithm using symmetrical uncertainty and a harmony search algorithm},
author={Shreem, Salam Salameh and Abdullah, Salwani and Nazri, Mohd Zakree Ahmad},
journal={International Journal of Systems Science},
volume={47},
number={6},
pages={1312--1329},
year={2016},
publisher={Taylor \& Francis}
}

@article{wang2022symmetric,
title={Symmetric uncertainty-incorporated probabilistic sequence-based ant colony optimization for feature selection in classification},
author={Wang, Ziqian and Gao, Shangce and Zhang, Yong and Guo, Lijun},
journal={Knowledge-Based Systems},
volume={256},
pages={109874},
year={2022},
publisher={Elsevier}
}

@misc{cook2014vast,
title={{The VAST challenge: History, scope, and outcomes: An introduction to the special issue}},
author={Cook, Kristin and Grinstein, Georges and Whiting, Mark},
journal={Information Visualization},
volume={13},
number={4},
pages={301--312},
year={2014}
}

@article{grinstein2011vast,
title={{VAST 2011 Challenge: Cyber security and epidemic}},
author={Grinstein, Georges and Cook, Kristin and Havig, Paul and Liggett, Kristen and Nebesh, Bohdan and Whiting, Mark and Whitley, Kirsten and Knoecni, Shawn},
journal={IEEE VAST},
volume={2011},
pages={299--301},
year={2011}
}

@article{garnett2015introducing,
title={Introducing the `active search' method for iterative virtual screening},
author={Garnett, Roman and G{\"a}rtner, Thomas and Vogt, Martin and Bajorath, J{\"u}rgen},
journal={Journal of Computer-Aided Molecular Design},
volume={29},
pages={305--314},
year={2015},
publisher={Springer}
}

@article{liu2007bindingdb,
title={Binding{DB}: {A} web-accessible database of experimentally determined protein--ligand binding affinities},
author={Liu, Tiqing and Lin, Yuhmei and Wen, Xin and Jorissen, Robert N and Gilson, Michael K},
journal={Nucleic Acids Research},
volume={35},
pages={D198--D201},
year={2007},
publisher={Oxford University Press}
}

@inproceedings{diplaris2005protein,
title={{Protein Classification with Multiple Algorithms}},
author={Diplaris, Sotiris and Tsoumakas, Grigorios and Mitkas, Pericles A.\ and Vlahavas, Ioannis},
booktitle={Advances in Informatics: 10th Panhellenic Conference on Informatics},
pages={448--456},
year={2005}
}

@inproceedings{joachims1998text,
title={{Text Categorization with Support Vector Machines Learning with Many Relevant Features}},
author={Joachims, Thorsten},
booktitle={European conference on machine learning},
pages={137--142},
year={1998}
}

@article{lipscomb2000medical,
title={{Medical Subject Headings (MeSH))}},
author={Lipscomb, Carolyn E.\},
journal={Bulletin of the Medical Library Association},
volume={88},
number={3},
pages={265},
year={2000},
publisher={Medical Library Association}
}

@inproceedings{hersh1994ohsumed,
title={{OHSUMED: An Interactive Retrieval Evaluation and New Large Test Collection for Research}},
author={Hersh, William and Buckley, Chris and Leone, T.\ J.\ and Hickam, David},
booktitle={Proceedings of the Seventeenth Annual International ACM-SIGIR Conference on Research and Development in Information Retrieval},
pages={192--201},
year={1994}
}

@article{cook2008optimal,
title={{Optimal Observation Times in Experimental Epidemic Processes}},
author={Cook, Alex R.\ and Gibson, Gavin J.\ and Gilligan, Christopher A.\},
journal={Biometrics},
volume={64},
number={3},
pages={860--868},
year={2008}
}

@article{sheng2004maximum,
title={{Maximum Likelihood Multiple-Source Localization Using Acoustic Energy Measurements with Wireless Sensor Networks}},
author={Sheng, Xiaohong and Hu, Yu-Hen},
journal={IEEE transactions on signal processing},
volume={53},
number={1},
pages={44--53},
year={2004},
publisher={IEEE}
}

@article{rao1982diversity,
title={{Diversity and Dissimilarity Coefficients: A Unified Approach}},
author={Rao, C.\ Radhakrishna},
journal={Theoretical Population Biology},
volume={21},
number={1},
pages={24--43},
year={1982}
}
@article{wu2023self,
title={{Self-Evolved Diverse Data Sampling for Efficient Instruction Tuning}},
author={Wu, Shengguang and Lu, Keming and Xu, Benfeng and Lin, Junyang and Su, Qi and Zhou, Chang},
note={arXiv:2311.08182 [cs.CL]},
journal={arXiv preprint},
year={2023}
}

@article{mousavi2024vsi,
title={{VSI: An Interpretable Bayesian Feature Ranking Method Based on Vendi Score}},
author={Mousavi, Mohsen and Khalili, Nasser},
journal={SSRN},
year={2024},
}
@article{gao2016linear,
  title={Linear dynamical neural population models through nonlinear embeddings},
  author={Gao, Yuanjun and Archer, Evan W and Paninski, Liam and Cunningham, John P},
  journal={Advances in neural information processing systems},
  volume={29},
  year={2016}
}
@article{archer2015black,
  title={Black box variational inference for state space models},
  author={Archer, Evan and Park, Il Memming and Buesing, Lars and Cunningham, John and Paninski, Liam},
  journal={arXiv preprint arXiv:1511.07367},
  year={2015}
}
@article{graves2013generating,
  title={Generating sequences with recurrent neural networks},
  author={Graves, Alex},
  journal={arXiv preprint arXiv:1308.0850},
  year={2013}
}

@article{kobyzev2020normalizing,
  title={Normalizing flows: An introduction and review of current methods},
  author={Kobyzev, Ivan and Prince, Simon JD and Brubaker, Marcus A},
  journal={IEEE transactions on pattern analysis and machine intelligence},
  volume={43},
  number={11},
  pages={3964--3979},
  year={2020},
  publisher={IEEE}
}
@article{glaser2020machine,
  title={Machine learning for neural decoding},
  author={Glaser, Joshua I and Benjamin, Ari S and Chowdhury, Raeed H and Perich, Matthew G and Miller, Lee E and Kording, Konrad P},
  journal={Eneuro},
  volume={7},
  number={4},
  year={2020},
  publisher={Society for Neuroscience}
}

@article{rezaei2023reverse,
  title={Reverse survival model (RSM): a pipeline for explaining predictions of deep survival models},
  author={Rezaei, Mohammad R and Fard, Reza Saadati and Pourjafari, Ebrahim and Ziaei, Navid and Sameizadeh, Amir and Shafiee, Mohammad and Alavinia, Mohammad and Abolghasemian, Mansour and Sajadi, Nick},
  journal={Applied Intelligence},
  pages={1--16},
  year={2023},
  publisher={Springer}
}
@article{song2020score,
  title={Score-based generative modeling through stochastic differential equations},
  author={Song, Yang and Sohl-Dickstein, Jascha and Kingma, Diederik P and Kumar, Abhishek and Ermon, Stefano and Poole, Ben},
  journal={arXiv preprint arXiv:2011.13456},
  year={2020}
}
@article{croitoru2023diffusion,
  title={Diffusion models in vision: A survey},
  author={Croitoru, Florinel-Alin and Hondru, Vlad and Ionescu, Radu Tudor and Shah, Mubarak},
  journal={IEEE Transactions on Pattern Analysis and Machine Intelligence},
  year={2023},
  publisher={IEEE}
}
@article{kingma2019introduction,
  title={An introduction to variational autoencoders},
  author={Kingma, Diederik P and Welling, Max and others},
  journal={Foundations and Trends{\textregistered} in Machine Learning},
  volume={12},
  number={4},
  pages={307--392},
  year={2019},
  publisher={Now Publishers, Inc.}
}
@article{goodfellow2020generative,
  title={Generative adversarial networks},
  author={Goodfellow, Ian and Pouget-Abadie, Jean and Mirza, Mehdi and Xu, Bing and Warde-Farley, David and Ozair, Sherjil and Courville, Aaron and Bengio, Yoshua},
  journal={Communications of the ACM},
  volume={63},
  number={11},
  pages={139--144},
  year={2020},
  publisher={ACM New York, NY, USA}
}
@article{lu2022dpm,
  title={Dpm-solver: A fast ode solver for diffusion probabilistic model sampling in around 10 steps},
  author={Lu, Cheng and Zhou, Yuhao and Bao, Fan and Chen, Jianfei and Li, Chongxuan and Zhu, Jun},
  journal={arXiv preprint arXiv:2206.00927},
  year={2022}
}
@article{lu2022dpm2,
  title={Dpm-solver++: Fast solver for guided sampling of diffusion probabilistic models},
  author={Lu, Cheng and Zhou, Yuhao and Bao, Fan and Chen, Jianfei and Li, Chongxuan and Zhu, Jun},
  journal={arXiv preprint arXiv:2211.01095},
  year={2022}
}
@article{xu2022poisson,
  title={Poisson flow generative models},
  author={Xu, Yilun and Liu, Ziming and Tegmark, Max and Jaakkola, Tommi},
  journal={arXiv preprint arXiv:2209.11178},
  year={2022}
}
@article{xu2023pfgm,
  title={Pfgm++: Unlocking the potential of physics-inspired generative models},
  author={Xu, Yilun and Liu, Ziming and Tian, Yonglong and Tong, Shangyuan and Tegmark, Max and Jaakkola, Tommi},
  journal={arXiv preprint arXiv:2302.04265},
  year={2023}
}
@article{song2020denoising,
  title={Denoising diffusion implicit models},
  author={Song, Jiaming and Meng, Chenlin and Ermon, Stefano},
  journal={arXiv preprint arXiv:2010.02502},
  year={2020}
}

@article{dutordoir2022neural,
  title={Neural diffusion processes},
  author={Dutordoir, Vincent and Saul, Alan and Ghahramani, Zoubin and Simpson, Fergus},
  journal={arXiv preprint arXiv:2206.03992},
  year={2022}
}
@article{lim2023score,
  title={Score-based diffusion models in function space},
  author={Lim, Jae Hyun and Kovachki, Nikola B and Baptista, Ricardo and Beckham, Christopher and Azizzadenesheli, Kamyar and Kossaifi, Jean and Voleti, Vikram and Song, Jiaming and Kreis, Karsten and Kautz, Jan and others},
  journal={arXiv preprint arXiv:2302.07400},
  year={2023}
}
@article{vahdat2021score,
  title={Score-based generative modeling in latent space},
  author={Vahdat, Arash and Kreis, Karsten and Kautz, Jan},
  journal={Advances in Neural Information Processing Systems},
  volume={34},
  pages={11287--11302},
  year={2021}
}
@article{truccolo2005point,
  title={A point process framework for relating neural spiking activity to spiking history, neural ensemble, and extrinsic covariate effects},
  author={Truccolo, Wilson and Eden, Uri T and Fellows, Matthew R and Donoghue, John P and Brown, Emery N},
  journal={Journal of neurophysiology},
  volume={93},
  number={2},
  pages={1074--1089},
  year={2005},
  publisher={American Physiological Society}
}
@inproceedings{mhammedi2017efficient,
  title={Efficient orthogonal parametrisation of recurrent neural networks using householder reflections},
  author={Mhammedi, Zakaria and Hellicar, Andrew and Rahman, Ashfaqur and Bailey, James},
  booktitle={International Conference on Machine Learning},
  pages={2401--2409},
  year={2017},
  organization={PMLR}
}
@article{tomczak2016improving,
  title={Improving variational auto-encoders using householder flow},
  author={Tomczak, Jakub M and Welling, Max},
  journal={arXiv preprint arXiv:1611.09630},
  year={2016}
}

@article{pei2021neural,
  title={Neural Latents Benchmark'21: evaluating latent variable models of neural population activity},
  author={Pei, Felix and Ye, Joel and Zoltowski, David and Wu, Anqi and Chowdhury, Raeed H and Sohn, Hansem and O'Doherty, Joseph E and Shenoy, Krishna V and Kaufman, Matthew T and Churchland, Mark and others},
  journal={arXiv preprint arXiv:2109.04463},
  year={2021}
}

@article{song2019generative,
  title={Generative modeling by estimating gradients of the data distribution},
  author={Song, Yang and Ermon, Stefano},
  journal={Advances in neural information processing systems},
  volume={32},
  year={2019}
}
@article{garnelo2018neural,
  title={Neural processes},
  author={Garnelo, Marta and Schwarz, Jonathan and Rosenbaum, Dan and Viola, Fabio and Rezende, Danilo J and Eslami, SM and Teh, Yee Whye},
  journal={arXiv preprint arXiv:1807.01622},
  year={2018}
}
@book{yu2016automatic,
  title={Automatic speech recognition},
  author={Yu, Dong and Deng, Li},
  volume={1},
  year={2016},
  publisher={Springer}
}
@article{briot2017deep,
  title={Deep learning techniques for music generation--a survey},
  author={Briot, Jean-Pierre and Hadjeres, Ga{\"e}tan and Pachet, Fran{\c{c}}ois-David},
  journal={arXiv preprint arXiv:1709.01620},
  year={2017}
}
@inproceedings{afraimovich1977origin,
  title={On the origin and structure of the Lorenz attractor},
  author={Afraimovich, Valentin S and Bykov, VV and Shilnikov, Leonid P},
  booktitle={Akademiia Nauk SSSR Doklady},
  volume={234},
  pages={336--339},
  year={1977}
}
@article{anumanchipalli2019speech,
  title={Speech synthesis from neural decoding of spoken sentences},
  author={Anumanchipalli, Gopala K and Chartier, Josh and Chang, Edward F},
  journal={Nature},
  volume={568},
  number={7753},
  pages={493--498},
  year={2019},
  publisher={Nature Publishing Group}
}
@article{golshan2020lfp,
  title={LFP-Net: A deep learning framework to recognize human behavioral activities using brain STN-LFP signals},
  author={Golshan, Hosein M and Hebb, Adam O and Mahoor, Mohammad H},
  journal={Journal of neuroscience methods},
  volume={335},
  pages={108621},
  year={2020},
  publisher={Elsevier}
}
@article{gracco2005imaging,
  title={Imaging speech production using fMRI},
  author={Gracco, Vincent L and Tremblay, Pascale and Pike, Bruce},
  journal={Neuroimage},
  volume={26},
  number={1},
  pages={294--301},
  year={2005},
  publisher={Elsevier}
}
@article{glaser2018population,
  title={Population coding of conditional probability distributions in dorsal premotor cortex},
  author={Glaser, Joshua I and Perich, Matthew G and Ramkumar, Pavan and Miller, Lee E and Kording, Konrad P},
  journal={Nature communications},
  volume={9},
  number={1},
  pages={1788},
  year={2018},
  publisher={Nature Publishing Group UK London}
}
@article{girin2020dynamical,
  title={Dynamical variational autoencoders: A comprehensive review},
  author={Girin, Laurent and Leglaive, Simon and Bie, Xiaoyu and Diard, Julien and Hueber, Thomas and Alameda-Pineda, Xavier},
  journal={arXiv preprint arXiv:2008.12595},
  year={2020}
}
@article{chung2015recurrent,
  title={A recurrent latent variable model for sequential data},
  author={Chung, Junyoung and Kastner, Kyle and Dinh, Laurent and Goel, Kratarth and Courville, Aaron C and Bengio, Yoshua},
  journal={Advances in neural information processing systems},
  volume={28},
  year={2015}
}

@article{fraccaro2016sequential,
  title={Sequential neural models with stochastic layers},
  author={Fraccaro, Marco and S{\o}nderby, S{\o}ren Kaae and Paquet, Ulrich and Winther, Ole},
  journal={Advances in neural information processing systems},
  volume={29},
  year={2016}
}

@article{bond2021deep,
  title={Deep generative modelling: A comparative review of vaes, gans, normalizing flows, energy-based and autoregressive models},
  author={Bond-Taylor, Sam and Leach, Adam and Long, Yang and Willcocks, Chris G},
  journal={IEEE transactions on pattern analysis and machine intelligence},
  year={2021},
  publisher={IEEE}
}
@inproceedings{pandey2021vaes,
  title={VAEs meet diffusion models: Efficient and high-fidelity generation},
  author={Pandey, Kushagra and Mukherjee, Avideep and Rai, Piyush and Kumar, Abhishek},
  booktitle={NeurIPS 2021 Workshop on Deep Generative Models and Downstream Applications},
  year={2021}
}
@article{lin2023diffusion,
  title={Diffusion models for time series applications: A survey},
  author={Lin, Lequan and Li, Zhengkun and Li, Ruikun and Li, Xuliang and Gao, Junbin},
  journal={arXiv preprint arXiv:2305.00624},
  year={2023}
}
@article{yan2021scoregrad,
  title={ScoreGrad: Multivariate probabilistic time series forecasting with continuous energy-based generative models},
  author={Yan, Tijin and Zhang, Hongwei and Zhou, Tong and Zhan, Yufeng and Xia, Yuanqing},
  journal={arXiv preprint arXiv:2106.10121},
  year={2021}
}
@article{li2022generative,
  title={Generative time series forecasting with diffusion, denoise, and disentanglement},
  author={Li, Yan and Lu, Xinjiang and Wang, Yaqing and Dou, Dejing},
  journal={Advances in Neural Information Processing Systems},
  volume={35},
  pages={23009--23022},
  year={2022}
}
@inproceedings{rasul2021autoregressive,
  title={Autoregressive denoising diffusion models for multivariate probabilistic time series forecasting},
  author={Rasul, Kashif and Seward, Calvin and Schuster, Ingmar and Vollgraf, Roland},
  booktitle={International Conference on Machine Learning},
  pages={8857--8868},
  year={2021},
  organization={PMLR}
}
@inproceedings{du2016recurrent,
  title={Recurrent marked temporal point processes: Embedding event history to vector},
  author={Du, Nan and Dai, Hanjun and Trivedi, Rakshit and Upadhyay, Utkarsh and Gomez-Rodriguez, Manuel and Song, Le},
  booktitle={Proceedings of the 22nd ACM SIGKDD international conference on knowledge discovery and data mining},
  pages={1555--1564},
  year={2016}
}
@article{bilovs2022modeling,
  title={Modeling temporal data as continuous functions with process diffusion},
  author={Bilo{\v{s}}, Marin and Rasul, Kashif and Schneider, Anderson and Nevmyvaka, Yuriy and G{\"u}nnemann, Stephan},
  journal={arXiv preprint arXiv:2211.02590},
  year={2022}
}
@inproceedings{gregor2014deep,
  title={Deep autoregressive networks},
  author={Gregor, Karol and Danihelka, Ivo and Mnih, Andriy and Blundell, Charles and Wierstra, Daan},
  booktitle={International Conference on Machine Learning},
  pages={1242--1250},
  year={2014},
  organization={PMLR}
}
@article{neklyudov2022action,
  title={Action matching: A variational method for learning stochastic dynamics from samples},
  author={Neklyudov, Kirill and Severo, Daniel and Makhzani, Alireza},
  journal={arXiv preprint arXiv:2210.06662},
  year={2022}
}
@article{graves2023bayesian,
  title={Bayesian Flow Networks},
  author={Graves, Alex and Srivastava, Rupesh Kumar and Atkinson, Timothy and Gomez, Faustino},
  journal={arXiv preprint arXiv:2308.07037},
  year={2023}
}
@article{kingma2021variational,
  title={Variational diffusion models},
  author={Kingma, Diederik and Salimans, Tim and Poole, Ben and Ho, Jonathan},
  journal={Advances in neural information processing systems},
  volume={34},
  pages={21696--21707},
  year={2021}
}
@article{sinha2021consistency,
  title={Consistency regularization for variational auto-encoders},
  author={Sinha, Samarth and Dieng, Adji Bousso},
  journal={Advances in Neural Information Processing Systems},
  volume={34},
  pages={12943--12954},
  year={2021}
}
@inproceedings{nichol2021improved,
  title={Improved denoising diffusion probabilistic models},
  author={Nichol, Alexander Quinn and Dhariwal, Prafulla},
  booktitle={International Conference on Machine Learning},
  pages={8162--8171},
  year={2021},
  organization={PMLR}
}
@article{vahdat2020nvae,
  title={NVAE: A deep hierarchical variational autoencoder},
  author={Vahdat, Arash and Kautz, Jan},
  journal={Advances in neural information processing systems},
  volume={33},
  pages={19667--19679},
  year={2020}
}
@inproceedings{salakhutdinov2008quantitative,
title={On the quantitative analysis of deep belief networks},
author={Salakhutdinov, Ruslan and Murray, Iain},
booktitle={Proceedings of the 25th international conference on Machine learning},
pages={872--879},
year={2008},
organization={ACM}
}

% Proof of posterior for Gaussian
@TECHREPORT{murphy2007conjugate,
author = {Murphy, Kevin},
year = {2007},
title = {Conjugate Bayesian analysis of the Gaussian distribution},
institution = {University of British Columbia},
}

% VDM
@article{kingma2021variational,
  title={Variational diffusion models},
  author={Kingma, Diederik and Salimans, Tim and Poole, Ben and Ho, Jonathan},
  journal={Advances in neural information processing systems},
  volume={34},
  pages={21696--21707},
  year={2021}
}


% GPT2
@techreport{radford2019language,
  title={Language models are unsupervised multitask learners},
  author={Radford, Alec and Wu, Jeffrey and Child, Rewon and Luan, David and Amodei, Dario and Sutskever, Ilya and others},
  year={2019},
  institution={OpenAI}
}

% GELU
@article{hendrycks2016gaussian,
  title={Gaussian error linear units (gelus)},
  author={Hendrycks, Dan and Gimpel, Kevin},
  journal={arXiv preprint arXiv:1606.08415},
  year={2016}
}

% AdamW
@article{loshchilov2017decoupled,
  title={Decoupled weight decay regularization},
  author={Loshchilov, Ilya and Hutter, Frank},
  journal={arXiv preprint arXiv:1711.05101},
  year={2017}
}

% ARDM
@article{hoogeboom2021autoregressive,
  title={Autoregressive diffusion models},
  author={Hoogeboom, Emiel and Gritsenko, Alexey A and Bastings, Jasmijn and Poole, Ben and Berg, Rianne van den and Salimans, Tim},
  journal={arXiv preprint arXiv:2110.02037},
  year={2021}
}

% MAC
@article{shih2022training,
  title={Training and Inference on Any-Order Autoregressive Models the Right Way},
  author={Shih, Andy and Sadigh, Dorsa and Ermon, Stefano},
  journal={Advances in Neural Information Processing Systems},
  volume={35},
  pages={2762--2775},
  year={2022}
}

% D3PM absorbing+NN / transformer decoder
@article{austin2021d3pm,
  title = {Structured {{Denoising Diffusion Models}} in {{Discrete State-Spaces}}},
  author = {Austin, Jacob and Johnson, Daniel D. and Ho, Jonathan and Tarlow, Daniel and van den Berg, Rianne},
  year = {2021},
  month = jul,
  journal={arXiv preprint arXiv:2107.03006},
}


% Multinomial Diffusion / D3PM uniform
@inproceedings{hoogeboom2021,
  title = {Argmax {{Flows}} and {{Multinomial Diffusion}}: {{Learning Categorical Distributions}}},
  shorttitle = {Argmax {{Flows}} and {{Multinomial Diffusion}}},
  booktitle = {Advances in {{Neural Information Processing Systems}}},
  author = {Hoogeboom, Emiel and Nielsen, Didrik and Jaini, Priyank and Forr{\'e}, Patrick and Welling, Max},
  year = {2021},
  volume = {34},
  pages = {12454--12465},
  publisher = {{Curran Associates, Inc.}},
}

% Discrete Flow
@article{tran2019,
  title = {Discrete Flows: {{Invertible}} Generative Models of Discrete Data},
  author = {Tran, Dustin and Vafa, Keyon and Agrawal, Kumar and Dinh, Laurent and Poole, Ben},
  year = {2019},
  journal = {Advances in Neural Information Processing Systems},
  volume = {32}
}

% IAF/SCF
@inproceedings{ziegler2019,
  title = {Latent {{Normalizing Flows}} for {{Discrete Sequences}}},
  booktitle = {Proceedings of the 36th {{International Conference}} on {{Machine Learning}}},
  author = {Ziegler, Zachary and Rush, Alexander},
  year = {2019},
  month = may,
  pages = {7673--7682},
  publisher = {{PMLR}},
  issn = {2640-3498},
}

% Adaptive span transfomers
@article{sukhbaatar2019,
      title = {Adaptive {{Attention Span}} in {{Transformers}}},
  author = {Sukhbaatar, Sainbayar and Grave, Edouard and Bojanowski, Piotr and Joulin, Armand},
  year = {2019},
  month = aug,
  journal={arXiv preprint arXiv:1905.07799},
}

@article{salimans2017pixel,
  title={Pixelcnn++: Improving the {PixelCNN} with discretized logistic mixture likelihood and other modifications},
  author={Salimans, Tim and Karpathy, Andrej and Chen, Xi and Kingma, Diederik P},
  journal={arXiv preprint arXiv:1701.05517},
  year={2017}
}


% CR-NVAE
@article{sinha2021consistency,
  title={Consistency regularization for variational auto-encoders},
  author={Sinha, Samarth and Dieng, Adji Bousso},
  journal={Advances in Neural Information Processing Systems},
  volume={34},
  pages={12943--12954},
  year={2021}
}

% NVAE
@article{vahdat2020nvae,
  title={NVAE: A deep hierarchical variational autoencoder},
  author={Vahdat, Arash and Kautz, Jan},
  journal={Advances in neural information processing systems},
  volume={33},
  pages={19667--19679},
  year={2020}
}

% VDVAE
@article{child2020very,
  title={Very deep vaes generalize autoregressive models and can outperform them on images},
  author={Child, Rewon},
  journal={arXiv preprint arXiv:2011.10650},
  year={2020}
}

@inproceedings{jain2020locally,
  title={Locally masked convolution for autoregressive models},
  author={Jain, Ajay and Abbeel, Pieter and Pathak, Deepak},
  booktitle={Conference on Uncertainty in Artificial Intelligence},
  pages={1358--1367},
  year={2020},
  organization={PMLR}
}

@article{sadeghi2019pixelvae++,
  title={Pixelvae++: Improved pixelvae with discrete prior},
  author={Sadeghi, Hossein and Andriyash, Evgeny and Vinci, Walter and Buffoni, Lorenzo and Amin, Mohammad H},
  journal={arXiv preprint arXiv:1908.09948},
  year={2019}
}

@inproceedings{van2016pixel,
  title={Pixel recurrent neural networks},
  author={Van Den Oord, A{\"a}ron and Kalchbrenner, Nal and Kavukcuoglu, Koray},
  booktitle={International conference on machine learning},
  pages={1747--1756},
  year={2016},
  organization={PMLR}
}

@inproceedings{parmar2018image,
  title={Image transformer},
  author={Parmar, Niki and Vaswani, Ashish and Uszkoreit, Jakob and Kaiser, Lukasz and Shazeer, Noam and Ku, Alexander and Tran, Dustin},
  booktitle={International conference on machine learning},
  pages={4055--4064},
  year={2018},
  organization={PMLR}
}

% DDPM++
@article{kim2021soft,
  title={Soft truncation: A universal training technique of score-based diffusion model for high precision score estimation},
  author={Kim, Dongjun and Shin, Seungjae and Song, Kyungwoo and Kang, Wanmo and Moon, Il-Chul},
  journal={arXiv preprint arXiv:2106.05527},
  year={2021}
}

% Improved DDPM
@inproceedings{nichol2021improved,
  title={Improved denoising diffusion probabilistic models},
  author={Nichol, Alexander Quinn and Dhariwal, Prafulla},
  booktitle={International Conference on Machine Learning},
  pages={8162--8171},
  year={2021},
  organization={PMLR}
}

@article{van2016conditional,
  title={Conditional image generation with pixelcnn decoders},
  author={Van den Oord, Aaron and Kalchbrenner, Nal and Espeholt, Lasse and Vinyals, Oriol and Graves, Alex and others},
  journal={Advances in neural information processing systems},
  volume={29},
  year={2016}
}

% LSGM
@article{vahdat2021score,
  title={Score-based generative modeling in latent space},
  author={Vahdat, Arash and Kreis, Karsten and Kautz, Jan},
  journal={Advances in Neural Information Processing Systems},
  volume={34},
  pages={11287--11302},
  year={2021}
}

% Sparse transformers
@article{child2019generating,
  title={Generating long sequences with sparse transformers},
  author={Child, Rewon and Gray, Scott and Radford, Alec and Sutskever, Ilya},
  journal={arXiv preprint arXiv:1904.10509},
  year={2019}
}

@TECHREPORT{Krizhevsky09learningmultiple,
    author = {Alex Krizhevsky},
    title = {Learning multiple layers of features from tiny images},
    institution = {University of Toronto},
    year = {2009}
}

@article{lou2023reflected,
  title={Reflected diffusion models},
  author={Lou, Aaron and Ermon, Stefano},
  journal={arXiv preprint arXiv:2304.04740},
  year={2023}
}

% Bits back
@inproceedings{hinton1993keeping,
  title={Keeping the neural networks simple by minimizing the description length of the weights},
  author={Hinton, Geoffrey E and Van Camp, Drew},
  booktitle={Proceedings of the sixth annual conference on Computational learning theory},
  pages={5--13},
  year={1993}
}

% Source coding theorem
@article{shannon1948mathematical,
  title={A mathematical theory of communication},
  author={Shannon, Claude Elwood},
  journal={The Bell system technical journal},
  volume={27},
  number={3},
  pages={379--423},
  year={1948},
  publisher={Nokia Bell Labs}
}
% Bits back in practice
@article{townsend2019practical,
  title={Practical lossless compression with latent variables using bits back coding},
  author={Townsend, James and Bird, Tom and Barber, David},
  journal={arXiv preprint arXiv:1901.04866},
  year={2019}
}
% ANS
@article{duda2009asymmetric,
  title={Asymmetric numeral systems},
  author={Duda, Jarek},
  journal={arXiv preprint arXiv:0902.0271},
  year={2009}
}
% AC
@article{witten1987arithmetic,
  title={Arithmetic coding for data compression},
  author={Witten, Ian H and Neal, Radford M and Cleary, John G},
  journal={Communications of the ACM},
  volume={30},
  number={6},
  pages={520--540},
  year={1987},
  publisher={ACM New York, NY, USA}
}

@article{menick2018generating,
  title={Generating high fidelity images with subscale pixel networks and multidimensional upscaling},
  author={Menick, Jacob and Kalchbrenner, Nal},
  journal={arXiv preprint arXiv:1812.01608},
  year={2018}
}

@book{georgii2008stochastics,
  title={Stochastics: Introduction to Probability and Statistics},
  author={Georgii, H.O.},
  isbn={9783110191455},
  lccn={2012359599},
  series={De Gruyter textbook},
  url={https://books.google.co.uk/books?id=ttJ5xpQX2MgC},
  year={2008},
  publisher={Walter De Gruyter}
}

@misc{lecun-mnisthandwrittendigit-2010,
  author = {LeCun, Yann and Cortes, Corinna},
  title = {{MNIST} handwritten digit database},
  url = {http://yann.lecun.com/exdb/mnist/},
  year = 2010
}

@misc{mahoney09ltcb,
  author = {Matt Mahoney},
  title = {Large text compression benchmark.},
  year = 2009,
  url = {http://mattmahoney.net/dc/textdata.html},
}

@inproceedings{rezende2015variational,
  title={Variational inference with normalizing flows},
  author={Rezende, Danilo and Mohamed, Shakir},
  booktitle={International conference on machine learning},
  pages={1530--1538},
  year={2015},
  organization={PMLR}
}

@article{song2020score,
  title={Score-based generative modeling through stochastic differential equations},
  author={Song, Yang and Sohl-Dickstein, Jascha and Kingma, Diederik P and Kumar, Abhishek and Ermon, Stefano and Poole, Ben},
  journal={arXiv preprint arXiv:2011.13456},
  year={2020}
}

@article{graves2013generating,
  title={Generating sequences with recurrent neural networks},
  author={Graves, Alex},
  journal={arXiv preprint arXiv:1308.0850},
  year={2013}
}

@inproceedings{sohl2015deep,
  title={Deep unsupervised learning using nonequilibrium thermodynamics},
  author={Sohl-Dickstein, Jascha and Weiss, Eric and Maheswaranathan, Niru and Ganguli, Surya},
  booktitle={International conference on machine learning},
  pages={2256--2265},
  year={2015},
  organization={PMLR}
}

@article{kingma2013auto,
  title={Auto-encoding variational bayes},
  author={Kingma, Diederik P and Welling, Max},
  journal={arXiv preprint arXiv:1312.6114},
  year={2013}
}

@article{dieleman2022continuous,
  title={Continuous diffusion for categorical data},
  author={Dieleman, Sander and Sartran, Laurent and Roshannai, Arman and Savinov, Nikolay and Ganin, Yaroslav and Richemond, Pierre H and Doucet, Arnaud and Strudel, Robin and Dyer, Chris and Durkan, Conor and others},
  journal={arXiv preprint arXiv:2211.15089},
  year={2022}
}

@article{Strudel2022SelfconditionedED,
  title={Self-conditioned Embedding Diffusion for Text Generation},
  author={Robin Strudel and Corentin Tallec and Florent Altch'e and Yilun Du and Yaroslav Ganin and Arthur Mensch and Will Grathwohl and Nikolay Savinov and Sander Dieleman and L. Sifre and R{\'e}mi Leblond},
  journal={ArXiv},
  year={2022},
  volume={abs/2211.04236},
}

@article{salimans2022progressive,
  title={Progressive distillation for fast sampling of diffusion models},
  author={Salimans, Tim and Ho, Jonathan},
  journal={arXiv preprint arXiv:2202.00512},
  year={2022}
}

@article{song2023consistency,
  title={Consistency Models},
  author={Song, Yang and Dhariwal, Prafulla and Chen, Mark and Sutskever, Ilya},
  journal={arXiv preprint arXiv:2303.01469},
  year={2023},
}

@article{mahabadi2023tess,
      title={TESS: Text-to-Text Self-Conditioned Simplex Diffusion}, 
      author={Rabeeh Karimi Mahabadi and Jaesung Tae and Hamish Ivison and James Henderson and Iz Beltagy and Matthew E. Peters and Arman Cohan},
      year={2023},
      journal={arXiv preprint arXiv:2305.08379},
}

@article{richemond2022categorical,
      title={Categorical {SDEs} with Simplex Diffusion}, 
      author={Pierre H. Richemond and Sander Dieleman and Arnaud Doucet},
      year={2022},
      journal={arXiv preprint arXiv:2210.14784},
}

@article{li2022diffusionlm,
      title={Diffusion-LM Improves Controllable Text Generation}, 
      author={Xiang Lisa Li and John Thickstun and Ishaan Gulrajani and Percy Liang and Tatsunori B. Hashimoto},
      year={2022},
      journal={arXiv preprint arXiv:2205.14217},
}

@article{strudel2022self,
  title={Self-conditioned embedding diffusion for text generation},
  author={Strudel, Robin and Tallec, Corentin and Altch{\'e}, Florent and Du, Yilun and Ganin, Yaroslav and Mensch, Arthur and Grathwohl, Will and Savinov, Nikolay and Dieleman, Sander and Sifre, Laurent and others},
  journal={arXiv preprint arXiv:2211.04236},
  year={2022}
}

@article{watson2022learning,
      title={Learning Fast Samplers for Diffusion Models by Differentiating Through Sample Quality}, 
      author={Daniel Watson and William Chan and Jonathan Ho and Mohammad Norouzi},
      year={2022},
      journal={arXiv preprint arXiv:2202.05830},
}

@article{dhariwal2021diffusion,
  title={Diffusion models beat gans on image synthesis},
  author={Dhariwal, Prafulla and Nichol, Alexander},
  journal={Advances in neural information processing systems},
  volume={34},
  pages={8780--8794},
  year={2021}
}

@article{openai2023gpt4,
      title={GPT-4 Technical Report}, 
      author={OpenAI},
      year={2023},
      journal={arXiv preprint arXiv:2303.08774},
}

@inproceedings{rombach2022high,
  title={High-resolution image synthesis with latent diffusion models},
  author={Rombach, Robin and Blattmann, Andreas and Lorenz, Dominik and Esser, Patrick and Ommer, Bj{\"o}rn},
  booktitle={Proceedings of the IEEE/CVF conference on computer vision and pattern recognition},
  pages={10684--10695},
  year={2022}
}

@article{chen2022analog,
  title={Analog bits: Generating discrete data using diffusion models with self-conditioning},
  author={Chen, Ting and Zhang, Ruixiang and Hinton, Geoffrey},
  journal={arXiv preprint arXiv:2208.04202},
  year={2022}
}
@article{arjovsky2017wasserstein,
  title={Wasserstein gan},
  author={Arjovsky, Martin and Chintala, Soumith and Bottou, L{\'e}on},
  journal={Proceedings of the 34th International Conference on Machine Learning},
  year={2017}
}

@article{brock2018large,
  title={Large scale gan training for high fidelity natural image synthesis},
  author={Brock, Andrew and Donahue, Jeff and Simonyan, Karen},
  journal={arXiv preprint arXiv:1809.11096},
  year={2018}
}

@inproceedings{karras2019style,
  title={A style-based generator architecture for generative adversarial networks},
  author={Karras, Tero and Laine, Samuli and Aila, Timo},
  booktitle={Proceedings of the IEEE conference on computer vision and pattern recognition},
  pages={4401--4410},
  year={2019}
}

@inproceedings{razavi2019generating,
  title={Generating diverse high-fidelity images with vq-vae-2},
  author={Razavi, Ali and van den Oord, Aaron and Vinyals, Oriol},
  booktitle={Advances in Neural Information Processing Systems},
  pages={14866--14876},
  year={2019}
}

@article{oord2016wavenet,
  title={Wavenet: A generative model for raw audio},
  author={Oord, Aaron van den and Dieleman, Sander and Zen, Heiga and Simonyan, Karen and Vinyals, Oriol and Graves, Alex and Kalchbrenner, Nal and Senior, Andrew and Kavukcuoglu, Koray},
  journal={arXiv preprint arXiv:1609.03499},
  year={2016}
}

@article{dhariwal2020jukebox,
  title={Jukebox: A generative model for music},
  author={Dhariwal, Prafulla and Jun, Heewoo and Payne, Christine and Kim, Jong Wook and Radford, Alec and Sutskever, Ilya},
  journal={arXiv preprint arXiv:2005.00341},
  year={2020}
}

@article{ping2019waveflow,
  title={Waveflow: A compact flow-based model for raw audio},
  author={Ping, Wei and Peng, Kainan and Zhao, Kexin and Song, Zhao},
  journal={ICML},
  year={2020}
}

@inproceedings{zhu2017unpaired,
  title={Unpaired image-to-image translation using cycle-consistent adversarial networks},
  author={Zhu, Jun-Yan and Park, Taesung and Isola, Phillip and Efros, Alexei A},
  booktitle={Proceedings of the IEEE international conference on computer vision},
  pages={2223--2232},
  year={2017}
}

@inproceedings{liu2017unsupervised,
  title={Unsupervised image-to-image translation networks},
  author={Liu, Ming-Yu and Breuel, Thomas and Kautz, Jan},
  booktitle={Advances in neural information processing systems},
  pages={700--708},
  year={2017}
}

@inproceedings{tzeng2017adversarial,
  title={Adversarial discriminative domain adaptation},
  author={Tzeng, Eric and Hoffman, Judy and Saenko, Kate and Darrell, Trevor},
  booktitle={Proceedings of the IEEE conference on computer vision and pattern recognition},
  pages={7167--7176},
  year={2017}
}

@inproceedings{izmailov2019semi,
  title={Semi-supervised learning with normalizing flows},
  author={Izmailov, Pavel and Kirichenko, Polina and Finzi, Marc and Wilson, Andrew Gordon},
  booktitle={ICML},
  year={2020}
}

@inproceedings{kingma2014semi,
  title={Semi-supervised learning with deep generative models},
  author={Kingma, Durk P and Mohamed, Shakir and Rezende, Danilo Jimenez and Welling, Max},
  booktitle={Advances in neural information processing systems},
  pages={3581--3589},
  year={2014}
}

@inproceedings{kingma2014vae,
  title={Auto-encoding variational bayes},
  author={Kingma, Diederik P and Welling, Max},
  booktitle={The International Conference on Learning Representations (ICLR)},
  year={2014}
}

@inproceedings{kingma2018glow,
  title={Glow: Generative flow with invertible 1x1 convolutions},
  author={Kingma, Durk P and Dhariwal, Prafulla},
  booktitle={Advances in neural information processing systems},
  pages={10215--10224},
  year={2018}
}


@article{oord2016pixel,
  title={Pixel recurrent neural networks},
  author={Oord, Aaron van den and Kalchbrenner, Nal and Kavukcuoglu, Koray},
  journal={ICML},
  year={2016}
}

@inproceedings{NIPS2014_5423,
title = {Generative Adversarial Nets},
author = {Goodfellow, Ian and Pouget-Abadie, Jean and Mirza, Mehdi and Xu, Bing and Warde-Farley, David and Ozair, Sherjil and Courville, Aaron and Bengio, Yoshua},
booktitle = {Advances in Neural Information Processing Systems},
editor = {Z. Ghahramani and M. Welling and C. Cortes and N. D. Lawrence and K. Q. Weinberger},
pages = {2672--2680},
year = {2014}
}

@article{che2016mode,
  title={Mode regularized generative adversarial networks},
  author={Che, Tong and Li, Yanran and Jacob, Athul Paul and Bengio, Yoshua and Li, Wenjie},
  journal={arXiv preprint arXiv:1612.02136},
  year={2016}
}


@inproceedings{salimans2016improved,
  title={Improved techniques for training gans},
  author={Salimans, Tim and Goodfellow, Ian and Zaremba, Wojciech and Cheung, Vicki and Radford, Alec and Chen, Xi},
  booktitle={Advances in neural information processing systems},
  pages={2234--2242},
  year={2016}
}

@incollection{928a56b7d6f1473e930f282a0c4b534e,
title = "A tutorial on energy-based learning",
author = "Yann Lecun and Sumit Chopra and Raia Hadsell and Ranzato, {Marc Aurelio} and Huang, {Fu Jie}",
year = "2006",
editor = "G. Bakir and T. Hofman and B. Scholkopt and A. Smola and B. Taskar",
booktitle = "Predicting structured data",
publisher = "MIT Press",
}

@inproceedings{RBM,
author = {Salakhutdinov, Ruslan and Mnih, Andriy and Hinton, Geoffrey},
title = {Restricted Boltzmann Machines for Collaborative Filtering},
year = {2007},
booktitle = {ICML}
}

@inproceedings{du2019implicit,
  title={Implicit generation and modeling with energy based models},
  author={Du, Yilun and Mordatch, Igor},
  booktitle={Advances in Neural Information Processing Systems},
  pages={3608--3618},
  year={2019}
}

@inproceedings{xie2016theory,
  title={A theory of generative convnet},
  author={Xie, Jianwen and Lu, Yang and Zhu, Song-Chun and Wu, Yingnian},
  booktitle={International Conference on Machine Learning},
  pages={2635--2644},
  year={2016}
}

@article{dinh2016density,
  title={Density estimation using real nvp},
  author={Dinh, Laurent and Sohl-Dickstein, Jascha and Bengio, Samy},
  journal={arXiv preprint arXiv:1605.08803},
  year={2016}
}

@article{hinton2002training,
  title={Training products of experts by minimizing contrastive divergence},
  author={Hinton, Geoffrey E},
  journal={Neural computation},
  volume={14},
  number={8},
  pages={1771--1800},
  year={2002},
  publisher={MIT Press}
}

@inproceedings{song2019generative,
  title={Generative modeling by estimating gradients of the data distribution},
  author={Song, Yang and Ermon, Stefano},
  booktitle={Advances in Neural Information Processing Systems},
  pages={11918--11930},
  year={2019}
}

@article{song2020improved,
  title={Improved Techniques for Training Score-Based Generative Models},
  author={Song, Yang and Ermon, Stefano},
  journal={arXiv preprint arXiv:2006.09011},
  year={2020}
}

@inproceedings{vahdat2020nvae,
  title={{NVAE}: A Deep Hierarchical Variational Autoencoder},
  author={Vahdat, Arash and Kautz, Jan},
 booktitle={Neural Information Processing Systems (NeurIPS)},
  year={2020}
}

@inproceedings{SGLD,
author = {Welling, Max and Teh, Yee Whye},
title = {Bayesian Learning via Stochastic Gradient Langevin Dynamics},
year = {2011},
isbn = {9781450306195},
publisher = {Omnipress},
address = {Madison, WI, USA},
booktitle = {Proceedings of the 28th International Conference on International Conference on Machine Learning},
pages = {681–688},
numpages = {8},
location = {Bellevue, Washington, USA},
series = {ICML’11}
}

@article{yu2020training,
  title={Training Deep Energy-Based Models with f-Divergence Minimization},
  author={Yu, Lantao and Song, Yang and Song, Jiaming and Ermon, Stefano},
      journal={ICML},
  year={2020}
}

@article{grathwohllearning,
  title={Learning the Stein Discrepancy for Training and Evaluating Energy-Based Models without Sampling},
  author={Grathwohl, Will and Wang, Kuan-Chieh and Jacobsen, J{\"o}rn-Henrik and Duvenaud, David and Zemel, Richard},
  year={2020}
}

@article{woodford2006notes,
  title={Notes on contrastive divergence},
  author={Woodford, Oliver},
  journal={Department of Engineering Science, University of Oxford, Tech. Rep},
  year={2006}
}

@inproceedings{kingma2016improved,
  title={Improved variational inference with inverse autoregressive flow},
  author={Kingma, Durk P and Salimans, Tim and Jozefowicz, Rafal and Chen, Xi and Sutskever, Ilya and Welling, Max},
  booktitle={Advances in neural information processing systems},
  pages={4743--4751},
  year={2016}
}

@inproceedings{mnih2005learning,
  title={Learning nonlinear constraints with contrastive backpropagation},
  author={Mnih, Andriy and Hinton, Geoffrey},
  booktitle={Proceedings. 2005 IEEE International Joint Conference on Neural Networks, 2005.},
  volume={2},
  pages={1302--1307},
  year={2005},
  organization={IEEE}
}

@inproceedings{salakhutdinov2009deep,
  title={Deep boltzmann machines},
  author={Salakhutdinov, Ruslan and Hinton, Geoffrey},
  booktitle={Artificial intelligence and statistics},
  pages={448--455},
  year={2009}
}

@incollection{hinton2012practical,
  title={A practical guide to training restricted Boltzmann machines},
  author={Hinton, Geoffrey E},
  booktitle={Neural networks: Tricks of the trade},
  pages={599--619},
  year={2012},
  publisher={Springer}
}

@inproceedings{nijkamp2019learning,
  title={Learning non-convergent non-persistent short-run MCMC toward energy-based model},
  author={Nijkamp, Erik and Hill, Mitch and Zhu, Song-Chun and Wu, Ying Nian},
  booktitle={Advances in Neural Information Processing Systems},
  pages={5232--5242},
  year={2019}
}

@article{nijkamp2019anatomy,
  title={On the anatomy of mcmc-based maximum likelihood learning of energy-based models},
  author={Nijkamp, Erik and Hill, Mitch and Han, Tian and Zhu, Song-Chun and Wu, Ying Nian},
  journal={arXiv preprint arXiv:1903.12370},
  year={2019}
}

@article{Arbel2020GeneralizedEB,
  title={Generalized Energy Based Models},
  author={Michael Arbel and L. Zhou and A. Gretton},
  journal={arXiv preprint arXiv:2003.05033},
  year={2020}
}

@inproceedings{gutmann2010noise,
  title={Noise-contrastive estimation: A new estimation principle for unnormalized statistical models},
  author={Gutmann, Michael and Hyv{\"a}rinen, Aapo},
  booktitle={Proceedings of the Thirteenth International Conference on Artificial Intelligence and Statistics},
  pages={297--304},
  year={2010}
}

@article{zhao2016energy,
  title={Energy-based generative adversarial network},
  author={Zhao, Junbo and Mathieu, Michael and LeCun, Yann},
  journal={ICLR},
  year={2017}
}

@article{che2020your,
  title={Your {GAN} is Secretly an Energy-based Model and You Should use Discriminator Driven Latent Sampling},
  author={Che, Tong and Zhang, Ruixiang and Sohl-Dickstein, Jascha and Larochelle, Hugo and Paull, Liam and Cao, Yuan and Bengio, Yoshua},
  journal={arXiv preprint arXiv:2003.06060},
  year={2020}
}

@inproceedings{heusel2017gans,
  title={Gans trained by a two time-scale update rule converge to a local nash equilibrium},
  author={Heusel, Martin and Ramsauer, Hubert and Unterthiner, Thomas and Nessler, Bernhard and Hochreiter, Sepp},
  booktitle={Advances in neural information processing systems},
  pages={6626--6637},
  year={2017}
}

@article{barratt2018note,
  title={A note on the inception score},
  author={Barratt, Shane and Sharma, Rishi},
  journal={arXiv preprint arXiv:1801.01973},
  year={2018}
}

@inproceedings{grathwohl2020your,
title={Your classifier is secretly an energy based model and you should treat it like one},
author={Will Grathwohl and Kuan-Chieh Wang and Joern-Henrik Jacobsen and David Duvenaud and Mohammad Norouzi and Kevin Swersky},
booktitle={International Conference on Learning Representations},
year={2020}
}

@inproceedings{gao2020flow,
  title={Flow contrastive estimation of energy-based models},
  author={Gao, Ruiqi and Nijkamp, Erik and Kingma, Diederik P and Xu, Zhen and Dai, Andrew M and Wu, Ying Nian},
  booktitle={Proceedings of the IEEE/CVF Conference on Computer Vision and Pattern Recognition},
  pages={7518--7528},
  year={2020}
}

@article{li2019annealed,
  title={Annealed Denoising Score Matching: Learning Energy-Based Models in High-Dimensional Spaces},
  author={Li, Zengyi and Chen, Yubei and Sommer, Friedrich T},
  journal={arXiv preprint arXiv:1910.07762},
  year={2019}
}

@inproceedings{
miyato2018spectral,
title={Spectral Normalization for Generative Adversarial Networks},
author={Takeru Miyato and Toshiki Kataoka and Masanori Koyama and Yuichi Yoshida},
booktitle={International Conference on Learning Representations},
year={2018}
}

@inproceedings{
wganalp,
title={Adversarial Lipschitz Regularization},
author={Dávid Terjék},
booktitle={International Conference on Learning Representations},
year={2020},
url={https://openreview.net/forum?id=Bke_DertPB}
}

@inproceedings{liu2015deep,
  title={Deep learning face attributes in the wild},
  author={Liu, Ziwei and Luo, Ping and Wang, Xiaogang and Tang, Xiaoou},
  booktitle={Proceedings of the IEEE international conference on computer vision},
  pages={3730--3738},
  year={2015}
}

@inproceedings{srivastava2017veegan,
  title={Veegan: Reducing mode collapse in gans using implicit variational learning},
  author={Srivastava, Akash and Valkov, Lazar and Russell, Chris and Gutmann, Michael U and Sutton, Charles},
  booktitle={Advances in Neural Information Processing Systems},
  pages={3308--3318},
  year={2017}
}

@inproceedings{
nalisnick2018deep,
title={Do Deep Generative Models Know What They Don't Know? },
author={Eric Nalisnick and Akihiro Matsukawa and Yee Whye Teh and Dilan Gorur and Balaji Lakshminarayanan},
booktitle={International Conference on Learning Representations},
year={2019}
}



@article{liu2020hybrid,
  title={Hybrid Discriminative-Generative Training via Contrastive Learning},
  author={Liu, Hao and Abbeel, Pieter},
  journal={arXiv preprint arXiv:2007.09070},
  year={2020}
}

@inproceedings{
liang2017enhancing,
title={Enhancing The Reliability of Out-of-distribution Image Detection in Neural Networks},
author={Shiyu Liang and Yixuan Li and R. Srikant},
booktitle={International Conference on Learning Representations},
year={2018}
}


@inproceedings{lin2018pacgan,
  title={Pacgan: The power of two samples in generative adversarial networks},
  author={Lin, Zinan and Khetan, Ashish and Fanti, Giulia and Oh, Sewoong},
  booktitle={Advances in neural information processing systems},
  pages={1498--1507},
  year={2018}
}

@article{karras2020training,
  title={Training generative adversarial networks with limited data},
  author={Karras, Tero and Aittala, Miika and Hellsten, Janne and Laine, Samuli and Lehtinen, Jaakko and Aila, Timo},
  journal={arXiv preprint arXiv:2006.06676},
  year={2020}
}

@article{vincent2011connection,
  title={A connection between score matching and denoising autoencoders},
  author={Vincent, Pascal},
  journal={Neural computation},
  volume={23},
  number={7},
  pages={1661--1674},
  year={2011},
  publisher={MIT Press}
}

@article{hyvarinen2005estimation,
  title={Estimation of non-normalized statistical models by score matching},
  author={Hyv{\"a}rinen, Aapo},
  journal={Journal of Machine Learning Research},
  volume={6},
  number={Apr},
  pages={695--709},
  year={2005}
}


@article{dai2019diagnosing,
  title={Diagnosing and enhancing VAE models},
  author={Dai, Bin and Wipf, David},
  journal={International Conference on Learning Representations},
  year={2019}
}

@article{xiao2019generative,
  title={Generative Latent Flow: A Framework for Non-adversarial Image Generation},
  author={Xiao, Zhisheng and Yan, Qing and Amit, Yali},
  journal={arXiv preprint arXiv:1905.10485},
  year={2019}
}

@inproceedings{
ghosh2019variational,
title={From Variational to Deterministic Autoencoders},
author={Partha Ghosh and Mehdi S. M. Sajjadi and Antonio Vergari and Michael Black and Bernhard Scholkopf},
booktitle={International Conference on Learning Representations},
year={2020}
}


@article{xiao2020exponential,
  title={Exponential Tilting of Generative Models: Improving Sample Quality by Training and Sampling from Latent Energy},
  author={Xiao, Zhisheng and Yan, Qing and Amit, Yali},
  journal={arXiv preprint arXiv:2006.08100},
  year={2020}
}

@article{nijkamp2020learning,
  title={Learning Energy-based Model with Flow-based Backbone by Neural Transport MCMC},
  author={Nijkamp, Erik and Gao, Ruiqi and Sountsov, Pavel and Vasudevan, Srinivas and Pang, Bo and Zhu, Song-Chun and Wu, Ying Nian},
  journal={arXiv preprint arXiv:2006.06897},
  year={2020}
}

@article{hoffman2019neutra,
  title={Neutra-lizing bad geometry in hamiltonian monte carlo using neural transport},
  author={Hoffman, Matthew and Sountsov, Pavel and Dillon, Joshua V and Langmore, Ian and Tran, Dustin and Vasudevan, Srinivas},
  journal={arXiv preprint arXiv:1903.03704},
  year={2019}
}

@article{song2020discriminator,
  title={Discriminator Contrastive Divergence: Semi-Amortized Generative Modeling by Exploring Energy of the Discriminator},
  author={Song, Yuxuan and Ye, Qiwei and Xu, Minkai and Liu, Tie-Yan},
  journal={arXiv preprint arXiv:2004.01704},
  year={2020}
}

@book{neal1993probabilistic,
  title={Probabilistic inference using Markov chain Monte Carlo methods},
  author={Neal, Radford M},
  year={1993}
}

@inproceedings{grathwohl2020cutting,
  title={Learning the Stein Discrepancy for Training and Evaluating Energy-Based Models without Sampling},
  author={Grathwohl, Will and Wang, Kuan-Chieh and Jacobsen, J{\"o}rn-Henrik and Duvenaud, David and Zemel, Richard},
  booktitle={ICML},
  year={2020}
}

@inproceedings{han2020joint,
  title={Joint Training of Variational Auto-Encoder and Latent Energy-Based Model},
  author={Han, Tian and Nijkamp, Erik and Zhou, Linqi and Pang, Bo and Zhu, Song-Chun and Wu, Ying Nian},
  booktitle={Proceedings of the IEEE/CVF Conference on Computer Vision and Pattern Recognition},
  pages={7978--7987},
  year={2020}
}

@inproceedings{lin2019coco,
  title={COCO-GAN: generation by parts via conditional coordinating},
  author={Lin, Chieh Hubert and Chang, Chia-Che and Chen, Yu-Sheng and Juan, Da-Cheng and Wei, Wei and Chen, Hwann-Tzong},
  booktitle={Proceedings of the IEEE International Conference on Computer Vision},
  pages={4512--4521},
  year={2019}
}

@inproceedings{parimala2019quality,
  title={Quality Aware Generative Adversarial Networks},
  author={Parimala, Kancharla and Channappayya, Sumohana},
  booktitle={Advances in Neural Information Processing Systems},
  pages={2948--2958},
  year={2019}
}

@inproceedings{karras2020analyzing,
  title={Analyzing and improving the image quality of stylegan},
  author={Karras, Tero and Laine, Samuli and Aittala, Miika and Hellsten, Janne and Lehtinen, Jaakko and Aila, Timo},
  booktitle={Proceedings of the IEEE/CVF Conference on Computer Vision and Pattern Recognition},
  pages={8110--8119},
  year={2020}
}

@article{yu2020inclusive,
  title={Inclusive GAN: Improving Data and Minority Coverage in Generative Models},
  author={Yu, Ning and Li, Ke and Zhou, Peng and Malik, Jitendra and Davis, Larry and Fritz, Mario},
  journal={arXiv preprint arXiv:2004.03355},
  year={2020}
}

@article{kong2020expressive,
  title={The Expressive Power of a Class of Normalizing Flow Models},
  author={Kong, Zhifeng and Chaudhuri, Kamalika},
  journal={arXiv preprint arXiv:2006.00392},
  year={2020}
}



@article{dieng2019prescribed,
  title={Prescribed generative adversarial networks},
  author={Dieng, Adji B and Ruiz, Francisco JR and Blei, David M and Titsias, Michalis K},
  journal={arXiv preprint arXiv:1910.04302},
  year={2019}
}

@inproceedings{han2019divergence,
  title={Divergence triangle for joint training of generator model, energy-based model, and inferential model},
  author={Han, Tian and Nijkamp, Erik and Fang, Xiaolin and Hill, Mitch and Zhu, Song-Chun and Wu, Ying Nian},
  booktitle={Proceedings of the IEEE Conference on Computer Vision and Pattern Recognition},
  pages={8670--8679},
  year={2019}
}

@article{ostrovski2018autoregressive,
  title={Autoregressive quantile networks for generative modeling},
  author={Ostrovski, Georg and Dabney, Will and Munos, R{\'e}mi},
  journal={arXiv preprint arXiv:1806.05575},
  year={2018}
}

@article{ravuri2018learning,
  title={Learning implicit generative models with the method of learned moments},
  author={Ravuri, Suman and Mohamed, Shakir and Rosca, Mihaela and Vinyals, Oriol},
  journal={arXiv preprint arXiv:1806.11006},
  year={2018}
}


@inproceedings{salimans2016weight,
  title={Weight normalization: A simple reparameterization to accelerate training of deep neural networks},
  author={Salimans, Tim and Kingma, Durk P},
  booktitle={Advances in neural information processing systems},
  pages={901--909},
  year={2016}
}

@inproceedings{kingma2014adam,
  author={Diederik P. Kingma and Jimmy Ba},
  title={Adam: A Method for Stochastic Optimization},
  year={2015},
  booktitle={ICLR}
}


@article{mueller2019neural,
author = {M\"{u}ller, Thomas and Mcwilliams, Brian and Rousselle, Fabrice and Gross, Markus and Nov\'{a}k, Jan},
title = {{Neural Importance Sampling}},
year = {2019},
issue_date = {November 2019},
publisher = {Association for Computing Machinery},
address = {New York, NY, USA},
volume = {38},
number = {5},
issn = {0730-0301},
doi = {10.1145/3341156},
journal = {ACM Trans. Graph.},
month = oct,
articleno = {145},
numpages = {19},
}

@inproceedings{yang2019pointflow,
  author={G. {Yang} and X. {Huang} and Z. {Hao} and M. {Liu} and S. {Belongie} and B. {Hariharan}},
  booktitle={2019 IEEE/CVF International Conference on Computer Vision (ICCV)}, 
  title={{PointFlow: 3D Point Cloud Generation With Continuous Normalizing Flows}}, 
  year={2019},
  pages={4540-4549},
}

@article {SanchezLengeling360,
	author = {Sanchez-Lengeling, Benjamin and Aspuru-Guzik, Al{\'a}n},
	title = {Inverse molecular design using machine learning: Generative models for matter engineering},
	volume = {361},
	number = {6400},
	pages = {360--365},
	year = {2018},
	doi = {10.1126/science.aat2663},
	publisher = {American Association for the Advancement of Science},
	issn = {0036-8075},
	journal = {Science}
}

@article{kanwar2020equivariant,
  title = {Equivariant Flow-Based Sampling for Lattice Gauge Theory},
  author = {Kanwar, Gurtej and Albergo, Michael S. and Boyda, Denis and Cranmer, Kyle and Hackett, Daniel C. and Racani\`ere, S\'ebastien and Rezende, Danilo Jimenez and Shanahan, Phiala E.},
  journal = {Phys. Rev. Lett.},
  volume = {125},
  issue = {12},
  pages = {121601},
  numpages = {6},
  year = {2020},
  month = {Sep},
  publisher = {American Physical Society},
  doi = {10.1103/PhysRevLett.125.121601}
}

@article {noe2019boltzmann,
	author = {No{\'e}, Frank and Olsson, Simon and K{\"o}hler, Jonas and Wu, Hao},
	title = {{Boltzmann generators: Sampling equilibrium states of many-body systems with deep learning}},
	volume = {365},
	number = {6457},
	elocation-id = {eaaw1147},
	year = {2019},
	doi = {10.1126/science.aaw1147},
	publisher = {American Association for the Advancement of Science},
	issn = {0036-8075},
	journal = {Science}
}

@inproceedings{rezende2014stochastic,
  title={Stochastic Backpropagation and Approximate Inference in Deep Generative Models},
  author={Rezende, Danilo Jimenez and Mohamed, Shakir and Wierstra, Daan},
  booktitle={International Conference on Machine Learning},
  pages={1278--1286},
  year={2014}
}


@inproceedings{rezendeICML15Normalizing,
  title={Variational inference with normalizing flows},
  author={Rezende, Danilo Jimenez and Mohamed, Shakir},
  booktitle={International Conference on Machine Learning},
  year={2015}
}

@inproceedings{dupont2019augmented,
  title={Augmented neural {ODE}s},
  author={Dupont, Emilien and Doucet, Arnaud and Teh, Yee Whye},
  booktitle={Advances in Neural Information Processing Systems},
  pages={3140--3150},
  year={2019}
}

@article{yu2015lsun,
  title={Lsun: Construction of a large-scale image dataset using deep learning with humans in the loop},
  author={Yu, Fisher and Seff, Ari and Zhang, Yinda and Song, Shuran and Funkhouser, Thomas and Xiao, Jianxiong},
  journal={arXiv preprint arXiv:1506.03365},
  year={2015}
}

@inproceedings{
karras2017progressive,
title={Progressive Growing of {GAN}s for Improved Quality, Stability, and Variation},
author={Tero Karras and Timo Aila and Samuli Laine and Jaakko Lehtinen},
booktitle={International Conference on Learning Representations},
year={2018}
}

@inproceedings{pidhorskyi2020adversarial,
  title={Adversarial Latent Autoencoders},
  author={Pidhorskyi, Stanislav and Adjeroh, Donald A and Doretto, Gianfranco},
  booktitle={Proceedings of the IEEE/CVF Conference on Computer Vision and Pattern Recognition},
  pages={14104--14113},
  year={2020}
}

@article{jolicoeur2020adversarial,
  title={Adversarial score matching and improved sampling for image generation},
  author={Jolicoeur-Martineau, Alexia and Pich{\'e}-Taillefer, R{\'e}mi and Combes, R{\'e}mi Tachet des and Mitliagkas, Ioannis},
  journal={arXiv preprint arXiv:2009.05475},
  year={2020}
}

@inproceedings{Vahdat2018DVAE++,
  author = {Arash Vahdat and William G. Macready and Zhengbing Bian and Amir Khoshaman and Evgeny Andriyash},
  title = {{DVAE}++: Discrete Variational Autoencoders with Overlapping Transformations},
  booktitle = {International Conference on Machine Learning (ICML)},
  year = {2018}
}

@inproceedings{vahdat2018dvaes,
  title = {{DVAE}\#: Discrete Variational Autoencoders with Relaxed {B}oltzmann Priors},
  author = {Vahdat, Arash and Andriyash, Evgeny and Macready, William G},
  booktitle = {Neural Information Processing Systems},
  year = {2018}
}

@article{pang2020learning,
  title={Learning Latent Space Energy-Based Prior Model},
  author={Pang, Bo and Han, Tian and Nijkamp, Erik and Zhu, Song-Chun and Wu, Ying Nian},
  journal={arXiv preprint arXiv:2006.08205},
  year={2020}
}

@inproceedings{vahdat2019UndirectedPost,
  title={Undirected Graphical Models as Approximate Posteriors},
  author={Vahdat, Arash and Andriyash, Evgeny and Macready, William G},
  booktitle={International Conference on Machine Learning (ICML)},
  year={2020}
}

@article{neal2001annealed,
  title={Annealed importance sampling},
  author={Neal, Radford M},
  journal={Statistics and computing},
  volume={11},
  number={2},
  pages={125--139},
  year={2001},
  publisher={Springer}
}

@article{burda2015importance,
  title={Importance weighted autoencoders},
  author={Burda, Yuri and Grosse, Roger and Salakhutdinov, Ruslan},
  journal={arXiv preprint arXiv:1509.00519},
  year={2015}
}

@article{neal2011mcmc,
  title={MCMC using Hamiltonian dynamics},
  author={Neal, Radford M and others},
  journal={Handbook of markov chain monte carlo},
  volume={2},
  number={11},
  pages={2},
  year={2011}
}
@article{chen2019latent,
  title={Latent odes for irregularly-sampled time series},
  author={Chen, RT and Duvenaud, D and Rubanova, Y},
  journal={Advances in Neural Information Processing Systems},
  volume={32},
  pages={3},
  year={2019}
}
@inproceedings{de2020block,
  title={Block neural autoregressive flow},
  author={De Cao, Nicola and Aziz, Wilker and Titov, Ivan},
  booktitle={Uncertainty in artificial intelligence},
  pages={1263--1273},
  year={2020},
  organization={PMLR}
}
@article{berg2018sylvester,
  title={Sylvester normalizing flows for variational inference},
  author={Berg, Rianne van den and Hasenclever, Leonard and Tomczak, Jakub M and Welling, Max},
  journal={arXiv preprint arXiv:1803.05649},
  year={2018}
}
@article{kingma2016improved,
  title={Improved variational inference with inverse autoregressive flow},
  author={Kingma, Durk P and Salimans, Tim and Jozefowicz, Rafal and Chen, Xi and Sutskever, Ilya and Welling, Max},
  journal={Advances in neural information processing systems},
  volume={29},
  year={2016}
}
@article{chen2018neural,
  title={Neural ordinary differential equations},
  author={Chen, Ricky TQ and Rubanova, Yulia and Bettencourt, Jesse and Duvenaud, David K},
  journal={Advances in neural information processing systems},
  volume={31},
  year={2018}
}
@article{kingma2013auto,
  title={Auto-encoding variational bayes},
  author={Kingma, Diederik P and Welling, Max},
  journal={arXiv preprint arXiv:1312.6114},
  year={2013}
}
@article{rezaei2022direct,
  title={Direct Discriminative Decoder Models for Analysis of High-Dimensional Dynamical Neural Data},
  author={Rezaei, Mohammad R and Hadjinicolaou, Alex E and Cash, Sydney S and Eden, Uri T and Yousefi, Ali},
  journal={Neural Computation},
  volume={34},
  number={5},
  pages={1100--1135},
  year={2022},
  publisher={MIT Press One Rogers Street, Cambridge, MA 02142-1209, USA journals-info~…}
}
@article{rezaei2022inferring,
  title={Inferring cognitive state underlying conflict choices in verbal stroop task using heterogeneous input discriminative-generative decoder model},
  author={Rezaei, Mohammad Reza and Jeoung, Haseul and Ghahramani, Ayda and Saha, Uptal and Bhat, Venkat and Popovic, Milos R and Yousefi, Ali and Chen, Robert EW and Lankarany, Milad},
  journal={Journal of Neural Engineering},
  year={2022}
}

@article{rezaei2022deep,
  title={Deep discriminative direct decoders for high-dimensional time-series analysis},
  author={Rezaei, Mohammad R and Popovic, Milos R and Lankarany, Milad and Yousefi, Ali},
  journal={arXiv preprint arXiv:2205.10947},
  year={2022}
}
@inproceedings{lu2018deep,
  title={Deep kalman filtering network for video compression artifact reduction},
  author={Lu, Guo and Ouyang, Wanli and Xu, Dong and Zhang, Xiaoyun and Gao, Zhiyong and Sun, Ming-Ting},
  booktitle={Proceedings of the European Conference on Computer Vision (ECCV)},
  pages={568--584},
  year={2018}
}
@article{moses2019real,
  title={Real-time decoding of question-and-answer speech dialogue using human cortical activity},
  author={Moses, David A and Leonard, Matthew K and Makin, Joseph G and Chang, Edward F},
  journal={Nature communications},
  volume={10},
  number={1},
  pages={3096},
  year={2019},
  publisher={Nature Publishing Group UK London}
}
@article{goodfellow2020generative,
  title={Generative adversarial networks},
  author={Goodfellow, Ian and Pouget-Abadie, Jean and Mirza, Mehdi and Xu, Bing and Warde-Farley, David and Ozair, Sherjil and Courville, Aaron and Bengio, Yoshua},
  journal={Communications of the ACM},
  volume={63},
  number={11},
  pages={139--144},
  year={2020},
  publisher={ACM New York, NY, USA}
}
@article{goodfellow2014generative,
  title={Generative adversarial nets},
  author={Goodfellow, Ian and Pouget-Abadie, Jean and Mirza, Mehdi and Xu, Bing and Warde-Farley, David and Ozair, Sherjil and Courville, Aaron and Bengio, Yoshua},
  journal={Advances in neural information processing systems},
  volume={27},
  year={2014}
}
@article{dinh2016density,
  title={Density estimation using real nvp},
  author={Dinh, Laurent and Sohl-Dickstein, Jascha and Bengio, Samy},
  journal={arXiv preprint arXiv:1605.08803},
  year={2016}
}
@article{dinh2014nice,
  title={Nice: Non-linear independent components estimation},
  author={Dinh, Laurent and Krueger, David and Bengio, Yoshua},
  journal={arXiv preprint arXiv:1410.8516},
  year={2014}
}
@inproceedings{rezende2015variational,
  title={Variational inference with normalizing flows},
  author={Rezende, Danilo and Mohamed, Shakir},
  booktitle={International conference on machine learning},
  pages={1530--1538},
  year={2015},
  organization={PMLR}
}
@article{graves2013generating,
  title={Generating sequences with recurrent neural networks},
  author={Graves, Alex},
  journal={arXiv preprint arXiv:1308.0850},
  year={2013}
}
@inproceedings{van2016pixel,
  title={Pixel recurrent neural networks},
  author={Van Den Oord, A{\"a}ron and Kalchbrenner, Nal and Kavukcuoglu, Koray},
  booktitle={International conference on machine learning},
  pages={1747--1756},
  year={2016},
  organization={PMLR}
}
@inproceedings{sohl2015deep,
  title={Deep unsupervised learning using nonequilibrium thermodynamics},
  author={Sohl-Dickstein, Jascha and Weiss, Eric and Maheswaranathan, Niru and Ganguli, Surya},
  booktitle={International conference on machine learning},
  pages={2256--2265},
  year={2015},
  organization={PMLR}
}
@article{ho2020denoising,
  title={Denoising diffusion probabilistic models},
  author={Ho, Jonathan and Jain, Ajay and Abbeel, Pieter},
  journal={Advances in neural information processing systems},
  volume={33},
  pages={6840--6851},
  year={2020}
}
@inproceedings{rezende2014stochastic,
  title={Stochastic backpropagation and approximate inference in deep generative models},
  author={Rezende, Danilo Jimenez and Mohamed, Shakir and Wierstra, Daan},
  booktitle={International conference on machine learning},
  pages={1278--1286},
  year={2014},
  organization={PMLR}
}
@article{lecun2006tutorial,
  title={A tutorial on energy-based learning},
  author={LeCun, Yann and Chopra, Sumit and Hadsell, Raia and Ranzato, M and Huang, Fujie},
  journal={Predicting structured data},
  volume={1},
  number={0},
  year={2006}
}
@article{song2021train,
  title={How to train your energy-based models},
  author={Song, Yang and Kingma, Diederik P},
  journal={arXiv preprint arXiv:2101.03288},
  year={2021}
}
@inproceedings{dieng2019avoiding,
  title={Avoiding latent variable collapse with generative skip models},
  author={Dieng, Adji B and Kim, Yoon and Rush, Alexander M and Blei, David M},
  booktitle={The 22nd International Conference on Artificial Intelligence and Statistics},
  pages={2397--2405},
  year={2019},
  organization={PMLR}
}
@article{bowman2015generating,
  title={Generating sentences from a continuous space},
  author={Bowman, Samuel R and Vilnis, Luke and Vinyals, Oriol and Dai, Andrew M and Jozefowicz, Rafal and Bengio, Samy},
  journal={arXiv preprint arXiv:1511.06349},
  year={2015}
}
@article{sinha2021consistency,
  title={Consistency regularization for variational auto-encoders},
  author={Sinha, Samarth and Dieng, Adji Bousso},
  journal={Advances in Neural Information Processing Systems},
  volume={34},
  pages={12943--12954},
  year={2021}
}
@article{he2019lagging,
  title={Lagging inference networks and posterior collapse in variational autoencoders},
  author={He, Junxian and Spokoyny, Daniel and Neubig, Graham and Berg-Kirkpatrick, Taylor},
  journal={arXiv preprint arXiv:1901.05534},
  year={2019}
}
@inproceedings{arora2018gans,
  title={Do GANs learn the distribution? some theory and empirics},
  author={Arora, Sanjeev and Risteski, Andrej and Zhang, Yi},
  booktitle={International Conference on Learning Representations},
  year={2018}
}

@article{srivastava2017veegan,
  title={Veegan: Reducing mode collapse in gans using implicit variational learning},
  author={Srivastava, Akash and Valkov, Lazar and Russell, Chris and Gutmann, Michael U and Sutton, Charles},
  journal={Advances in neural information processing systems},
  volume={30},
  year={2017}
}
@article{lin2018pacgan,
  title={Pacgan: The power of two samples in generative adversarial networks},
  author={Lin, Zinan and Khetan, Ashish and Fanti, Giulia and Oh, Sewoong},
  journal={Advances in neural information processing systems},
  volume={31},
  year={2018}
}
@article{noe2019boltzmann,
  title={Boltzmann generators: Sampling equilibrium states of many-body systems with deep learning},
  author={No{\'e}, Frank and Olsson, Simon and K{\"o}hler, Jonas and Wu, Hao},
  journal={Science},
  volume={365},
  number={6457},
  pages={eaaw1147},
  year={2019},
  publisher={American Association for the Advancement of Science}
}

@article{xu2021anytime,
  title={Anytime sampling for autoregressive models via ordered autoencoding},
  author={Xu, Yilun and Song, Yang and Garg, Sahaj and Gong, Linyuan and Shu, Rui and Grover, Aditya and Ermon, Stefano},
  journal={arXiv preprint arXiv:2102.11495},
  year={2021}
}
@article{song2020denoising,
  title={Denoising diffusion implicit models},
  author={Song, Jiaming and Meng, Chenlin and Ermon, Stefano},
  journal={arXiv preprint arXiv:2010.02502},
  year={2020}
}
@article{ma2019mae,
  title={MAE: Mutual posterior-divergence regularization for variational autoencoders},
  author={Ma, Xuezhe and Zhou, Chunting and Hovy, Eduard},
  journal={arXiv preprint arXiv:1901.01498},
  year={2019}
}
@article{chen2016variational,
  title={Variational lossy autoencoder},
  author={Chen, Xi and Kingma, Diederik P and Salimans, Tim and Duan, Yan and Dhariwal, Prafulla and Schulman, John and Sutskever, Ilya and Abbeel, Pieter},
  journal={arXiv preprint arXiv:1611.02731},
  year={2016}
}

@inproceedings{tomczak2018vae,
  title={VAE with a VampPrior},
  author={Tomczak, Jakub and Welling, Max},
  booktitle={International Conference on Artificial Intelligence and Statistics},
  pages={1214--1223},
  year={2018},
  organization={PMLR}
}
@article{kingma2016improved,
  title={Improved variational inference with inverse autoregressive flow},
  author={Kingma, Durk P and Salimans, Tim and Jozefowicz, Rafal and Chen, Xi and Sutskever, Ilya and Welling, Max},
  journal={Advances in neural information processing systems},
  volume={29},
  year={2016}
}
@inproceedings{vahdat2018dvae++,
  title={Dvae++: Discrete variational autoencoders with overlapping transformations},
  author={Vahdat, Arash and Macready, William and Bian, Zhengbing and Khoshaman, Amir and Andriyash, Evgeny},
  booktitle={International conference on machine learning},
  pages={5035--5044},
  year={2018},
  organization={PMLR}
}
@article{maaloe2019biva,
  title={Biva: A very deep hierarchy of latent variables for generative modeling},
  author={Maal{\o}e, Lars and Fraccaro, Marco and Li{\'e}vin, Valentin and Winther, Ole},
  journal={Advances in neural information processing systems},
  volume={32},
  year={2019}
}

@article{lorenz1963deterministic,
  title={Deterministic nonperiodic flow},
  author={Lorenz, Edward N},
  journal={Journal of atmospheric sciences},
  volume={20},
  number={2},
  pages={130--141},
  year={1963}
}
@article{blei2017variational,
  title={Variational inference: A review for statisticians},
  author={Blei, David M and Kucukelbir, Alp and McAuliffe, Jon D},
  journal={Journal of the American statistical Association},
  volume={112},
  number={518},
  pages={859--877},
  year={2017},
  publisher={Taylor \& Francis}
}

@article{huang2021improvements,
  title={Improvements of the daily optimum interpolation sea surface temperature (DOISST) version 2.1},
  author={Huang, Boyin and Liu, Chunying and Banzon, Viva and Freeman, Eric and Graham, Garrett and Hankins, Bill and Smith, Tom and Zhang, Huai-Min},
  journal={Journal of Climate},
  volume={34},
  number={8},
  pages={2923--2939},
  year={2021},
  publisher={American Meteorological Society}
}
@article{cachay2023dyffusion,
  title={Dyffusion: A dynamics-informed diffusion model for spatiotemporal forecasting},
  author={Cachay, Salva R{\"u}hling and Zhao, Bo and James, Hailey and Yu, Rose},
  journal={arXiv preprint arXiv:2306.01984},
  year={2023}
}
@article{voleti2022mcvd,
  title={MCVD-masked conditional video diffusion for prediction, generation, and interpolation},
  author={Voleti, Vikram and Jolicoeur-Martineau, Alexia and Pal, Chris},
  journal={Advances in Neural Information Processing Systems},
  volume={35},
  pages={23371--23385},
  year={2022}
}
@inproceedings{gal2016dropout,
  title={Dropout as a bayesian approximation: Representing model uncertainty in deep learning},
  author={Gal, Yarin and Ghahramani, Zoubin},
  booktitle={international conference on machine learning},
  pages={1050--1059},
  year={2016},
  organization={PMLR}
}
@article{pathak2022fourcastnet,
  title={Fourcastnet: A global data-driven high-resolution weather model using adaptive fourier neural operators},
  author={Pathak, Jaideep and Subramanian, Shashank and Harrington, Peter and Raja, Sanjeev and Chattopadhyay, Ashesh and Mardani, Morteza and Kurth, Thorsten and Hall, David and Li, Zongyi and Azizzadenesheli, Kamyar and others},
  journal={arXiv preprint arXiv:2202.11214},
  year={2022}
}
@article{matheson1976scoring,
  title={Scoring rules for continuous probability distributions},
  author={Matheson, James E and Winkler, Robert L},
  journal={Management science},
  volume={22},
  number={10},
  pages={1087--1096},
  year={1976},
  publisher={INFORMS}
}
@article{gneiting2014probabilistic,
  title={Probabilistic forecasting},
  author={Gneiting, Tilmann and Katzfuss, Matthias},
  journal={Annual Review of Statistics and Its Application},
  volume={1},
  pages={125--151},
  year={2014},
  publisher={Annual Reviews}
}
@article{de2020normalizing,
  title={Normalizing kalman filters for multivariate time series analysis},
  author={de B{\'e}zenac, Emmanuel and Rangapuram, Syama Sundar and Benidis, Konstantinos and Bohlke-Schneider, Michael and Kurle, Richard and Stella, Lorenzo and Hasson, Hilaf and Gallinari, Patrick and Januschowski, Tim},
  journal={Advances in Neural Information Processing Systems},
  volume={33},
  pages={2995--3007},
  year={2020}
}
@article{fortin2014should,
  title={Why should ensemble spread match the RMSE of the ensemble mean?},
  author={Fortin, Vincent and Abaza, Mabrouk and Anctil, Francois and Turcotte, Raphael},
  journal={Journal of Hydrometeorology},
  volume={15},
  number={4},
  pages={1708--1713},
  year={2014},
  publisher={American Meteorological Society}
}
@article{chung2019unsupervised,
  title={An unsupervised autoregressive model for speech representation learning},
  author={Chung, Yu-An and Hsu, Wei-Ning and Tang, Hao and Glass, James},
  journal={arXiv preprint arXiv:1904.03240},
  year={2019}
}
@article{black2022gpt,
  title={Gpt-neox-20b: An open-source autoregressive language model},
  author={Black, Sid and Biderman, Stella and Hallahan, Eric and Anthony, Quentin and Gao, Leo and Golding, Laurence and He, Horace and Leahy, Connor and McDonell, Kyle and Phang, Jason and others},
  journal={arXiv preprint arXiv:2204.06745},
  year={2022}
}
@inproceedings{chen2018pixelsnail,
  title={Pixelsnail: An improved autoregressive generative model},
  author={Chen, Xi and Mishra, Nikhil and Rohaninejad, Mostafa and Abbeel, Pieter},
  booktitle={International conference on machine learning},
  pages={864--872},
  year={2018},
  organization={PMLR}
}
@article{schrodinger1926undulatory,
  title={An undulatory theory of the mechanics of atoms and molecules},
  author={Schr{\"o}dinger, Erwin},
  journal={Physical review},
  volume={28},
  number={6},
  pages={1049},
  year={1926},
  publisher={APS}
}
@article{mclean2012continuum,
  title={Continuum fluid mechanics and the navier-stokes equations},
  author={McLean, Doug},
  journal={Understanding Aerodynamics: Arguing from the Real Physics},
  pages={13--78},
  year={2012}
}
@article{li2024efficient,
  title={Efficient and Guaranteed-Safe Non-Convex Trajectory Optimization with Constrained Diffusion Model},
  author={Li, Anjian and Ding, Zihan and Dieng, Adji Bousso and Beeson, Ryne},
  journal={arXiv preprint arXiv:2403.05571},
  year={2024}
}
@article{hopkins2015accuracy,
  title={Accuracy and efficiency in fixed-point neural ODE solvers},
  author={Hopkins, Michael and Furber, Steve},
  journal={Neural computation},
  volume={27},
  number={10},
  pages={2148--2182},
  year={2015},
  publisher={MIT Press One Rogers Street, Cambridge, MA 02142-1209, USA journals-info~…}
}
@inproceedings{finlay2020train,
  title={How to train your neural ODE: the world of Jacobian and kinetic regularization},
  author={Finlay, Chris and Jacobsen, J{\"o}rn-Henrik and Nurbekyan, Levon and Oberman, Adam},
  booktitle={International conference on machine learning},
  pages={3154--3164},
  year={2020},
  organization={PMLR}
}
@article{gu2023mamba,
  title={Mamba: Linear-time sequence modeling with selective state spaces},
  author={Gu, Albert and Dao, Tri},
  journal={arXiv preprint arXiv:2312.00752},
  year={2023}
}
@article{kovachki2023neural,
  title={Neural operator: Learning maps between function spaces with applications to pdes},
  author={Kovachki, Nikola and Li, Zongyi and Liu, Burigede and Azizzadenesheli, Kamyar and Bhattacharya, Kaushik and Stuart, Andrew and Anandkumar, Anima},
  journal={Journal of Machine Learning Research},
  volume={24},
  number={89},
  pages={1--97},
  year={2023}
}
@article{li2021physics,
  title={Physics-informed neural operator for learning partial differential equations},
  author={Li, Zongyi and Zheng, Hongkai and Kovachki, Nikola and Jin, David and Chen, Haoxuan and Liu, Burigede and Azizzadenesheli, Kamyar and Anandkumar, Anima},
  journal={ACM/JMS Journal of Data Science},
  year={2021},
  publisher={ACM New York, NY}
}
@article{kontolati2023influence,
  title={On the influence of over-parameterization in manifold based surrogates and deep neural operators},
  author={Kontolati, Katiana and Goswami, Somdatta and Shields, Michael D and Karniadakis, George Em},
  journal={Journal of Computational Physics},
  volume={479},
  pages={112008},
  year={2023},
  publisher={Elsevier}
}
@article{papamakarios2021normalizing,
  title={Normalizing flows for probabilistic modeling and inference},
  author={Papamakarios, George and Nalisnick, Eric and Rezende, Danilo Jimenez and Mohamed, Shakir and Lakshminarayanan, Balaji},
  journal={Journal of Machine Learning Research},
  volume={22},
  number={57},
  pages={1--64},
  year={2021}
}
@article{dieng2019dynamic,
  title={The dynamic embedded topic model},
  author={Dieng, Adji B and Ruiz, Francisco JR and Blei, David M},
  journal={arXiv preprint arXiv:1907.05545},
  year={2019}
}
@article{lim2023regular,
  title={Regular time-series generation using sgm},
  author={Lim, Haksoo and Kim, Minjung and Park, Sewon and Park, Noseong},
  journal={arXiv preprint arXiv:2301.08518},
  year={2023}
}
@book{wanner1996solving,
  title={Solving ordinary differential equations II},
  author={Wanner, Gerhard and Hairer, Ernst},
  volume={375},
  year={1996},
  publisher={Springer Berlin Heidelberg New York}
}
@article{rezaei2023inferring,
  title={Inferring cognitive state underlying conflict choices in verbal Stroop task using heterogeneous input discriminative-generative decoder model},
  author={Rezaei, Mohammad R and Jeoung, Haseul and Gharamani, Ayda and Saha, Utpal and Bhat, Venkat and Popovic, Milos R and Yousefi, Ali and Chen, Robert and Lankarany, Milad},
  journal={Journal of Neural Engineering},
  volume={20},
  number={5},
  pages={056016},
  year={2023},
  publisher={IOP Publishing}
}
@article{dieng2016topicrnn,
  title={Topicrnn: A recurrent neural network with long-range semantic dependency},
  author={Dieng, Adji B and Wang, Chong and Gao, Jianfeng and Paisley, John},
  journal={arXiv preprint arXiv:1611.01702},
  year={2016}
}
@inproceedings{rezaei2018comparison,
  title={A comparison study of point-process filter and deep learning performance in estimating rat position using an ensemble of place cells},
  author={Rezaei, Mohammad R and Gillespie, Anna K and Guidera, Jennifer A and Nazari, Behzad and Sadri, Saeid and Frank, Loren M and Eden, Uri T and Yousefi, Ali},
  booktitle={2018 40th Annual International Conference of the IEEE Engineering in Medicine and Biology Society (EMBC)},
  pages={4732--4735},
  year={2018},
  organization={IEEE}
}
@article{donner2009buildup,
  title={Buildup of choice-predictive activity in human motor cortex during perceptual decision making},
  author={Donner, Tobias H and Siegel, Markus and Fries, Pascal and Engel, Andreas K},
  journal={Current Biology},
  volume={19},
  number={18},
  pages={1581--1585},
  year={2009},
  publisher={Elsevier}
}
@article{lin2022predicting,
  title={Predicting human decision making in psychological tasks with recurrent neural networks},
  author={Lin, Baihan and Bouneffouf, Djallel and Cecchi, Guillermo},
  journal={PloS one},
  volume={17},
  number={5},
  pages={e0267907},
  year={2022},
  publisher={Public Library of Science San Francisco, CA USA}
}
@article{wang2025mamba,
  title={Is mamba effective for time series forecasting?},
  author={Wang, Zihan and Kong, Fanheng and Feng, Shi and Wang, Ming and Yang, Xiaocui and Zhao, Han and Wang, Daling and Zhang, Yifei},
  journal={Neurocomputing},
  volume={619},
  pages={129178},
  year={2025},
  publisher={Elsevier}
}
@article{zhang2024mamba,
  title={Mamba in Speech: Towards an Alternative to Self-Attention},
  author={Zhang, Xiangyu and Zhang, Qiquan and Liu, Hexin and Xiao, Tianyi and Qian, Xinyuan and Ahmed, Beena and Ambikairajah, Eliathamby and Li, Haizhou and Epps, Julien},
  journal={arXiv preprint arXiv:2405.12609},
  year={2024}
}
@article{xu2024protein,
  title={Protein-Mamba: Biological Mamba Models for Protein Function Prediction},
  author={Xu, Bohao and Lu, Yingzhou and Inoue, Yoshitaka and Lee, Namkyeong and Fu, Tianfan and Chen, Jintai},
  journal={arXiv preprint arXiv:2409.14617},
  year={2024}
}
@article{rangapuram2018deep,
  title={Deep state space models for time series forecasting},
  author={Rangapuram, Syama Sundar and Seeger, Matthias W and Gasthaus, Jan and Stella, Lorenzo and Wang, Yuyang and Januschowski, Tim},
  journal={Advances in neural information processing systems},
  volume={31},
  year={2018}
}
@article{auger2021guide,
  title={A guide to state--space modeling of ecological time series},
  author={Auger-M{\'e}th{\'e}, Marie and Newman, Ken and Cole, Diana and Empacher, Fanny and Gryba, Rowenna and King, Aaron A and Leos-Barajas, Vianey and Mills Flemming, Joanna and Nielsen, Anders and Petris, Giovanni and others},
  journal={Ecological Monographs},
  volume={91},
  number={4},
  pages={e01470},
  year={2021},
  publisher={Wiley Online Library}
}
@article{rezaei2021real,
  title={Real-time point process filter for multidimensional decoding problems using mixture models},
  author={Rezaei, Mohammad Reza and Arai, Kensuke and Frank, Loren M and Eden, Uri T and Yousefi, Ali},
  journal={Journal of neuroscience methods},
  volume={348},
  pages={109006},
  year={2021},
  publisher={Elsevier}
}