@article{auger2021guide,
  title={A guide to state--space modeling of ecological time series},
  author={Auger-M{\'e}th{\'e}, Marie and Newman, Ken and Cole, Diana and Empacher, Fanny and Gryba, Rowenna and King, Aaron A and Leos-Barajas, Vianey and Mills Flemming, Joanna and Nielsen, Anders and Petris, Giovanni and others},
  journal={Ecological Monographs},
  volume={91},
  number={4},
  pages={e01470},
  year={2021},
  publisher={Wiley Online Library}
}

@article{chen2018neural,
  title={Neural ordinary differential equations},
  author={Chen, Ricky TQ and Rubanova, Yulia and Bettencourt, Jesse and Duvenaud, David K},
  journal={Advances in neural information processing systems},
  volume={31},
  year={2018}
}

@article{dutordoir2022neural,
  title={Neural diffusion processes},
  author={Dutordoir, Vincent and Saul, Alan and Ghahramani, Zoubin and Simpson, Fergus},
  journal={arXiv preprint arXiv:2206.03992},
  year={2022}
}

@inproceedings{gregor2014deep,
  title={Deep autoregressive networks},
  author={Gregor, Karol and Danihelka, Ivo and Mnih, Andriy and Blundell, Charles and Wierstra, Daan},
  booktitle={International Conference on Machine Learning},
  pages={1242--1250},
  year={2014},
  organization={PMLR}
}

@article{gu2023mamba,
  title={Mamba: Linear-time sequence modeling with selective state spaces},
  author={Gu, Albert and Dao, Tri},
  journal={arXiv preprint arXiv:2312.00752},
  year={2023}
}

@article{lin2023diffusion,
  title={Diffusion models for time series applications: A survey},
  author={Lin, Lequan and Li, Zhengkun and Li, Ruikun and Li, Xuliang and Gao, Junbin},
  journal={arXiv preprint arXiv:2305.00624},
  year={2023}
}

@article{rangapuram2018deep,
  title={Deep state space models for time series forecasting},
  author={Rangapuram, Syama Sundar and Seeger, Matthias W and Gasthaus, Jan and Stella, Lorenzo and Wang, Yuyang and Januschowski, Tim},
  journal={Advances in neural information processing systems},
  volume={31},
  year={2018}
}

@article{rezaei2021real,
  title={Real-time point process filter for multidimensional decoding problems using mixture models},
  author={Rezaei, Mohammad Reza and Arai, Kensuke and Frank, Loren M and Eden, Uri T and Yousefi, Ali},
  journal={Journal of neuroscience methods},
  volume={348},
  pages={109006},
  year={2021},
  publisher={Elsevier}
}

@article{rezaei2022direct,
  title={Direct Discriminative Decoder Models for Analysis of High-Dimensional Dynamical Neural Data},
  author={Rezaei, Mohammad R and Hadjinicolaou, Alex E and Cash, Sydney S and Eden, Uri T and Yousefi, Ali},
  journal={Neural Computation},
  volume={34},
  number={5},
  pages={1100--1135},
  year={2022},
  publisher={MIT Press One Rogers Street, Cambridge, MA 02142-1209, USA journals-info~â€¦}
}

@article{rezaei2024alternators,
  title={Alternators For Sequence Modeling},
  author={Rezaei, Mohammad Reza and Dieng, Adji Bousso},
  journal={arXiv preprint arXiv:2405.11848},
  year={2024}
}

@article{xu2024protein,
  title={Protein-Mamba: Biological Mamba Models for Protein Function Prediction},
  author={Xu, Bohao and Lu, Yingzhou and Inoue, Yoshitaka and Lee, Namkyeong and Fu, Tianfan and Chen, Jintai},
  journal={arXiv preprint arXiv:2409.14617},
  year={2024}
}

@article{zhang2024mamba,
  title={Mamba in Speech: Towards an Alternative to Self-Attention},
  author={Zhang, Xiangyu and Zhang, Qiquan and Liu, Hexin and Xiao, Tianyi and Qian, Xinyuan and Ahmed, Beena and Ambikairajah, Eliathamby and Li, Haizhou and Epps, Julien},
  journal={arXiv preprint arXiv:2405.12609},
  year={2024}
}

