@InProceedings{Taran_2019_CVPR,
author = {Taran, Olga and Rezaeifar, Shideh and Holotyak, Taras and Voloshynovskiy, Slava},
title = {Defending Against Adversarial Attacks by Randomized Diversification},
booktitle = {Proceedings of the IEEE/CVF Conference on Computer Vision and Pattern Recognition (CVPR)},
month = {June},
year = {2019}
}

@article{cao2019generative,
  title={Generative adversarial networks model for visible watermark removal},
  author={Cao, Zhiyi and Niu, Shaozhang and Zhang, Jiwei and Wang, Xinyi},
  journal={IET Image Processing},
  volume={13},
  number={10},
  pages={1783--1789},
  year={2019},
  publisher={Wiley Online Library}
}

@inproceedings{cox1996secure,
  title={Secure spread spectrum watermarking for images, audio and video},
  author={Cox, Ingemar J and Kilian, Joe and Leighton, Tom and Shamoon, Talal},
  booktitle={Proceedings of 3rd IEEE International Conference on Image Processing},
  volume={3},
  pages={243--246},
  year={1996},
  organization={IEEE}
}

@inproceedings{fernandez2023stable,
  title={The stable signature: Rooting watermarks in latent diffusion models},
  author={Fernandez, Pierre and Couairon, Guillaume and J{\'e}gou, Herv{\'e} and Douze, Matthijs and Furon, Teddy},
  booktitle={Proceedings of the IEEE/CVF International Conference on Computer Vision},
  pages={22466--22477},
  year={2023}
}

@inproceedings{fu2024watermarking,
  title={Watermarking conditional text generation for ai detection: Unveiling challenges and a semantic-aware watermark remedy},
  author={Fu, Yu and Xiong, Deyi and Dong, Yue},
  booktitle={Proceedings of the AAAI Conference on Artificial Intelligence},
  volume={38},
  number={16},
  pages={18003--18011},
  year={2024}
}

@article{hayes2017generating,
  title={Generating steganographic images via adversarial training},
  author={Hayes, Jamie and Danezis, George},
  journal={Advances in Neural Information Processing Systems},
  volume={30},
  year={2017}
}

@inproceedings{hertz2019blind,
  title={Blind visual motif removal from a single image},
  author={Hertz, Amir and Fogel, Sharon and Hanocka, Rana and Giryes, Raja and Cohen-Or, Daniel},
  booktitle={Proceedings of the IEEE/CVF Conference on Computer Vision and Pattern Recognition},
  pages={6858--6867},
  year={2019}
}

@misc{ho2020denoisingdiffusionprobabilisticmodels,
      title={Denoising Diffusion Probabilistic Models}, 
      author={Jonathan Ho and Ajay Jain and Pieter Abbeel},
      year={2020},
      eprint={2006.11239},
      archivePrefix={arXiv},
      primaryClass={cs.LG},
      url={https://arxiv.org/abs/2006.11239}, 
}

@article{hosam2019attacking,
  title={Attacking image watermarking and steganography-a survey},
  author={Hosam, Osama},
  journal={International Journal of Information Technology and Computer Science},
  volume={11},
  number={3},
  pages={23--37},
  year={2019}
}

@inproceedings{kirchenbauer2023watermark,
  title={A watermark for large language models},
  author={Kirchenbauer, John and Geiping, Jonas and Wen, Yuxin and Katz, Jonathan and Miers, Ian and Goldstein, Tom},
  booktitle={International Conference on Machine Learning},
  pages={17061--17084},
  year={2023},
  organization={PMLR}
}

@inproceedings{li2019towards,
  title={Towards photo-realistic visible watermark removal with conditional generative adversarial networks},
  author={Li, Xiang and Lu, Chan and Cheng, Danni and Li, Wei-Hong and Cao, Mei and Liu, Bo and Ma, Jiechao and Zheng, Wei-Shi},
  booktitle={Image and Graphics: 10th International Conference, ICIG 2019, Beijing, China, August 23--25, 2019, Proceedings, Part I 10},
  pages={345--356},
  year={2019},
  organization={Springer}
}

@inproceedings{liang2021visible,
  title={Visible watermark removal via self-calibrated localization and background refinement},
  author={Liang, Jing and Niu, Li and Guo, Fengjun and Long, Teng and Zhang, Liqing},
  booktitle={Proceedings of the 29th ACM international conference on multimedia},
  pages={4426--4434},
  year={2021}
}

@inproceedings{liu2021wdnet,
  title={Wdnet: Watermark-decomposition network for visible watermark removal},
  author={Liu, Yang and Zhu, Zhen and Bai, Xiang},
  booktitle={Proceedings of the IEEE/CVF winter conference on applications of computer vision},
  pages={3685--3693},
  year={2021}
}

@article{o1996watermarking,
  title={Watermarking digital images for copyright protection},
  author={{\'o} Ruanaidh, JJK and Dowling, WJ and Boland, FM},
  journal={IEEE Proceedings Vision Image and Signal Processing},
  volume={143},
  pages={250--256},
  year={1996},
  publisher={Citeseer}
}

@inproceedings{pautov2024probabilistically,
  title     = {Probabilistically Robust Watermarking of Neural Networks},
  author    = {Pautov, Mikhail and Bogdanov, Nikita and Pyatkin, Stanislav and Rogov, Oleg and Oseledets, Ivan},
  booktitle = {Proceedings of the Thirty-Third International Joint Conference on
               Artificial Intelligence},
  pages     = {4778--4787},
  year      = {2024},
}

@inproceedings{rombach2022high,
  title={High-resolution image synthesis with latent diffusion models},
  author={Rombach, Robin and Blattmann, Andreas and Lorenz, Dominik and Esser, Patrick and Ommer, Bj{\"o}rn},
  booktitle={Proceedings of the IEEE/CVF Conference on Computer Vision and Pattern Recognition},
  pages={10684--10695},
  year={2022}
}

@misc{sohldickstein2015deepunsupervisedlearningusing,
      title={Deep Unsupervised Learning using Nonequilibrium Thermodynamics}, 
      author={Jascha Sohl-Dickstein and Eric A. Weiss and Niru Maheswaranathan and Surya Ganguli},
      year={2015},
      eprint={1503.03585},
      archivePrefix={arXiv},
      primaryClass={cs.LG},
      url={https://arxiv.org/abs/1503.03585}, 
}

@inproceedings{sun2023denet,
  title={DENet: disentangled embedding network for visible watermark removal},
  author={Sun, Ruizhou and Su, Yukun and Wu, Qingyao},
  booktitle={Proceedings of the AAAI Conference on Artificial Intelligence},
  volume={37},
  number={2},
  pages={2411--2419},
  year={2023}
}

@article{wen2024tree,
  title={Tree-rings watermarks: Invisible fingerprints for diffusion images},
  author={Wen, Yuxin and Kirchenbauer, John and Geiping, Jonas and Goldstein, Tom},
  journal={Advances in Neural Information Processing Systems},
  volume={36},
  year={2024}
}

@article{wu2020watermarking,
  title={Watermarking neural networks with watermarked images},
  author={Wu, Hanzhou and Liu, Gen and Yao, Yuwei and Zhang, Xinpeng},
  journal={IEEE Transactions on Circuits and Systems for Video Technology},
  volume={31},
  number={7},
  pages={2591--2601},
  year={2020},
  publisher={IEEE}
}

@inproceedings{xu2017automatic,
  title={An automatic visible watermark removal technique using image inpainting algorithms},
  author={Xu, Chaoran and Lu, Yao and Zhou, Yuanpin},
  booktitle={2017 4th International Conference on Systems and Informatics (ICSAI)},
  pages={1152--1157},
  year={2017},
  organization={IEEE}
}

@inproceedings{yu2021artificial,
  title={Artificial fingerprinting for generative models: Rooting deepfake attribution in training data},
  author={Yu, Ning and Skripniuk, Vladislav and Abdelnabi, Sahar and Fritz, Mario},
  booktitle={Proceedings of the IEEE/CVF International Conference on Computer Vision},
  pages={14448--14457},
  year={2021}
}

@article{zhang2024robust,
  title={Robust Image Watermarking using Stable Diffusion},
  author={Zhang, Lijun and Liu, Xiao and Martin, Antoni Viros and Bearfield, Cindy Xiong and Brun, Yuriy and Guan, Hui},
  journal={arXiv preprint arXiv:2401.04247},
  year={2024}
}

@article{zhao2023recipe,
  title={A recipe for watermarking diffusion models},
  author={Zhao, Yunqing and Pang, Tianyu and Du, Chao and Yang, Xiao and Cheung, Ngai-Man and Lin, Min},
  journal={arXiv preprint arXiv:2303.10137},
  year={2023}
}

@inproceedings{zhaoprovable,
  title={Provable Robust Watermarking for AI-Generated Text},
  author={Zhao, Xuandong and Ananth, Prabhanjan Vijendra and Li, Lei and Wang, Yu-Xiang},
  booktitle={The Twelfth International Conference on Learning Representations},
  year={2024}  
}

@inproceedings{zhu2018hidden,
  author       = {Jiren Zhu and
                  Russell Kaplan and
                  Justin Johnson and
                  Li Fei{-}Fei},
  title        = {HiDDeN: Hiding Data With Deep Networks},
  booktitle    = {Computer Vision - {ECCV} 2018 - 15th European Conference, Munich,
                  Germany, September 8-14, 2018, Proceedings, Part {XV}},
  volume       = {11219},
  pages        = {682--697},
  year         = {2018}
}

