@incollection{Bengio+chapter2007,
author = {Bengio, Yoshua and LeCun, Yann},
booktitle = {Large Scale Kernel Machines},
publisher = {MIT Press},
title = {Scaling Learning Algorithms Towards {AI}},
year = {2007}
}

@InProceedings{Taran_2019_CVPR,
author = {Taran, Olga and Rezaeifar, Shideh and Holotyak, Taras and Voloshynovskiy, Slava},
title = {Defending Against Adversarial Attacks by Randomized Diversification},
booktitle = {Proceedings of the IEEE/CVF Conference on Computer Vision and Pattern Recognition (CVPR)},
month = {June},
year = {2019}
}

@article{Hinton06,
author = {Hinton, Geoffrey E. and Osindero, Simon and Teh, Yee Whye},
journal = {Neural Computation},
pages = {1527--1554},
title = {A Fast Learning Algorithm for Deep Belief Nets},
volume = {18},
year = {2006}
}

@book{goodfellow2016deep,
title={Deep learning},
author={Goodfellow, Ian and Bengio, Yoshua and Courville, Aaron and Bengio, Yoshua},
volume={1},
year={2016},
publisher={MIT Press}
}



@article{croitoru2023diffusion,
  title={Diffusion models in vision: A survey},
  author={Croitoru, Florinel-Alin and Hondru, Vlad and Ionescu, Radu Tudor and Shah, Mubarak},
  journal={IEEE Transactions on Pattern Analysis and Machine Intelligence},
  volume={45},
  number={9},
  pages={10850--10869},
  year={2023},
  publisher={IEEE}
}


@inproceedings{rombach2022high,
  title={High-resolution image synthesis with latent diffusion models},
  author={Rombach, Robin and Blattmann, Andreas and Lorenz, Dominik and Esser, Patrick and Ommer, Bj{\"o}rn},
  booktitle={Proceedings of the IEEE/CVF Conference on Computer Vision and Pattern Recognition},
  pages={10684--10695},
  year={2022}
}


@inproceedings{esser2024scaling,
  title={Scaling rectified flow transformers for high-resolution image synthesis},
  author={Esser, Patrick and Kulal, Sumith and Blattmann, Andreas and Entezari, Rahim and M{\"u}ller, Jonas and Saini, Harry and Levi, Yam and Lorenz, Dominik and Sauer, Axel and Boesel, Frederic and others},
  booktitle={Forty-first International Conference on Machine Learning},
  year={2024}
}


@inproceedings{brock2019large,
  author       = {Andrew Brock and
                  Jeff Donahue and
                  Karen Simonyan},
  title        = {Large Scale {GAN} Training for High Fidelity Natural Image Synthesis},
  booktitle    = {7th International Conference on Learning Representations},
  year         = {2019}
}

@article{goodfellow2014generative,
  title={Generative adversarial nets},
  author={Goodfellow, Ian and Pouget-Abadie, Jean and Mirza, Mehdi and Xu, Bing and Warde-Farley, David and Ozair, Sherjil and Courville, Aaron and Bengio, Yoshua},
  journal={Advances in Neural Information Processing Systems},
  volume={27},
  year={2014}
}

@misc{sohldickstein2015deepunsupervisedlearningusing,
      title={Deep Unsupervised Learning using Nonequilibrium Thermodynamics}, 
      author={Jascha Sohl-Dickstein and Eric A. Weiss and Niru Maheswaranathan and Surya Ganguli},
      year={2015},
      eprint={1503.03585},
      archivePrefix={arXiv},
      primaryClass={cs.LG},
      url={https://arxiv.org/abs/1503.03585}, 
}

@misc{ho2020denoisingdiffusionprobabilisticmodels,
      title={Denoising Diffusion Probabilistic Models}, 
      author={Jonathan Ho and Ajay Jain and Pieter Abbeel},
      year={2020},
      eprint={2006.11239},
      archivePrefix={arXiv},
      primaryClass={cs.LG},
      url={https://arxiv.org/abs/2006.11239}, 
}

@inproceedings{schneider2024mousai,
  title={Mo{\^u}sai: Efficient text-to-music diffusion models},
  author={Schneider, Flavio and Kamal, Ojasv and Jin, Zhijing and Sch{\"o}lkopf, Bernhard},
  booktitle={Proceedings of the 62nd Annual Meeting of the Association for Computational Linguistics (Volume 1: Long Papers)},
  pages={8050--8068},
  year={2024}
}


@inproceedings{kawar2023imagic,
  title={Imagic: Text-based real image editing with diffusion models},
  author={Kawar, Bahjat and Zada, Shiran and Lang, Oran and Tov, Omer and Chang, Huiwen and Dekel, Tali and Mosseri, Inbar and Irani, Michal},
  booktitle={Proceedings of the IEEE/CVF Conference on Computer Vision and Pattern Recognition},
  pages={6007--6017},
  year={2023}
}

@inproceedings{yang2023paint,
  title={Paint by example: Exemplar-based image editing with diffusion models},
  author={Yang, Binxin and Gu, Shuyang and Zhang, Bo and Zhang, Ting and Chen, Xuejin and Sun, Xiaoyan and Chen, Dong and Wen, Fang},
  booktitle={Proceedings of the IEEE/CVF Conference on Computer Vision and Pattern Recognition},
  pages={18381--18391},
  year={2023}
}

@inproceedings{ruan2023mm,
  title={Mm-diffusion: Learning multi-modal diffusion models for joint audio and video generation},
  author={Ruan, Ludan and Ma, Yiyang and Yang, Huan and He, Huiguo and Liu, Bei and Fu, Jianlong and Yuan, Nicholas Jing and Jin, Qin and Guo, Baining},
  booktitle={Proceedings of the IEEE/CVF Conference on Computer Vision and Pattern Recognition},
  pages={10219--10228},
  year={2023}
}


@article{saharia2022photorealistic,
  title={Photorealistic text-to-image diffusion models with deep language understanding},
  author={Saharia, Chitwan and Chan, William and Saxena, Saurabh and Li, Lala and Whang, Jay and Denton, Emily L and Ghasemipour, Kamyar and Gontijo Lopes, Raphael and Karagol Ayan, Burcu and Salimans, Tim and others},
  journal={Advances in Neural Information Processing Systems},
  volume={35},
  pages={36479--36494},
  year={2022}
}


@inproceedings{zhang2023adding,
  title={Adding conditional control to text-to-image diffusion models},
  author={Zhang, Lvmin and Rao, Anyi and Agrawala, Maneesh},
  booktitle={Proceedings of the IEEE/CVF International Conference on Computer Vision},
  pages={3836--3847},
  year={2023}
}

@inproceedings{ruiz2023dreambooth,
  title={Dreambooth: Fine tuning text-to-image diffusion models for subject-driven generation},
  author={Ruiz, Nataniel and Li, Yuanzhen and Jampani, Varun and Pritch, Yael and Rubinstein, Michael and Aberman, Kfir},
  booktitle={Proceedings of the IEEE/CVF Conference on Computer Vision and Pattern Recognition},
  pages={22500--22510},
  year={2023}
}

@inproceedings{zhao2021multi,
  title={Multi-attentional deepfake detection},
  author={Zhao, Hanqing and Zhou, Wenbo and Chen, Dongdong and Wei, Tianyi and Zhang, Weiming and Yu, Nenghai},
  booktitle={Proceedings of the IEEE/CVF Conference on Computer Vision and Pattern Recognition},
  pages={2185--2194},
  year={2021}
}

@inproceedings{narayan2023df,
  title={Df-platter: Multi-face heterogeneous deepfake dataset},
  author={Narayan, Kartik and Agarwal, Harsh and Thakral, Kartik and Mittal, Surbhi and Vatsa, Mayank and Singh, Richa},
  booktitle={Proceedings of the IEEE/CVF Conference on Computer Vision and Pattern Recognition},
  pages={9739--9748},
  year={2023}
}

@article{wu2020watermarking,
  title={Watermarking neural networks with watermarked images},
  author={Wu, Hanzhou and Liu, Gen and Yao, Yuwei and Zhang, Xinpeng},
  journal={IEEE Transactions on Circuits and Systems for Video Technology},
  volume={31},
  number={7},
  pages={2591--2601},
  year={2020},
  publisher={IEEE}
}




@inproceedings{pautov2024probabilistically,
  title     = {Probabilistically Robust Watermarking of Neural Networks},
  author    = {Pautov, Mikhail and Bogdanov, Nikita and Pyatkin, Stanislav and Rogov, Oleg and Oseledets, Ivan},
  booktitle = {Proceedings of the Thirty-Third International Joint Conference on
               Artificial Intelligence},
  pages     = {4778--4787},
  year      = {2024},
}



@inproceedings{kirchenbauer2023watermark,
  title={A watermark for large language models},
  author={Kirchenbauer, John and Geiping, Jonas and Wen, Yuxin and Katz, Jonathan and Miers, Ian and Goldstein, Tom},
  booktitle={International Conference on Machine Learning},
  pages={17061--17084},
  year={2023},
  organization={PMLR}
}


@inproceedings{zhaoprovable,
  title={Provable Robust Watermarking for AI-Generated Text},
  author={Zhao, Xuandong and Ananth, Prabhanjan Vijendra and Li, Lei and Wang, Yu-Xiang},
  booktitle={The Twelfth International Conference on Learning Representations},
  year={2024}  
}

@inproceedings{fu2024watermarking,
  title={Watermarking conditional text generation for ai detection: Unveiling challenges and a semantic-aware watermark remedy},
  author={Fu, Yu and Xiong, Deyi and Dong, Yue},
  booktitle={Proceedings of the AAAI Conference on Artificial Intelligence},
  volume={38},
  number={16},
  pages={18003--18011},
  year={2024}
}


@article{o1996watermarking,
  title={Watermarking digital images for copyright protection},
  author={{\'o} Ruanaidh, JJK and Dowling, WJ and Boland, FM},
  journal={IEEE Proceedings Vision Image and Signal Processing},
  volume={143},
  pages={250--256},
  year={1996},
  publisher={Citeseer}
}


@inproceedings{cox1996secure,
  title={Secure spread spectrum watermarking for images, audio and video},
  author={Cox, Ingemar J and Kilian, Joe and Leighton, Tom and Shamoon, Talal},
  booktitle={Proceedings of 3rd IEEE International Conference on Image Processing},
  volume={3},
  pages={243--246},
  year={1996},
  organization={IEEE}
}

@article{wen2024tree,
  title={Tree-rings watermarks: Invisible fingerprints for diffusion images},
  author={Wen, Yuxin and Kirchenbauer, John and Geiping, Jonas and Goldstein, Tom},
  journal={Advances in Neural Information Processing Systems},
  volume={36},
  year={2024}
}


@article{hayes2017generating,
  title={Generating steganographic images via adversarial training},
  author={Hayes, Jamie and Danezis, George},
  journal={Advances in Neural Information Processing Systems},
  volume={30},
  year={2017}
}


@inproceedings{zhu2018hidden,
  author       = {Jiren Zhu and
                  Russell Kaplan and
                  Justin Johnson and
                  Li Fei{-}Fei},
  title        = {HiDDeN: Hiding Data With Deep Networks},
  booktitle    = {Computer Vision - {ECCV} 2018 - 15th European Conference, Munich,
                  Germany, September 8-14, 2018, Proceedings, Part {XV}},
  volume       = {11219},
  pages        = {682--697},
  year         = {2018}
}


@inproceedings{yu2021artificial,
  title={Artificial fingerprinting for generative models: Rooting deepfake attribution in training data},
  author={Yu, Ning and Skripniuk, Vladislav and Abdelnabi, Sahar and Fritz, Mario},
  booktitle={Proceedings of the IEEE/CVF International Conference on Computer Vision},
  pages={14448--14457},
  year={2021}
}


@inproceedings{fernandez2023stable,
  title={The stable signature: Rooting watermarks in latent diffusion models},
  author={Fernandez, Pierre and Couairon, Guillaume and J{\'e}gou, Herv{\'e} and Douze, Matthijs and Furon, Teddy},
  booktitle={Proceedings of the IEEE/CVF International Conference on Computer Vision},
  pages={22466--22477},
  year={2023}
}

@article{zhao2023recipe,
  title={A recipe for watermarking diffusion models},
  author={Zhao, Yunqing and Pang, Tianyu and Du, Chao and Yang, Xiao and Cheung, Ngai-Man and Lin, Min},
  journal={arXiv preprint arXiv:2303.10137},
  year={2023}
}


@inproceedings{li2019towards,
  title={Towards photo-realistic visible watermark removal with conditional generative adversarial networks},
  author={Li, Xiang and Lu, Chan and Cheng, Danni and Li, Wei-Hong and Cao, Mei and Liu, Bo and Ma, Jiechao and Zheng, Wei-Shi},
  booktitle={Image and Graphics: 10th International Conference, ICIG 2019, Beijing, China, August 23--25, 2019, Proceedings, Part I 10},
  pages={345--356},
  year={2019},
  organization={Springer}
}


@article{cao2019generative,
  title={Generative adversarial networks model for visible watermark removal},
  author={Cao, Zhiyi and Niu, Shaozhang and Zhang, Jiwei and Wang, Xinyi},
  journal={IET Image Processing},
  volume={13},
  number={10},
  pages={1783--1789},
  year={2019},
  publisher={Wiley Online Library}
}

@inproceedings{hertz2019blind,
  title={Blind visual motif removal from a single image},
  author={Hertz, Amir and Fogel, Sharon and Hanocka, Rana and Giryes, Raja and Cohen-Or, Daniel},
  booktitle={Proceedings of the IEEE/CVF Conference on Computer Vision and Pattern Recognition},
  pages={6858--6867},
  year={2019}
}

@inproceedings{liang2021visible,
  title={Visible watermark removal via self-calibrated localization and background refinement},
  author={Liang, Jing and Niu, Li and Guo, Fengjun and Long, Teng and Zhang, Liqing},
  booktitle={Proceedings of the 29th ACM international conference on multimedia},
  pages={4426--4434},
  year={2021}
}


@inproceedings{sun2023denet,
  title={DENet: disentangled embedding network for visible watermark removal},
  author={Sun, Ruizhou and Su, Yukun and Wu, Qingyao},
  booktitle={Proceedings of the AAAI Conference on Artificial Intelligence},
  volume={37},
  number={2},
  pages={2411--2419},
  year={2023}
}


@article{zhang2024robust,
  title={Robust Image Watermarking using Stable Diffusion},
  author={Zhang, Lijun and Liu, Xiao and Martin, Antoni Viros and Bearfield, Cindy Xiong and Brun, Yuriy and Guan, Hui},
  journal={arXiv preprint arXiv:2401.04247},
  year={2024}
}

@article{hosam2019attacking,
  title={Attacking image watermarking and steganography-a survey},
  author={Hosam, Osama},
  journal={International Journal of Information Technology and Computer Science},
  volume={11},
  number={3},
  pages={23--37},
  year={2019}
}

@inproceedings{xu2017automatic,
  title={An automatic visible watermark removal technique using image inpainting algorithms},
  author={Xu, Chaoran and Lu, Yao and Zhou, Yuanpin},
  booktitle={2017 4th International Conference on Systems and Informatics (ICSAI)},
  pages={1152--1157},
  year={2017},
  organization={IEEE}
}

@inproceedings{liu2021wdnet,
  title={Wdnet: Watermark-decomposition network for visible watermark removal},
  author={Liu, Yang and Zhu, Zhen and Bai, Xiang},
  booktitle={Proceedings of the IEEE/CVF winter conference on applications of computer vision},
  pages={3685--3693},
  year={2021}
}


@inproceedings{jiang2023evading,
  title={Evading watermark based detection of AI-generated content},
  author={Jiang, Zhengyuan and Zhang, Jinghuai and Gong, Neil Zhenqiang},
  booktitle={Proceedings of the 2023 ACM SIGSAC Conference on Computer and Communications Security},
  pages={1168--1181},
  year={2023}
}

@article{jiang2024watermark,
  title={Watermark-based Detection and Attribution of AI-Generated Content},
  author={Jiang, Zhengyuan and Guo, Moyang and Hu, Yuepeng and Gong, Neil Zhenqiang},
  journal={arXiv preprint arXiv:2404.04254},
  year={2024}
}

@inproceedings{zhang2018perceptual,
  title={The Unreasonable Effectiveness of Deep Features as a Perceptual Metric},
  author={Zhang, Richard and Isola, Phillip and Efros, Alexei A and Shechtman, Eli and Wang, Oliver},
  booktitle={CVPR},
  year={2018}
}

@inproceedings{Shin2017JPEGresistantAI,
  title={JPEG-resistant Adversarial Images},
  author={Richard Shin},
  year={2017},
  url={https://api.semanticscholar.org/CorpusID:204804905}
}

@article{wangDiffusionDBLargescalePrompt2022,
  title = {{{DiffusionDB}}: {{A}} Large-Scale Prompt Gallery Dataset for Text-to-Image Generative Models},
  author = {Wang, Zijie J. and Montoya, Evan and Munechika, David and Yang, Haoyang and Hoover, Benjamin and Chau, Duen Horng},
  year = {2022},
  journal = {arXiv:2210.14896 [cs]},
  url = {https://arxiv.org/abs/2210.14896}
}




@article{krizhevsky2012imagenet,
  title={Imagenet classification with deep convolutional neural networks},
  author={Krizhevsky, Alex and Sutskever, Ilya and Hinton, Geoffrey E},
  journal={Advances in Neural Information Processing Systems},
  volume={25},
  year={2012}
}

@inproceedings{ghazanfarir,
  title={R-LPIPS: An Adversarially Robust Perceptual Similarity Metric},
  author={Ghazanfari, Sara and Garg, Siddharth and Krishnamurthy, Prashanth and Khorrami, Farshad and Araujo, Alexandre},
  booktitle={The Second Workshop on New Frontiers in Adversarial Machine Learning},
year={2023}
}

@article{heusel2017gans,
  title={Gans trained by a two time-scale update rule converge to a local nash equilibrium},
  author={Heusel, Martin and Ramsauer, Hubert and Unterthiner, Thomas and Nessler, Bernhard and Hochreiter, Sepp},
  journal={Advances in neural information processing systems},
  volume={30},
  year={2017}
}

@article{wang2004image,
  title={Image quality assessment: from error visibility to structural similarity},
  author={Wang, Zhou and Bovik, Alan C and Sheikh, Hamid R and Simoncelli, Eero P},
  journal={IEEE transactions on image processing},
  volume={13},
  number={4},
  pages={600--612},
  year={2004},
  publisher={IEEE}
}

@inproceedings{madry2018towards,
  title={Towards Deep Learning Models Resistant to Adversarial Attacks},
  author={Madry, Aleksander and Makelov, Aleksandar and Schmidt, Ludwig and Tsipras, Dimitris and Vladu, Adrian},
  booktitle={International Conference on Learning Representations},
  year={2018}
}

@inproceedings{riba2020kornia,
  title={Kornia: an open source differentiable computer vision library for pytorch},
  author={Riba, Edgar and Mishkin, Dmytro and Ponsa, Daniel and Rublee, Ethan and Bradski, Gary},
  booktitle={Proceedings of the IEEE/CVF Winter Conference on Applications of Computer Vision},
  pages={3674--3683},
  year={2020}
}

@inproceedings{fernandez2022watermarking,
  title={Watermarking images in self-supervised latent spaces},
  author={Fernandez, Pierre and Sablayrolles, Alexandre and Furon, Teddy and J{\'e}gou, Herv{\'e} and Douze, Matthijs},
  booktitle={ICASSP 2022-2022 IEEE International Conference on Acoustics, Speech and Signal Processing (ICASSP)},
  pages={3054--3058},
  year={2022},
  organization={IEEE}
}


@article{lin1993towards,
  title={Towards absolute invariants of images under translation, rotation, and dilation},
  author={Lin, Feng and Brandt, Robert D},
  journal={Pattern Recognition Letters},
  volume={14},
  number={5},
  pages={369--379},
  year={1993},
  publisher={Elsevier}
}


@inproceedings{kim2024wouaf,
  title={Wouaf: Weight modulation for user attribution and fingerprinting in text-to-image diffusion models},
  author={Kim, Changhoon and Min, Kyle and Patel, Maitreya and Cheng, Sheng and Yang, Yezhou},
  booktitle={Proceedings of the IEEE/CVF Conference on Computer Vision and Pattern Recognition},
  pages={8974--8983},
  year={2024}
}


@article{feng2024aqualora,
  title={AquaLoRA: Toward White-box Protection for Customized Stable Diffusion Models via Watermark LoRA},
  author={Feng, Weitao and Zhou, Wenbo and He, Jiyan and Zhang, Jie and Wei, Tianyi and Li, Guanlin and Zhang, Tianwei and Zhang, Weiming and Yu, Nenghai},
  journal={arXiv preprint arXiv:2405.11135},
  year={2024}
}