@article{axelsson2015continuation,
  title={Continuation Newton methods},
  author={Axelsson, Owe and Sysala, Stanislav},
  journal={Computers \& Mathematics with Applications},
  volume={70},
  number={11},
  pages={2621--2637},
  year={2015},
  publisher={Elsevier}
}

@article{barnett2023neural,
  title={Neural-network-augmented projection-based model order reduction for mitigating the Kolmogorov barrier to reducibility},
  author={Barnett, Joshua and Farhat, Charbel and Maday, Yvon},
  journal={Journal of Computational Physics},
  volume={492},
  pages={112420},
  year={2023},
  publisher={Elsevier}
}

@article{berman2024colora,
  title={CoLoRA: Continuous low-rank adaptation for reduced implicit neural modeling of parameterized partial differential equations},
  author={Berman, Jules and Peherstorfer, Benjamin},
  journal={arXiv preprint arXiv:2402.14646},
  year={2024}
}

@article{cucchiara2024model,
  title={Model order reduction by convex displacement interpolation},
  author={Cucchiara, Simona and Iollo, Angelo and Taddei, Tommaso and Telib, Haysam},
  journal={Journal of Computational Physics},
  volume={514},
  pages={113230},
  year={2024},
  publisher={Elsevier}
}

@article{fresca2022pod,
  title={POD-DL-ROM: Enhancing deep learning-based reduced order models for nonlinear parametrized PDEs by proper orthogonal decomposition},
  author={Fresca, Stefania and Manzoni, Andrea},
  journal={Computer Methods in Applied Mechanics and Engineering},
  volume={388},
  pages={114181},
  year={2022},
  publisher={Elsevier}
}

@article{lee2020model,
  title={Model reduction of dynamical systems on nonlinear manifolds using deep convolutional autoencoders},
  author={Lee, Kookjin and Carlberg, Kevin T},
  journal={Journal of Computational Physics},
  volume={404},
  pages={108973},
  year={2020},
  publisher={Elsevier}
}

@article{li2020fourier,
  title={Fourier neural operator for parametric partial differential equations},
  author={Li, Zongyi and Kovachki, Nikola and Azizzadenesheli, Kamyar and Liu, Burigede and Bhattacharya, Kaushik and Stuart, Andrew and Anandkumar, Anima},
  journal={arXiv preprint arXiv:2010.08895},
  year={2020}
}

@article{li2023fourier,
  title={Fourier neural operator with learned deformations for pdes on general geometries},
  author={Li, Zongyi and Huang, Daniel Zhengyu and Liu, Burigede and Anandkumar, Anima},
  journal={Journal of Machine Learning Research},
  volume={24},
  number={388},
  pages={1--26},
  year={2023}
}

@article{lu2021learning,
  title={Learning nonlinear operators via DeepONet based on the universal approximation theorem of operators},
  author={Lu, Lu and Jin, Pengzhan and Pang, Guofei and Zhang, Zhongqiang and Karniadakis, George Em},
  journal={Nature machine intelligence},
  volume={3},
  number={3},
  pages={218--229},
  year={2021},
  publisher={Nature Publishing Group UK London}
}

@article{mirhoseini2023model,
  title={Model reduction of convection-dominated partial differential equations via optimization-based implicit feature tracking},
  author={Mirhoseini, Marzieh Alireza and Zahr, Matthew J},
  journal={Journal of Computational Physics},
  volume={473},
  pages={111739},
  year={2023},
  publisher={Elsevier}
}

@article{pfaff2020learning,
  title={Learning mesh-based simulation with graph networks},
  author={Pfaff, Tobias and Fortunato, Meire and Sanchez-Gonzalez, Alvaro and Battaglia, Peter W},
  journal={arXiv preprint arXiv:2010.03409},
  year={2020}
}

@article{porziani2021automatic,
  title={Automatic shape optimisation of structural parts driven by BGM and RBF mesh morphing},
  author={Porziani, Stefano and Groth, Corrado and Waldman, Witold and Biancolini, Marco Evangelos},
  journal={International Journal of Mechanical Sciences},
  volume={189},
  pages={105976},
  year={2021},
  publisher={Elsevier}
}

@article{raissi2019physics,
  title={Physics-informed neural networks: A deep learning framework for solving forward and inverse problems involving nonlinear partial differential equations},
  author={Raissi, Maziar and Perdikaris, Paris and Karniadakis, George E},
  journal={Journal of Computational physics},
  volume={378},
  pages={686--707},
  year={2019},
  publisher={Elsevier}
}

@article{taddei2020registration,
  title   = {A Registration Method for Model Order Reduction: Data Compression and Geometry Reduction},
  author  = {Taddei, Tommaso},
  journal = {SIAM Journal on Scientific Computing},
  volume  = {42},
  number  = {2},
  pages   = {A997--A1027},
  year    = {2020},
  publisher = {SIAM}

}

@article{taddei2023compositional,
  title   = {Compositional Maps for Registration in Complex Geometries},
  author  = {Taddei, Tommaso},
  journal = {arXiv:2308.15307},
  year    = {2023}
}

@article{ye2024data,
  title={Data-driven reduced-order modelling for blood flow simulations with geometry-informed snapshots},
  author={Ye, Dongwei and Krzhizhanovskaya, Valeria and Hoekstra, Alfons G},
  journal={Journal of Computational Physics},
  volume={497},
  pages={112639},
  year={2024},
  publisher={Elsevier}
}

