@article{axelsson2015continuation,
  title={Continuation Newton methods},
  author={Axelsson, Owe and Sysala, Stanislav},
  journal={Computers \& Mathematics with Applications},
  volume={70},
  number={11},
  pages={2621--2637},
  year={2015},
  publisher={Elsevier}
}


@article{rheinboldt2000numerical,
  title={Numerical continuation methods: a perspective},
  author={Rheinboldt, Werner C},
  journal={Journal of computational and applied mathematics},
  volume={124},
  number={1-2},
  pages={229--244},
  year={2000},
  publisher={Elsevier}
}

%reduced order modeling
@book{quarteroni2015reduced,
  title={Reduced basis methods for partial differential equations: an introduction},
  author={Quarteroni, Alfio and Manzoni, Andrea and Negri, Federico},
  volume={92},
  year={2015},
  publisher={Springer}
}


@article{manzoni2017efficient,
  title   = {Efficient Reduction of PDEs Defined on Domains with Variable Shape},
  author  = {Manzoni, Andrea and Negri, Federico},
  journal = {Model Reduction of Parametrized Systems},
  pages   = {183--199},
  year    = {2017},
  publisher = {Springer}
}

@article{salmoiraghi2018free,
  title   = {Free-form Deformation, Mesh Morphing and Reduced-order Methods: Enablers for Efficient Aerodynamic Shape Optimisation},
  author  = {Salmoiraghi, Filippo and Scardigli, Angela and Telib, Haysam and Rozza, Gianluigi},
  journal = {International Journal of Computational Fluid Dynamics},
  volume  = {32},
  number  = {4-5},
  pages   = {233--247},
  year    = {2018},
  publisher = {Taylor \& Francis}
}



%deep learning 

@article{lu2019deeponet,
  title={Deeponet: Learning nonlinear operators for identifying differential equations based on the universal approximation theorem of operators},
  author={Lu, Lu and Jin, Pengzhan and Karniadakis, George Em},
  journal={arXiv preprint arXiv:1910.03193},
  year={2019}
}

@inproceedings{guo2016convolutional,
  title={Convolutional neural networks for steady flow approximation},
  author={Guo, Xiaoxiao and Li, Wei and Iorio, Francesco},
  booktitle={Proceedings of the 22nd ACM SIGKDD international conference on knowledge discovery and data mining},
  pages={481--490},
  year={2016}
}

@article{scarselli2008graph,
  title={The graph neural network model},
  author={Scarselli, Franco and Gori, Marco and Tsoi, Ah Chung and Hagenbuchner, Markus and Monfardini, Gabriele},
  journal={IEEE transactions on neural networks},
  volume={20},
  number={1},
  pages={61--80},
  year={2008},
  publisher={IEEE}
}

@article{ye2024data,
  title={Data-driven reduced-order modelling for blood flow simulations with geometry-informed snapshots},
  author={Ye, Dongwei and Krzhizhanovskaya, Valeria and Hoekstra, Alfons G},
  journal={Journal of Computational Physics},
  volume={497},
  pages={112639},
  year={2024},
  publisher={Elsevier}
}

@article{demo2021hull,
  title={Hull shape design optimization with parameter space and model reductions, and self-learning mesh morphing},
  author={Demo, Nicola and Tezzele, Marco and Mola, Andrea and Rozza, Gianluigi},
  journal={Journal of Marine Science and Engineering},
  volume={9},
  number={2},
  pages={185},
  year={2021},
  publisher={Multidisciplinary Digital Publishing Institute}
}

@article{porziani2021automatic,
  title={Automatic shape optimisation of structural parts driven by BGM and RBF mesh morphing},
  author={Porziani, Stefano and Groth, Corrado and Waldman, Witold and Biancolini, Marco Evangelos},
  journal={International Journal of Mechanical Sciences},
  volume={189},
  pages={105976},
  year={2021},
  publisher={Elsevier}
}

@article{taddei2020registration,
  title   = {A Registration Method for Model Order Reduction: Data Compression and Geometry Reduction},
  author  = {Taddei, Tommaso},
  journal = {SIAM Journal on Scientific Computing},
  volume  = {42},
  number  = {2},
  pages   = {A997--A1027},
  year    = {2020},
  publisher = {SIAM}

}@article{taddei2023compositional,
  title   = {Compositional Maps for Registration in Complex Geometries},
  author  = {Taddei, Tommaso},
  journal = {arXiv:2308.15307},
  year    = {2023}
}

@article{cucchiara2024model,
  title={Model order reduction by convex displacement interpolation},
  author={Cucchiara, Simona and Iollo, Angelo and Taddei, Tommaso and Telib, Haysam},
  journal={Journal of Computational Physics},
  volume={514},
  pages={113230},
  year={2024},
  publisher={Elsevier}
}

@article{berman2024colora,
  title={CoLoRA: Continuous low-rank adaptation for reduced implicit neural modeling of parameterized partial differential equations},
  author={Berman, Jules and Peherstorfer, Benjamin},
  journal={arXiv preprint arXiv:2402.14646},
  year={2024}
}
@article{lee2020model,
  title={Model reduction of dynamical systems on nonlinear manifolds using deep convolutional autoencoders},
  author={Lee, Kookjin and Carlberg, Kevin T},
  journal={Journal of Computational Physics},
  volume={404},
  pages={108973},
  year={2020},
  publisher={Elsevier}
}

@article{mirhoseini2023model,
  title={Model reduction of convection-dominated partial differential equations via optimization-based implicit feature tracking},
  author={Mirhoseini, Marzieh Alireza and Zahr, Matthew J},
  journal={Journal of Computational Physics},
  volume={473},
  pages={111739},
  year={2023},
  publisher={Elsevier}
}


@article{li2020fourier,
  title={Fourier neural operator for parametric partial differential equations},
  author={Li, Zongyi and Kovachki, Nikola and Azizzadenesheli, Kamyar and Liu, Burigede and Bhattacharya, Kaushik and Stuart, Andrew and Anandkumar, Anima},
  journal={arXiv preprint arXiv:2010.08895},
  year={2020}
}

@article{li2023fourier,
  title={Fourier neural operator with learned deformations for pdes on general geometries},
  author={Li, Zongyi and Huang, Daniel Zhengyu and Liu, Burigede and Anandkumar, Anima},
  journal={Journal of Machine Learning Research},
  volume={24},
  number={388},
  pages={1--26},
  year={2023}
}

@article{raissi2019physics,
  title={Physics-informed neural networks: A deep learning framework for solving forward and inverse problems involving nonlinear partial differential equations},
  author={Raissi, Maziar and Perdikaris, Paris and Karniadakis, George E},
  journal={Journal of Computational physics},
  volume={378},
  pages={686--707},
  year={2019},
  publisher={Elsevier}
}

@article{lu2021learning,
  title={Learning nonlinear operators via DeepONet based on the universal approximation theorem of operators},
  author={Lu, Lu and Jin, Pengzhan and Pang, Guofei and Zhang, Zhongqiang and Karniadakis, George Em},
  journal={Nature machine intelligence},
  volume={3},
  number={3},
  pages={218--229},
  year={2021},
  publisher={Nature Publishing Group UK London}
}

@article{pfaff2020learning,
  title={Learning mesh-based simulation with graph networks},
  author={Pfaff, Tobias and Fortunato, Meire and Sanchez-Gonzalez, Alvaro and Battaglia, Peter W},
  journal={arXiv preprint arXiv:2010.03409},
  year={2020}
}

@article{de2007mesh,
  title   = {Mesh Deformation Based on Radial Basis Function Interpolation},
  author  = {De Boer, Aukje and Van der Schoot, Martijn S. and Bijl, Hester},
  journal = {Computers \& Structures},
  volume  = {85},
  number  = {11-14},
  pages   = {784--795},
  year    = {2007},
  publisher = {Elsevier}
}

@article{baker2002mesh,
  title   = {Mesh Movement and Metamorphosis},
  author  = {Baker, Timothy J.},
  journal = {Engineering with Computers},
  volume  = {18},
  number  = {3},
  pages   = {188--198},
  year    = {2002},
  publisher = {Springer}
}

@article{beg2005computing,
  title   = {Computing Large Deformation Metric Mappings via Geodesic Flows of Diffeomorphisms},
  author  = {Beg, M. Faisal and Miller, Michael I. and Trouv{\'e}, Alain and Younes, Laurent},
  journal = {International Journal of Computer Vision},
  volume  = {61},
  pages   = {139--157},
  year    = {2005},
  publisher = {Springer}
}

@article{taddei2022optimization,
  title   = {An Optimization-based Registration Approach to Geometry Reduction},
  author  = {Taddei, Tommaso},
  journal = {arXiv:2211.10275},
  year    = {2022}
}


@article{kabalan2025elasticity,
  title={Elasticity-based morphing technique and application to reduced-order modeling},
  author={Kabalan, Abbas and Casenave, Fabien and Bordeu, Felipe and Ehrlacher, Virginie and Ern, Alexandre},
  journal={Applied Mathematical Modelling},
  pages={115929},
  year={2025},
  publisher={Elsevier}
}

@book{rasmussen2006gaussian,
  title    = {Gaussian Processes for Machine Learning},
  author   = {Williams, Christopher Ki and Rasmussen, Carl Edward},
  publisher= {MIT Press},
  year     = {2006}
}

@article{barnett2023neural,
  title={Neural-network-augmented projection-based model order reduction for mitigating the Kolmogorov barrier to reducibility},
  author={Barnett, Joshua and Farhat, Charbel and Maday, Yvon},
  journal={Journal of Computational Physics},
  volume={492},
  pages={112420},
  year={2023},
  publisher={Elsevier}
}

@article{fresca2022pod,
  title={POD-DL-ROM: Enhancing deep learning-based reduced order models for nonlinear parametrized PDEs by proper orthogonal decomposition},
  author={Fresca, Stefania and Manzoni, Andrea},
  journal={Computer Methods in Applied Mechanics and Engineering},
  volume={388},
  pages={114181},
  year={2022},
  publisher={Elsevier}
}

@article{yagoubi2024neurips,
  title={Neurips 2024 ml4cfd competition: Harnessing machine learning for computational fluid dynamics in airfoil design},
  author={Yagoubi, Mouadh and Danan, David and Leyli-Abadi, Milad and Brunet, Jean-Patrick and Mazari, Jocelyn Ahmed and Bonnet, Florent and Farjallah, Asma and Cinnella, Paola and Gallinari, Patrick and Schoenauer, Marc and others},
  journal={arXiv preprint arXiv:2407.01641},
  year={2024}
}

@article{bonnet2022airfrans,
  title={Airfrans: High fidelity computational fluid dynamics dataset for approximating reynolds-averaged navier--stokes solutions},
  author={Bonnet, Florent and Mazari, Jocelyn and Cinnella, Paola and Gallinari, Patrick},
  journal={Advances in Neural Information Processing Systems},
  volume={35},
  pages={23463--23478},
  year={2022}
}

@article{casenave2024mmgp,
  title={Mmgp: a mesh morphing gaussian process-based machine learning method for regression of physical problems under nonparametrized geometrical variability},
  author={Casenave, Fabien and Staber, Brian and Roynard, Xavier},
  journal={Advances in Neural Information Processing Systems},
  volume={36},
  year={2024}
}
@misc{ML4CFD_Neurisp2024,
    author={Casenave, Fabien},
  title        = {ML4CFD Neurisp2024 solution},
  howpublished = {\url{https://gitlab.com/drti/airfrans_competitions/-/tree/main/ML4CFD_Neurisp2024}},  
  year         = { since 2025 (accessed 30 January 2025)},
  
}

@book{hesthaven2016certified,
  title={Certified reduced basis methods for parametrized partial differential equations},
  author={Hesthaven, Jan S and Rozza, Gianluigi and Stamm, Benjamin and others},
  volume={590},
  year={2016},
  publisher={Springer}
}

@article{de2016optimization,
  title={An optimization method for elastic shape matching},
  author={De Buhan, Maya and Dapogny, Charles and Frey, Pascal and Nardoni, Chiara},
  journal={Comptes Rendus. Math{\'e}matique},
  volume={354},
  number={8},
  pages={783--787},
  year={2016}
}