@inproceedings{Zhao_OOdistribution,
author = {Zhao, Ningsheng and Yu, Jia Yuan and Bui, Trang and Dzieciolowski, Krzysztof},
title = {Correcting Biases of Shapley Value Attributions for Informative Machine Learning Model Explanations},
year = {2024},
publisher = {Association for Computing Machinery},
booktitle = {Proceedings of the 33rd ACM International Conference on Information and Knowledge Management},
pages = {3331–3340},
}

@article{aas2021,
    title = {Explaining individual predictions when features are dependent: More accurate approximations to Shapley values},
    journal = {Artificial Intelligence},
    volume = {298},
    pages = {103502},
    year = {2021},
    author = {Kjersti Aas and Martin Jullum and Anders Løland},
}

@article{alaa2019demystifying,
  title={Demystifying black-box models with symbolic metamodels},
  author={Alaa, Ahmed M and van der Schaar, Mihaela},
  journal={Advances in neural information processing systems},
  volume={32},
  year={2019}
}

@inproceedings{alqaraawi2020evaluating,
  title={Evaluating saliency map explanations for convolutional neural networks: a user study},
  author={Alqaraawi, Ahmed and Schuessler, Martin and Wei{\ss}, Philipp and Costanza, Enrico and Berthouze, Nadia},
  booktitle={Proceedings of the 25th international conference on intelligent user interfaces},
  pages={275--285},
  year={2020}
}

@article{bach2015pixel,
  title={On pixel-wise explanations for non-linear classifier decisions by layer-wise relevance propagation},
  author={Bach, Sebastian and Binder, Alexander and Montavon, Gr{\'e}goire and Klauschen, Frederick and M{\"u}ller, Klaus-Robert and Samek, Wojciech},
  journal={PloS one},
  volume={10},
  number={7},
  pages={e0130140},
  year={2015},
  publisher={Public Library of Science San Francisco, CA USA}
}

@article{chen2023algorithms,
  title={Algorithms to estimate Shapley value feature attributions},
  author={Chen, Hugh and Covert, Ian C and Lundberg, Scott M and Lee, Su-In},
  journal={Nature Machine Intelligence},
  volume={5},
  number={6},
  pages={590--601},
  year={2023},
  publisher={Nature Publishing Group UK London}
}

@article{craven1995extracting,
  title={Extracting tree-structured representations of trained networks},
  author={Craven, Mark and Shavlik, Jude},
  journal={Advances in neural information processing systems},
  volume={8},
  year={1995}
}

@article{dieber2020model,
  title={Why model why? Assessing the strengths and limitations of LIME},
  author={Dieber, J{\"u}rgen and Kirrane, Sabrina},
  journal={arXiv preprint arXiv:2012.00093},
  year={2020}
}

@inproceedings{goyal2019counterfactual,
  title={Counterfactual visual explanations},
  author={Goyal, Yash and Wu, Ziyan and Ernst, Jan and Batra, Dhruv and Parikh, Devi and Lee, Stefan},
  booktitle={International Conference on Machine Learning},
  pages={2376--2384},
  year={2019},
  organization={PMLR}
}

@article{guidotti2024counterfactual,
  title={Counterfactual explanations and how to find them: literature review and benchmarking},
  author={Guidotti, Riccardo},
  journal={Data Mining and Knowledge Discovery},
  volume={38},
  number={5},
  pages={2770--2824},
  year={2024},
  publisher={Springer}
}

@book{kuhn1953contributions,
  title={Contributions to the Theory of Games},
  author={Kuhn, Harold William and Tucker, Albert William},
  number={28},
  year={1953},
  publisher={Princeton University Press}
}

@article{kumar2020problems,
       author = {{Kumar}, I. Elizabeth and {Venkatasubramanian}, Suresh and {Scheidegger}, Carlos and {Friedler}, Sorelle},
        title = "{Problems with Shapley-value-based explanations as feature importance measures}",
      journal = {arXiv e-prints},
         year = {2020},
        month = {feb},
}

@article{lundberg2017unified,
  title={A unified approach to interpreting model predictions},
  author={Lundberg, Scott},
  journal={arXiv preprint arXiv:1705.07874},
  year={2017}
}

@article{merrick2019games,
    author = {Merrick, Luke and Taly, Ankur},
    title = "{The Explanation Game: Explaining Machine Learning Models Using Shapley Values}",
    journal = {arXiv e-prints},
     year = {2019},
    month = {sep},
}

@inproceedings{mothilal2020explaining,
  title={Explaining machine learning classifiers through diverse counterfactual explanations},
  author={Mothilal, Ramaravind K and Sharma, Amit and Tan, Chenhao},
  booktitle={Proceedings of the 2020 conference on fairness, accountability, and transparency},
  pages={607--617},
  year={2020}
}

@article{mundhenk2019efficient,
  title={Efficient saliency maps for explainable AI},
  author={Mundhenk, T Nathan and Chen, Barry Y and Friedland, Gerald},
  journal={arXiv preprint arXiv:1911.11293},
  year={2019}
}

@inproceedings{nguyen2021evaluation,
  title={Evaluation of explainable artificial intelligence: Shap, lime, and cam},
  author={Nguyen, Hung Truong Thanh and Cao, Hung Quoc and Nguyen, Khang Vo Thanh and Pham, Nguyen Dinh Khoi},
  booktitle={Proceedings of the FPT AI Conference},
  pages={1--6},
  year={2021}
}

@article{paez2024understanding,
  title={Understanding with toy surrogate models in machine learning},
  author={P{\'a}ez, Andr{\'e}s},
  journal={Minds and Machines},
  volume={34},
  number={4},
  pages={45},
  year={2024},
  publisher={Springer}
}

@inproceedings{ribeiro2016should,
  title={" Why should i trust you?" Explaining the predictions of any classifier},
  author={Ribeiro, Marco Tulio and Singh, Sameer and Guestrin, Carlos},
  booktitle={Proceedings of the 22nd ACM SIGKDD international conference on knowledge discovery and data mining},
  pages={1135--1144},
  year={2016}
}

@article{salih2024perspective,
  title={A perspective on explainable artificial intelligence methods: SHAP and LIME},
  author={Salih, Ahmed M and Raisi-Estabragh, Zahra and Galazzo, Ilaria Boscolo and Radeva, Petia and Petersen, Steffen E and Lekadir, Karim and Menegaz, Gloria},
  journal={Advanced Intelligent Systems},
  pages={2400304},
  year={2024},
  publisher={Wiley Online Library}
}

@article{samuel2021evaluation,
  title={Evaluation of saliency-based explainability method},
  author={Samuel, Sam Zabdiel Sunder and Kamakshi, Vidhya and Lodhi, Namrata and Krishnan, Narayanan C},
  journal={arXiv preprint arXiv:2106.12773},
  year={2021}
}

@article{shapley1953value,
  title={A value for n-person games},
  author={Shapley, Lloyd S},
  journal={Contribution to the Theory of Games},
  volume={2},
  year={1953}
}

@article{shrikumar2016not,
  title={Not just a black box: Learning important features through propagating activation differences},
  author={Shrikumar, Avanti and Greenside, Peyton and Shcherbina, Anna and Kundaje, Anshul},
  journal={arXiv preprint arXiv:1605.01713},
  year={2016}
}

@inproceedings{shrikumar2017learning,
  title={Learning important features through propagating activation differences},
  author={Shrikumar, Avanti and Greenside, Peyton and Kundaje, Anshul},
  booktitle={International conference on machine learning},
  pages={3145--3153},
  year={2017},
  organization={PMlR}
}

@article{simonyan2013deep,
  title={Deep inside convolutional networks: Visualising image classification models and saliency maps},
  author={Simonyan, Karen and Vedaldi, Andrea and Zisserman, Andrew},
  journal={arXiv preprint arXiv:1312.6034},
  year={2013}
}

@article{singh2023choose,
  title={When to choose ranked area integrals versus integrated gradient for explainable artificial intelligence--a comparison of algorithms},
  author={Singh, Vinay and Konovalova, Iuliia and Kar, Arpan Kumar},
  journal={Benchmarking: An International Journal},
  volume={30},
  number={9},
  pages={3067--3089},
  year={2023},
  publisher={Emerald Publishing Limited}
}

@article{slack2021counterfactual,
  title={Counterfactual explanations can be manipulated},
  author={Slack, Dylan and Hilgard, Anna and Lakkaraju, Himabindu and Singh, Sameer},
  journal={Advances in neural information processing systems},
  volume={34},
  pages={62--75},
  year={2021}
}

@article{strumbelj2014,
  title = {Explaining prediction models and individual predictions with feature contributions},
  author = {\v{S}trumbelj, Erik and Kononenko, Igor},
  journal = {Knowl. Inf. Syst.},
  volume = {41},
  pages = {647–665},
  year = {2014},
  publisher = {Springer-Verlag},
}

@inproceedings{sundararajan2017axiomatic,
  title={Axiomatic attribution for deep networks},
  author={Sundararajan, Mukund and Taly, Ankur and Yan, Qiqi},
  booktitle={International conference on machine learning},
  pages={3319--3328},
  year={2017},
  organization={PMLR}
}

@inproceedings{sundararajan2020many,
  title={The many Shapley values for model explanation},
  author={Sundararajan, Mukund and Najmi, Amir},
  booktitle={International conference on machine learning},
  pages={9269--9278},
  year={2020},
  organization={PMLR}
}

@inproceedings{vcik2021explaining,
  title={Explaining deep neural network using layer-wise relevance propagation and integrated gradients},
  author={{\v{C}}{\'\i}k, Ivan and Rasamoelina, Andrindrasana David and Mach, Mari{\'a}n and Sin{\v{c}}{\'a}k, Peter},
  booktitle={2021 IEEE 19th world symposium on applied machine intelligence and informatics (SAMI)},
  pages={000381--000386},
  year={2021},
  organization={IEEE}
}

@article{verma2020counterfactual,
  title={Counterfactual explanations for machine learning: A review},
  author={Verma, Sahil and Dickerson, John and Hines, Keegan},
  journal={arXiv preprint arXiv:2010.10596},
  volume={2},
  pages={1},
  year={2020}
}

@article{verma2024counterfactual,
  title={Counterfactual explanations and algorithmic recourses for machine learning: A review},
  author={Verma, Sahil and Boonsanong, Varich and Hoang, Minh and Hines, Keegan and Dickerson, John and Shah, Chirag},
  journal={ACM Computing Surveys},
  volume={56},
  number={12},
  pages={1--42},
  year={2024},
  publisher={ACM New York, NY}
}

@article{wachter2017counterfactual,
  title={Counterfactual explanations without opening the black box: Automated decisions and the GDPR},
  author={Wachter, Sandra and Mittelstadt, Brent and Russell, Chris},
  journal={Harv. JL \& Tech.},
  volume={31},
  pages={841},
  year={2017},
  publisher={HeinOnline}
}

@article{wang2024gradient,
  title={Gradient based Feature Attribution in Explainable AI: A Technical Review},
  author={Wang, Yongjie and Zhang, Tong and Guo, Xu and Shen, Zhiqi},
  journal={arXiv preprint arXiv:2403.10415},
  year={2024}
}

