@article{greenwade93,
    author  = "George D. Greenwade",
    title   = "The {C}omprehensive {T}ex {A}rchive {N}etwork ({CTAN})",
    year    = "1993",
    journal = "TUGBoat",
    volume  = "14",
    number  = "3",
    pages   = "342--351"
}

@article{le2020scaling,
  title={Scaling tree-based automated machine learning to biomedical big data with a feature set selector},
  author={Le, Trang T and Fu, Weixuan and Moore, Jason H},
  journal={Bioinformatics},
  volume={36},
  number={1},
  pages={250--256},
  year={2020},
  publisher={Oxford University Press}
}

@misc{andykrause_2019_github,
  author = {andykrause},
  title = {GitHub - andykrause/kingCoData},
  url = {https://github.com/andykrause/kingCoData.git},
  urldate = {2024-12-08},
  year = {2019},
  organization = {GitHub}
}

@article{kuenneth2021polymer,
  title={Polymer informatics with multi-task learning},
  author={Kuenneth, Christopher and Rajan, Arunkumar Chitteth and Tran, Huan and Chen, Lihua and Kim, Chiho and Ramprasad, Rampi},
  journal={Patterns},
  volume={2},
  number={4},
  year={2021},
  publisher={Elsevier}
}

@article{wu2018moleculenet,
  title={MoleculeNet: a benchmark for molecular machine learning},
  author={Wu, Zhenqin and Ramsundar, Bharath and Feinberg, Evan N and Gomes, Joseph and Geniesse, Caleb and Pappu, Aneesh S and Leswing, Karl and Pande, Vijay},
  journal={Chemical science},
  volume={9},
  number={2},
  pages={513--530},
  year={2018},
  publisher={Royal Society of Chemistry}
}

@inproceedings{moghimi2023rethinking,
  title={Rethinking Real Estate Pricing with Transformer Graph Neural Networks (T-GNN)},
  author={Moghimi, Faraz and Johnson, Reid A and Krause, Andy},
  booktitle={2023 International Conference on Machine Learning and Applications (ICMLA)},
  pages={1405--1411},
  year={2023},
  organization={IEEE}
}

@article{arrieta2020explainable,
  title={Explainable Artificial Intelligence (XAI): Concepts, taxonomies, opportunities and challenges toward responsible AI},
  author={Arrieta, Alejandro Barredo and D{\'\i}az-Rodr{\'\i}guez, Natalia and Del Ser, Javier and Bennetot, Adrien and Tabik, Siham and Barbado, Alberto and Garc{\'\i}a, Salvador and Gil-L{\'o}pez, Sergio and Molina, Daniel and Benjamins, Richard and others},
  journal={Information fusion},
  volume={58},
  pages={82--115},
  year={2020},
  publisher={Elsevier}
}
@article{dwivedi2023explainable,
  title={Explainable AI (XAI): Core ideas, techniques, and solutions},
  author={Dwivedi, Rudresh and Dave, Devam and Naik, Het and Singhal, Smiti and Omer, Rana and Patel, Pankesh and Qian, Bin and Wen, Zhenyu and Shah, Tejal and Morgan, Graham and others},
  journal={ACM Computing Surveys},
  volume={55},
  number={9},
  pages={1--33},
  year={2023},
  publisher={ACM New York, NY}
}
@article{das2020opportunities,
  title={Opportunities and challenges in explainable artificial intelligence (xai): A survey},
  author={Das, Arun and Rad, Paul},
  journal={arXiv preprint arXiv:2006.11371},
  year={2020}
}
@article{saeed2023explainable,
  title={Explainable AI (XAI): A systematic meta-survey of current challenges and future opportunities},
  author={Saeed, Waddah and Omlin, Christian},
  journal={Knowledge-Based Systems},
  volume={263},
  pages={110273},
  year={2023},
  publisher={Elsevier}
}
@article{tjoa2020survey,
  title={A survey on explainable artificial intelligence (xai): Toward medical xai},
  author={Tjoa, Erico and Guan, Cuntai},
  journal={IEEE transactions on neural networks and learning systems},
  volume={32},
  number={11},
  pages={4793--4813},
  year={2020},
  publisher={IEEE}
}
@article{adadi2018peeking,
  title={Peeking inside the black-box: a survey on explainable artificial intelligence (XAI)},
  author={Adadi, Amina and Berrada, Mohammed},
  journal={IEEE access},
  volume={6},
  pages={52138--52160},
  year={2018},
  publisher={IEEE}
}
@inproceedings{zhou2022feature,
  title={Do feature attribution methods correctly attribute features?},
  author={Zhou, Yilun and Booth, Serena and Ribeiro, Marco Tulio and Shah, Julie},
  booktitle={Proceedings of the AAAI Conference on Artificial Intelligence},
  volume={36},
  number={9},
  pages={9623--9633},
  year={2022}
}
@article{lundberg2018consistent,
  title={Consistent individualized feature attribution for tree ensembles},
  author={Lundberg, Scott M and Erion, Gabriel G and Lee, Su-In},
  journal={arXiv preprint arXiv:1802.03888},
  year={2018}
}
@article{bilodeau2024impossibility,
  title={Impossibility theorems for feature attribution},
  author={Bilodeau, Blair and Jaques, Natasha and Koh, Pang Wei and Kim, Been},
  journal={Proceedings of the National Academy of Sciences},
  volume={121},
  number={2},
  pages={e2304406120},
  year={2024},
  publisher={National Acad Sciences}
}
@article{lundberg2017unified,
  title={A unified approach to interpreting model predictions},
  author={Lundberg, Scott},
  journal={arXiv preprint arXiv:1705.07874},
  year={2017}
}
@book{kuhn1953contributions,
  title={Contributions to the Theory of Games},
  author={Kuhn, Harold William and Tucker, Albert William},
  number={28},
  year={1953},
  publisher={Princeton University Press}
}
@article{chen2020true,
  title={True to the model or true to the data?},
  author={Chen, Hugh and Janizek, Joseph D and Lundberg, Scott and Lee, Su-In},
  journal={arXiv preprint arXiv:2006.16234},
  year={2020}
}
@inproceedings{sundararajan2020many,
  title={The many Shapley values for model explanation},
  author={Sundararajan, Mukund and Najmi, Amir},
  booktitle={International conference on machine learning},
  pages={9269--9278},
  year={2020},
  organization={PMLR}
}
@book{kahr2006real,
  title={Real estate market valuation and analysis},
  author={Kahr, Joshua and Thomsett, Michael C},
  year={2006},
  publisher={John Wiley \& Sons}
}
@article{yeh2018building,
  title={Building real estate valuation models with comparative approach through case-based reasoning},
  author={Yeh, I-Cheng and Hsu, Tzu-Kuang},
  journal={Applied Soft Computing},
  volume={65},
  pages={260--271},
  year={2018},
  publisher={Elsevier}
}

@article{pagourtzi2003real,
  title={Real estate appraisal: a review of valuation methods},
  author={Pagourtzi, Elli and Assimakopoulos, Vassilis and Hatzichristos, Thomas and French, Nick},
  journal={Journal of property investment \& finance},
  volume={21},
  number={4},
  pages={383--401},
  year={2003},
  publisher={MCB UP Ltd}
}

@article{gentner2003analogical,
  title={Analogical reasoning, psychology of},
  author={Gentner, Dedre},
  journal={Encyclopedia of cognitive science},
  volume={1},
  pages={106--112},
  year={2003},
  publisher={London: Nature Publishing Group}
}

@article{goswami1996analogical,
  title={Analogical reasoning and cognitive development},
  author={Goswami, Usha},
  journal={Advances in child development and behavior},
  volume={26},
  pages={91--138},
  year={1996},
  publisher={Elsevier}
}
@inproceedings{ribeiro2016should,
  title={" Why should i trust you?" Explaining the predictions of any classifier},
  author={Ribeiro, Marco Tulio and Singh, Sameer and Guestrin, Carlos},
  booktitle={Proceedings of the 22nd ACM SIGKDD international conference on knowledge discovery and data mining},
  pages={1135--1144},
  year={2016}
}
@article{ribeiro2018,
  title={Anchors: High-Precision Model-Agnostic Explanations},
  author={Ribeiro, Marco Tulio and Singh, Sameer and Guestrin, Carlos},
  volume={32},
  journal={Proceedings of the AAAI Conference on Artificial Intelligence},
  year={2018}, 
  month={Apr.} 
}
@article{strumbelj2014,
  title = {Explaining prediction models and individual predictions with feature contributions},
  author = {\v{S}trumbelj, Erik and Kononenko, Igor},
  journal = {Knowl. Inf. Syst.},
  volume = {41},
  pages = {647â€“665},
  year = {2014},
  publisher = {Springer-Verlag},
}
@article{Wachter2017counter,
  title = "{Counterfactual Explanations without Opening the Black Box: Automated Decisions and the GDPR}",
  author = {{Wachter}, Sandra and {Mittelstadt}, Brent and {Russell}, Chris},
  journal = {arXiv e-prints},
  year = 2017,
  month = nov,
}
@article{shapley1953value,
  title={A value for n-person games},
  author={Shapley, Lloyd S},
  journal={Contribution to the Theory of Games},
  volume={2},
  year={1953}
}
@article{simonyan2013deep,
  title={Deep inside convolutional networks: Visualising image classification models and saliency maps},
  author={Simonyan, Karen and Vedaldi, Andrea and Zisserman, Andrew},
  journal={arXiv preprint arXiv:1312.6034},
  year={2013}
}
@inproceedings{sundararajan2017axiomatic,
  title={Axiomatic attribution for deep networks},
  author={Sundararajan, Mukund and Taly, Ankur and Yan, Qiqi},
  booktitle={International conference on machine learning},
  pages={3319--3328},
  year={2017},
  organization={PMLR}
}
@inproceedings{shrikumar2017learning,
  title={Learning important features through propagating activation differences},
  author={Shrikumar, Avanti and Greenside, Peyton and Kundaje, Anshul},
  booktitle={International conference on machine learning},
  pages={3145--3153},
  year={2017},
  organization={PMlR}
}
@article{bach2015pixel,
  title={On pixel-wise explanations for non-linear classifier decisions by layer-wise relevance propagation},
  author={Bach, Sebastian and Binder, Alexander and Montavon, Gr{\'e}goire and Klauschen, Frederick and M{\"u}ller, Klaus-Robert and Samek, Wojciech},
  journal={PloS one},
  volume={10},
  number={7},
  pages={e0130140},
  year={2015},
  publisher={Public Library of Science San Francisco, CA USA}
}
@article{craven1995extracting,
  title={Extracting tree-structured representations of trained networks},
  author={Craven, Mark and Shavlik, Jude},
  journal={Advances in neural information processing systems},
  volume={8},
  year={1995}
}
@article{wachter2017counterfactual,
  title={Counterfactual explanations without opening the black box: Automated decisions and the GDPR},
  author={Wachter, Sandra and Mittelstadt, Brent and Russell, Chris},
  journal={Harv. JL \& Tech.},
  volume={31},
  pages={841},
  year={2017},
  publisher={HeinOnline}
}
@article{bahdanau2014neural,
  title={Neural machine translation by jointly learning to align and translate},
  author={Bahdanau, Dzmitry},
  journal={arXiv preprint arXiv:1409.0473},
  year={2014}
}
@article{chen2023algorithms,
  title={Algorithms to estimate Shapley value feature attributions},
  author={Chen, Hugh and Covert, Ian C and Lundberg, Scott M and Lee, Su-In},
  journal={Nature Machine Intelligence},
  volume={5},
  number={6},
  pages={590--601},
  year={2023},
  publisher={Nature Publishing Group UK London}
}
@article{mundhenk2019efficient,
  title={Efficient saliency maps for explainable AI},
  author={Mundhenk, T Nathan and Chen, Barry Y and Friedland, Gerald},
  journal={arXiv preprint arXiv:1911.11293},
  year={2019}
}
@article{samuel2021evaluation,
  title={Evaluation of saliency-based explainability method},
  author={Samuel, Sam Zabdiel Sunder and Kamakshi, Vidhya and Lodhi, Namrata and Krishnan, Narayanan C},
  journal={arXiv preprint arXiv:2106.12773},
  year={2021}
}
@inproceedings{alqaraawi2020evaluating,
  title={Evaluating saliency map explanations for convolutional neural networks: a user study},
  author={Alqaraawi, Ahmed and Schuessler, Martin and Wei{\ss}, Philipp and Costanza, Enrico and Berthouze, Nadia},
  booktitle={Proceedings of the 25th international conference on intelligent user interfaces},
  pages={275--285},
  year={2020}
}
@inproceedings{vcik2021explaining,
  title={Explaining deep neural network using layer-wise relevance propagation and integrated gradients},
  author={{\v{C}}{\'\i}k, Ivan and Rasamoelina, Andrindrasana David and Mach, Mari{\'a}n and Sin{\v{c}}{\'a}k, Peter},
  booktitle={2021 IEEE 19th world symposium on applied machine intelligence and informatics (SAMI)},
  pages={000381--000386},
  year={2021},
  organization={IEEE}
}
@article{singh2023choose,
  title={When to choose ranked area integrals versus integrated gradient for explainable artificial intelligence--a comparison of algorithms},
  author={Singh, Vinay and Konovalova, Iuliia and Kar, Arpan Kumar},
  journal={Benchmarking: An International Journal},
  volume={30},
  number={9},
  pages={3067--3089},
  year={2023},
  publisher={Emerald Publishing Limited}
}
@article{wang2024gradient,
  title={Gradient based Feature Attribution in Explainable AI: A Technical Review},
  author={Wang, Yongjie and Zhang, Tong and Guo, Xu and Shen, Zhiqi},
  journal={arXiv preprint arXiv:2403.10415},
  year={2024}
}
@article{dieber2020model,
  title={Why model why? Assessing the strengths and limitations of LIME},
  author={Dieber, J{\"u}rgen and Kirrane, Sabrina},
  journal={arXiv preprint arXiv:2012.00093},
  year={2020}
}
@article{salih2024perspective,
  title={A perspective on explainable artificial intelligence methods: SHAP and LIME},
  author={Salih, Ahmed M and Raisi-Estabragh, Zahra and Galazzo, Ilaria Boscolo and Radeva, Petia and Petersen, Steffen E and Lekadir, Karim and Menegaz, Gloria},
  journal={Advanced Intelligent Systems},
  pages={2400304},
  year={2024},
  publisher={Wiley Online Library}
}
@inproceedings{nguyen2021evaluation,
  title={Evaluation of explainable artificial intelligence: Shap, lime, and cam},
  author={Nguyen, Hung Truong Thanh and Cao, Hung Quoc and Nguyen, Khang Vo Thanh and Pham, Nguyen Dinh Khoi},
  booktitle={Proceedings of the FPT AI Conference},
  pages={1--6},
  year={2021}
}
@article{shrikumar2016not,
  title={Not just a black box: Learning important features through propagating activation differences},
  author={Shrikumar, Avanti and Greenside, Peyton and Shcherbina, Anna and Kundaje, Anshul},
  journal={arXiv preprint arXiv:1605.01713},
  year={2016}
}
@article{guidotti2024counterfactual,
  title={Counterfactual explanations and how to find them: literature review and benchmarking},
  author={Guidotti, Riccardo},
  journal={Data Mining and Knowledge Discovery},
  volume={38},
  number={5},
  pages={2770--2824},
  year={2024},
  publisher={Springer}
}
@article{verma2020counterfactual,
  title={Counterfactual explanations for machine learning: A review},
  author={Verma, Sahil and Dickerson, John and Hines, Keegan},
  journal={arXiv preprint arXiv:2010.10596},
  volume={2},
  pages={1},
  year={2020}
}
@inproceedings{mothilal2020explaining,
  title={Explaining machine learning classifiers through diverse counterfactual explanations},
  author={Mothilal, Ramaravind K and Sharma, Amit and Tan, Chenhao},
  booktitle={Proceedings of the 2020 conference on fairness, accountability, and transparency},
  pages={607--617},
  year={2020}
}
@inproceedings{goyal2019counterfactual,
  title={Counterfactual visual explanations},
  author={Goyal, Yash and Wu, Ziyan and Ernst, Jan and Batra, Dhruv and Parikh, Devi and Lee, Stefan},
  booktitle={International Conference on Machine Learning},
  pages={2376--2384},
  year={2019},
  organization={PMLR}
}
@article{verma2024counterfactual,
  title={Counterfactual explanations and algorithmic recourses for machine learning: A review},
  author={Verma, Sahil and Boonsanong, Varich and Hoang, Minh and Hines, Keegan and Dickerson, John and Shah, Chirag},
  journal={ACM Computing Surveys},
  volume={56},
  number={12},
  pages={1--42},
  year={2024},
  publisher={ACM New York, NY}
}
@article{slack2021counterfactual,
  title={Counterfactual explanations can be manipulated},
  author={Slack, Dylan and Hilgard, Anna and Lakkaraju, Himabindu and Singh, Sameer},
  journal={Advances in neural information processing systems},
  volume={34},
  pages={62--75},
  year={2021}
}
@article{paez2024understanding,
  title={Understanding with toy surrogate models in machine learning},
  author={P{\'a}ez, Andr{\'e}s},
  journal={Minds and Machines},
  volume={34},
  number={4},
  pages={45},
  year={2024},
  publisher={Springer}
}
@article{alaa2019demystifying,
  title={Demystifying black-box models with symbolic metamodels},
  author={Alaa, Ahmed M and van der Schaar, Mihaela},
  journal={Advances in neural information processing systems},
  volume={32},
  year={2019}
}
@article{wiegreffe2019attention,
  title={Attention is not not explanation},
  author={Wiegreffe, Sarah and Pinter, Yuval},
  journal={arXiv preprint arXiv:1908.04626},
  year={2019}
}
@article{jain2019attention,
  title={Attention is not explanation},
  author={Jain, Sarthak and Wallace, Byron C},
  journal={arXiv preprint arXiv:1902.10186},
  year={2019}
}
@inproceedings{bibal2022attention,
  title={Is attention explanation? an introduction to the debate},
  author={Bibal, Adrien and Cardon, R{\'e}mi and Alfter, David and Wilkens, Rodrigo and Wang, Xiaoou and Fran{\c{c}}ois, Thomas and Watrin, Patrick},
  booktitle={Proceedings of the 60th Annual Meeting of the Association for Computational Linguistics (Volume 1: Long Papers)},
  pages={3889--3900},
  year={2022}
}
@inproceedings{liu2022graph,
  title={Graph rationalization with environment-based augmentations},
  author={Liu, Gang and Zhao, Tong and Xu, Jiaxin and Luo, Tengfei and Jiang, Meng},
  booktitle={Proceedings of the 28th ACM SIGKDD Conference on Knowledge Discovery and Data Mining},
  pages={1069--1078},
  year={2022}
}
@article{xu2024superior,
  title={Superior Polymeric Gas Separation Membrane Designed by Explainable Graph Machine Learning},
  author={Xu, Jiaxin and Suleiman, Agboola and Liu, Gang and Perez, Michael and Zhang, Renzheng and Jiang, Meng and Guo, Ruilan and Luo, Tengfei},
  journal={arXiv preprint arXiv:2404.10903},
  year={2024}
}
@article{wu2022discovering,
  title={Discovering invariant rationales for graph neural networks},
  author={Wu, Ying-Xin and Wang, Xiang and Zhang, An and He, Xiangnan and Chua, Tat-Seng},
  journal={arXiv preprint arXiv:2201.12872},
  year={2022}
}
@inproceedings{Zhao_OOdistribution,
author = {Zhao, Ningsheng and Yu, Jia Yuan and Bui, Trang and Dzieciolowski, Krzysztof},
title = {Correcting Biases of Shapley Value Attributions for Informative Machine Learning Model Explanations},
year = {2024},
publisher = {Association for Computing Machinery},
booktitle = {Proceedings of the 33rd ACM International Conference on Information and Knowledge Management},
pages = {3331â€“3340},
}

@inproceedings{Heskes2020,
author = {Heskes, Tom and Bucur, Ioan Gabriel and Sijben, Evi and Claassen, Tom},
title = {Causal shapley values: exploiting causal knowledge to explain individual predictions of complex models},
year = {2020},
isbn = {9781713829546},
publisher = {Curran Associates Inc.},
address = {Red Hook, NY, USA},
booktitle = {Proceedings of the 34th International Conference on Neural Information Processing Systems},
articleno = {401},
numpages = {12},
location = {Vancouver, BC, Canada},
series = {NIPS '20}
}

@inproceedings{Frye2020,
author = {Frye, Christopher and Rowat, Colin and Feige, Ilya},
title = {Asymmetric Shapley values: incorporating causal knowledge into model-agnostic explainability},
year = {2020},
isbn = {9781713829546},
publisher = {Curran Associates Inc.},
address = {Red Hook, NY, USA},
booktitle = {Proceedings of the 34th International Conference on Neural Information Processing Systems},
articleno = {104},
numpages = {11},
location = {Vancouver, BC, Canada},
series = {NIPS '20}
}


@InProceedings{pmlr-v130-wang21b,
  title = 	 { Shapley Flow: A Graph-based Approach to Interpreting Model Predictions },
  author =       {Wang, Jiaxuan and Wiens, Jenna and Lundberg, Scott},
  booktitle = 	 {Proceedings of The 24th International Conference on Artificial Intelligence and Statistics},
  pages = 	 {721--729},
  year = 	 {2021},
  editor = 	 {Banerjee, Arindam and Fukumizu, Kenji},
  volume = 	 {130},
  series = 	 {Proceedings of Machine Learning Research},
  month = 	 {13--15 Apr},
  publisher =    {PMLR},
}

@article{kumar2020problems,
       author = {{Kumar}, I. Elizabeth and {Venkatasubramanian}, Suresh and {Scheidegger}, Carlos and {Friedler}, Sorelle},
        title = "{Problems with Shapley-value-based explanations as feature importance measures}",
      journal = {arXiv e-prints},
         year = {2020},
        month = {feb},
}
@article{merrick2019games,
    author = {Merrick, Luke and Taly, Ankur},
    title = "{The Explanation Game: Explaining Machine Learning Models Using Shapley Values}",
    journal = {arXiv e-prints},
     year = {2019},
    month = {sep},
}
@article{aas2021,
    title = {Explaining individual predictions when features are dependent: More accurate approximations to Shapley values},
    journal = {Artificial Intelligence},
    volume = {298},
    pages = {103502},
    year = {2021},
    author = {Kjersti Aas and Martin Jullum and Anders LÃ¸land},
}
@article{sellereite2020shapr,
  title={shapr: An R-package for explaining machine learning models with dependence-aware Shapley values},
  author={Sellereite, Nikolai and Jullum, Martin},
  year={2020}
}

@article{olsen2024comparative,
  title={A comparative study of methods for estimating model-agnostic Shapley value explanations},
  author={Olsen, Lars Henry Berge and Glad, Ingrid Kristine and Jullum, Martin and Aas, Kjersti},
  journal={Data Mining and Knowledge Discovery},
  pages={1--48},
  year={2024},
  publisher={Springer}
}

@inproceedings{frye2020b,
    author = {Frye, Christopher and Rowat, Colin and Feige, Ilya},
    title = {Asymmetric Shapley values: incorporating causal knowledge into model-agnostic explainability},
    year = {2020},
    isbn = {9781713829546},
    publisher = {Curran Associates Inc.},
    address = {Red Hook, NY, USA},
    booktitle = {Proceedings of the 34th International Conference on Neural Information Processing Systems},
    articleno = {104},
    numpages = {11},
    location = {Vancouver, BC, Canada},
    series = {NIPS '20}
}
