@inproceedings{cieslak2019stonefish,
  title={Stonefish: An advanced open-source simulation tool designed for marine robotics, with a ROS interface},
  author={Cie{\'s}lak, Patryk},
  booktitle={OCEANS 2019-Marseille},
  pages={1--6},
  year={2019},
  organization={IEEE}
}

@article{dhurandher2008uwsim,
  title={UWSim: A simulator for underwater sensor networks},
  author={Dhurandher, Sanjay K and Misra, Sudip and Obaidat, Mohammad S and Khairwal, Sushil},
  journal={Simulation},
  volume={84},
  number={7},
  pages={327--338},
  year={2008},
  publisher={Sage Publications Sage UK: London, England}
}

@INPROCEEDINGS{uwsim,
  author={Prats, Mario and Pérez, Javier and Fernández, J. Javier and Sanz, Pedro J.},
  booktitle={2012 IEEE/RSJ International Conference on Intelligent Robots and Systems}, 
  title={An open source tool for simulation and supervision of underwater intervention missions}, 
  year={2012},
  volume={},
  number={},
  pages={2577-2582},
  keywords={Vehicles;Vehicle dynamics;Robot sensing systems;Mathematical model;Cameras},
  doi={10.1109/IROS.2012.6385788}}

@inproceedings{quigley2009ros,
  title={ROS: an open-source Robot Operating System},
  author={Quigley, Morgan and Conley, Ken and Gerkey, Brian and Faust, Josh and Foote, Tully and Leibs, Jeremy and Wheeler, Rob and Ng, Andrew Y and others},
  booktitle={ICRA workshop on open source software},
  volume={3},
  number={3.2},
  pages={5},
  year={2009},
  organization={Kobe, Japan}
}

@inproceedings{Manhaes_2016,
    doi = {10.1109/oceans.2016.7761080},
    url = {https://doi.org/10.1109%2Foceans.2016.7761080},
    year = 2016,
    month = {sep},
    publisher = {{IEEE}},
    author = {Musa Morena Marcusso Manh{\~{a}}es and Sebastian A. Scherer and Martin Voss and Luiz Ricardo Douat and Thomas Rauschenbach},
    title = {{UUV} Simulator: A Gazebo-based package for underwater intervention and multi-robot simulation},
    booktitle = {{OCEANS} 2016 {MTS}/{IEEE} Monterey}
}

@inbook{AirSim,
author = {Shah, Shital and Dey, Debadeepta and Lovett, Chris and Kapoor, Ashish},
year = {2018},
month = {01},
pages = {621-635},
title = {AirSim: High-Fidelity Visual and Physical Simulation for Autonomous Vehicles},
isbn = {978-3-319-67360-8},
doi = {10.1007/978-3-319-67361-5_40}
}

@INPROCEEDINGS{gazebo,
  author={Koenig, N. and Howard, A.},
  booktitle={2004 IEEE/RSJ International Conference on Intelligent Robots and Systems (IROS) (IEEE Cat. No.04CH37566)}, 
  title={Design and use paradigms for Gazebo, an open-source multi-robot simulator}, 
  year={2004},
  volume={3},
  number={},
  pages={2149-2154 vol.3},
  keywords={Open source software;Educational robots;Vehicle dynamics;Robot sensing systems;Packaging;Computational modeling;Service robots;Mobile robots;Friction;Testing},
  doi={10.1109/IROS.2004.1389727}}


@article{gancet2015dexrov,
  title={Dexrov: Dexterous undersea inspection and maintenance in presence of communication latencies},
  author={Gancet, Jeremi and Urbina, Diego and Letier, Pierre and Ilzokvitz, Michel and Weiss, Peter and Gauch, Frederic and Antonelli, Gianluca and Indiveri, Giovanni and Casalino, Giuseppe and Birk, Andreas and others},
  journal={IFAC-PapersOnLine},
  volume={48},
  number={2},
  pages={218--223},
  year={2015},
  publisher={Elsevier}
}

@article{perez2006overview,
  title={An overview of the marine systems simulator (MSS): A simulink toolbox for marine control systems},
  author={Perez, Tristan and Smogeli, Oyvind and Fossen, Thor and Sorensen, Asgeir J},
  journal={Modeling, identification and Control},
  volume={27},
  number={4},
  pages={259--275},
  year={2006},
  publisher={Research Council of Norway}
}
@inproceedings{prats2012open,
  title={An open source tool for simulation and supervision of underwater intervention missions},
  author={Prats, Mario and Perez, Javier and Fern{\'a}ndez, J Javier and Sanz, Pedro J},
  booktitle={2012 IEEE/RSJ international conference on Intelligent Robots and Systems},
  pages={2577--2582},
  year={2012},
  organization={IEEE}
}
@article{centelles2019underwater,
  title={Underwater wireless communications for cooperative robotics with uwsim-net},
  author={Centelles, Diego and Soriano-Asensi, Antonio and Mart{\'\i}, Jos{\'e} Vicente and Mar{\'\i}n, Ra{\'u}l and Sanz, Pedro J},
  journal={Applied Sciences},
  volume={9},
  number={17},
  pages={3526},
  year={2019},
  publisher={MDPI}
}
@inproceedings{potokar2022holoocean,
  title={HoloOcean: An underwater robotics simulator},
  author={Potokar, Easton and Ashford, Spencer and Kaess, Michael and Mangelson, Joshua G},
  booktitle={2022 International Conference on Robotics and Automation (ICRA)},
  pages={3040--3046},
  year={2022},
  organization={IEEE}
}

@article{Grimaldi2023InvestigationOT,
  title={Investigation of the Challenges of Underwater-Visual-Monocular-SLAM},
  author={Michele Grimaldi and David Nakath and Mengkun She and Kevin K{\"o}ser},
  journal={ArXiv},
  year={2023},
  volume={abs/2306.08738},
  url={https://api.semanticscholar.org/CorpusID:259165141}
}

@misc{adetunji2024digitaltwinssurfaceenhancing,
      title={Digital Twins Below the Surface: Enhancing Underwater Teleoperation}, 
      author={Favour O. Adetunji and Niamh Ellis and Maria Koskinopoulou and Ignacio Carlucho and Yvan R. Petillot},
      year={2024},
      eprint={2402.07556},
      archivePrefix={arXiv},
      primaryClass={cs.RO},
      url={https://arxiv.org/abs/2402.07556}, 
}

@INPROCEEDINGS{10801590,
  author={Grimaldi, Michele and Palomeras, Narcis and Carlucho, Ignacio and Petillot, Yvan R. and Ridao Rodriguez, Pere},
  booktitle={2024 IEEE/RSJ International Conference on Intelligent Robots and Systems (IROS)}, 
  title={FRAGG-Map: Frustum Accelerated GPU-Based Grid Map}, 
  year={2024},
  volume={},
  number={},
  pages={1138-1144},
  keywords={Tracking loops;Simultaneous localization and mapping;Three-dimensional displays;Semantics;Knowledge based systems;Graphics processing units;Real-time systems;Complexity theory;Kernel;Intelligent robots},
  doi={10.1109/IROS58592.2024.10801590}}


@INPROCEEDINGS{9389378,
  author={Carlucho, Ignacio and De Paula, Mariano and Barbalata, Corina and Acosta, Gerardo G.},
  booktitle={Global Oceans 2020: Singapore – U.S. Gulf Coast}, 
  title={A reinforcement learning control approach for underwater manipulation under position and torque constraints}, 
  year={2020},
  volume={},
  number={},
  pages={1-7},
  keywords={Adaptation models;Torque;Uncertainty;Reinforcement learning;Manipulators;Control systems;Data models;Underwater manipulation;Reinforcement learning;Neural networks;Intelligent control;Deep Deterministic Policy Gradient},
  doi={10.1109/IEEECONF38699.2020.9389378}}




@inproceedings{manhaes2016uuv,
  title={UUV simulator: A gazebo-based package for underwater intervention and multi-robot simulation},
  author={Manh{\~a}es, Musa Morena Marcusso and Scherer, Sebastian A and Voss, Martin and Douat, Luiz Ricardo and Rauschenbach, Thomas},
  booktitle={Oceans 2016 Mts/Ieee Monterey},
  pages={1--8},
  year={2016},
  organization={Ieee}
}



@inproceedings{amer2023unav,
  title={UNav-Sim: A Visually Realistic Underwater Robotics Simulator and Synthetic Data-generation Framework},
  author={Amer, Abdelhakim and {\'A}lvarez-Tu{\~n}{\'o}n, Olaya and U{\u{g}}urlu, Halil {\.I}brahim and Sejersen, Jonas Le Fevre and Brodskiy, Yury and Kayacan, Erdal},
  booktitle={2023 21st International Conference on Advanced Robotics (ICAR)},
  pages={570--576},
  year={2023},
  organization={IEEE}
}

@inproceedings{alvarez2023mimir,
  title={Mimir-uw: A multipurpose synthetic dataset for underwater navigation and inspection},
  author={{\'A}lvarez-Tu{\~n}{\'o}n, Olaya and Kanner, Hemanth and Marnet, Luiza Ribeiro and Pham, Huy Xuan and le Fevre Sejersen, Jonas and Brodskiy, Yury and Kayacan, Erdal},
  booktitle={2023 IEEE/RSJ International Conference on Intelligent Robots and Systems (IROS)},
  pages={6141--6148},
  year={2023},
  organization={IEEE}
}

@inproceedings{carpin2007usarsim,
  title={USARSim: a robot simulator for research and education},
  author={Carpin, Stefano and Lewis, Mike and Wang, Jijun and Balakirsky, Stephen and Scrapper, Chris},
  booktitle={Proceedings 2007 IEEE international conference on robotics and automation},
  pages={1400--1405},
  year={2007},
  organization={IEEE}
}

@INPROCEEDINGS{MarineSim,

  author={Namal Senarathne, P.G.C. and Wijesoma, Wijerupage Sardha and Kwang Wee Lee and Kalyan, Bharath and Moratuwage, M.D.P and Patrikalakis, Nicholas M. and Hover, Franz S.},

  booktitle={OCEANS'10 IEEE SYDNEY}, 

  title={MarineSIM: Robot simulation for marine environments}, 

  year={2010},

  volume={},

  number={},

  pages={1-5},

  keywords={Robot sensing systems;Lasers;Robot kinematics;Servers;Driver circuits;Testing},

  doi={10.1109/OCEANSSYD.2010.5603839}}

@INPROCEEDINGS{URSim,
  author={Katara, Pushkal and Khanna, Mukul and Nagar, Harshit and Panaiyappan, Annapurani},
  booktitle={2019 IEEE Underwater Technology (UT)}, 
  title={Open Source Simulator for Unmanned Underwater Vehicles using ROS and Unity3D}, 
  year={2019},
  volume={},
  number={},
  pages={1-7},
  keywords={Three-dimensional displays;Solid modeling;Games;Engines;Cameras;Robots;Physics;Simulation;Underwater Robotics;Unity3D;Robotics Operating System},
  doi={10.1109/UT.2019.8734309}}



@INPROCEEDINGS{UwRoboticsSim,
  author={Chaudhary, Akash and Mishra, Rajat and Kalyan, Bharath and Chitre, Mandar},
  booktitle={OCEANS 2021: San Diego – Porto}, 
  title={Development of an Underwater Simulator using Unity3D and Robot Operating System}, 
  year={2021},
  volume={},
  number={},
  pages={1-7},
  keywords={Remotely guided vehicles;Operating systems;Sonar applications;Robot vision systems;Pipelines;Virtual environments;User interfaces;underwater robotics;simulation;tether-less ROV inspection;Unity3D;Robot Operating System},
  doi={10.23919/OCEANS44145.2021.9706012}}


@INPROCEEDINGS{Marus,
  author={Lončar, Ivan and Obradović, Juraj and Kraševac, Natko and Mandić, Luka and Kvasić, Igor and Ferreira, Fausto and Slošić, Vladimir and Nad, Dula and Mišković, Nikola},
  booktitle={OCEANS 2022, Hampton Roads}, 
  title={MARUS - A Marine Robotics Simulator}, 
  year={2022},
  volume={},
  number={},
  pages={1-7},
  keywords={Visualization;Annotations;Heuristic algorithms;Sonar;Sonar navigation;Robot sensing systems;Data models;marine robotics;simulation;underwater robotics;open-source;dataset generation},
  doi={10.1109/OCEANS47191.2022.9976969}}


@Article{Rebecq18corl,
  author        = {Henri Rebecq and Daniel Gehrig and Davide Scaramuzza},
  title         = {{ESIM}: an Open Event Camera Simulator},
  journal       = {Conf. on Robotics Learning (CoRL)},
  year          = 2018,
  month         = oct
}

@article{yoerger1990influence,
  title={The influence of thruster dynamics on underwater vehicle behavior and their incorporation into control system design},
  author={Yoerger, Dana R and Cooke, John G and Slotine, J-JE},
  journal={IEEE Journal of Oceanic Engineering},
  volume={15},
  number={3},
  pages={167--178},
  year={1990},
  publisher={IEEE}
}

@inproceedings{liang2018gpu,
  title={Gpu-accelerated robotic simulation for distributed reinforcement learning},
  author={Liang, Jacky and Makoviychuk, Viktor and Handa, Ankur and Chentanez, Nuttapong and Macklin, Miles and Fox, Dieter},
  booktitle={Conference on Robot Learning},
  pages={270--282},
  year={2018},
  organization={PMLR}
}

@article{petillot2019underwater,
  title={Underwater robots: From remotely operated vehicles to intervention-autonomous underwater vehicles},
  author={Petillot, Yvan R and Antonelli, Gianluca and Casalino, Giuseppe and Ferreira, Fausto},
  journal={IEEE Robotics \& Automation Magazine},
  volume={26},
  number={2},
  pages={94--101},
  year={2019},
  publisher={IEEE}
}

@article{liu2021role,
  title={The role of physics-based simulators in robotics},
  author={Liu, C Karen and Negrut, Dan},
  journal={Annual Review of Control, Robotics, and Autonomous Systems},
  volume={4},
  number={1},
  pages={35--58},
  year={2021},
  publisher={Annual Reviews}
}

@inproceedings{vidal2019online,
  title={Online multilayered motion planning with dynamic constraints for autonomous underwater vehicles},
  author={Vidal, Eduard and Moll, Mark and Palomeras, Narc{\'\i}s and Hern{\'a}ndez, Juan David and Carreras, Marc and Kavraki, Lydia E},
  booktitle={2019 International Conference on Robotics and Automation (ICRA)},
  pages={8936--8942},
  year={2019},
  organization={IEEE}
}

@inproceedings{song2021deep,
  title={Deep sea robotic imaging simulator},
  author={Song, Yifan and Nakath, David and She, Mengkun and Elibol, Furkan and K{\"o}ser, Kevin},
  booktitle={Pattern Recognition. ICPR International Workshops and Challenges: Virtual Event, January 10--15, 2021, Proceedings, Part II},
  pages={375--389},
  year={2021},
  organization={Springer}
}

@ARTICLE{hydrobathics,
  author={Bhat, Sriharsha and Stenius, Ivan and Miao, Tianlei},
  journal={IEEE Journal of Oceanic Engineering}, 
  title={Real-Time Flight Simulation of Hydrobatic AUVs Over the Full 0$^{\circ}$–360$^{\circ}$ Envelope}, 
  year={2021},
  volume={46},
  number={4},
  pages={1114-1131},
  keywords={Hydrodynamics;Vehicle dynamics;Autonomous underwater vehicles;Simulation;Real-time systems;Numerical models;Damping;Autonomous underwater vehicles;flight dynamics;flight simulation;hydrobatics;hydrodynamics;underactuated robotics},
  doi={10.1109/JOE.2021.3076178}}




@ARTICLE{sim_review,
  author={Ciuccoli, Nicolò and Screpanti, Laura and Scaradozzi, David},
  journal={IEEE Access}, 
  title={Underwater Simulators Analysis for Digital Twinning}, 
  year={2024},
  volume={12},
  number={},
  pages={34306-34324},
  keywords={Robots;Robot sensing systems;Engines;Physics;Graphics;Behavioral sciences;Underwater vehicles;Digital twins;Physical design;Performance evaluation;Failure analysis;Risk management;Mechatronics;Cyber-physical systems;Underwater simulator;underwater vehicle;digital twin;manipulation;cooperation;cyber-physical systems},
  doi={10.1109/ACCESS.2024.3370443}}



@inproceedings{bessa2005thruster,
  title={Thruster dynamics compensation for the positioning of underwater robotic vehicles through a fuzzy sliding mode based approach},
  author={Bessa, Wallace Moreira and Dutra, Max Suell and Kreuzer, Edwin},
  booktitle={COBEM-18th International Congress of Mechanical Engineering, Ouro Preto (Brasil)},
  pages={605--612},
  year={2005}
}



@inproceedings{dosovitskiy2017carla,
  title={CARLA: An open urban driving simulator},
  author={Dosovitskiy, Alexey and Ros, German and Codevilla, Felipe and Lopez, Antonio and Koltun, Vladlen},
  booktitle={Conference on robot learning},
  pages={1--16},
  year={2017},
  organization={PMLR}
}

@article{brockman2016openai,
  title={Openai gym},
  author={Brockman, Greg and Cheung, Vicki and Pettersson, Ludwig and Schneider, Jonas and Schulman, John and Tang, Jie and Zaremba, Wojciech},
  journal={arXiv preprint arXiv:1606.01540},
  year={2016}
} 


@misc{grimaldi2024integratingdigitaltwinconcept,
      title={Integrating a Digital Twin Concept in the Zero Emission Sea Transporter (ZEST) Project for Sustainable Maritime Transport using Stonefish Simulator}, 
      author={Michele Grimaldi and Carlo Cernicchiaro and George Rossides and Angelos Ktoris and Elias Yfantis and Ioannis Kyriakides},
      year={2024},
      eprint={2408.02277},
      archivePrefix={arXiv},
      primaryClass={cs.RO},
      url={https://arxiv.org/abs/2408.02277}, 
}

@inproceedings{urobench,
      title={URoBench: Comparative Analyses of Underwater Robotics
Simulators from Reinforcement Learning Perspective}, 
      author={Zebin Huang and Markus Buchholz and Michele Grimaldi and Hao Yu and Ignacio Carlucho and Yvan R. Petillot}, 
      year={2024},
      booktitle = {{OCEANS} 2024 {MTS}/{IEEE} Singapore}
}

@inproceedings{zhang_dave_2022,
	title = {{DAVE} {Aquatic} {Virtual} {Environment}: {Toward} a {General} {Underwater} {Robotics} {Simulator}},
	shorttitle = {{DAVE} {Aquatic} {Virtual} {Environment}},
	doi = {10.1109/AUV53081.2022.9965808},
	abstract = {We present DAVE Aquatic Virtual Environment (DAVE)1, an open source simulation stack for underwater robots, sensors, and environments. Conventional robotics simulators are not designed to address unique challenges that come with the marine environment, including but not limited to environment conditions that vary spatially and temporally, impaired or challenging perception, and the unavailability of data in a generally unexplored environment. Given the variety of sensors and platforms, wheels are often reinvented for specific use cases that inevitably resist wider adoption.Building on existing simulators, we provide a framework to help speed up the development and evaluation of algorithms that would otherwise require expensive and time-consuming operations at sea. The framework includes basic building blocks (e.g., new vehicles, water-tracking Doppler Velocity Logger, physics-based multibeam sonar) as well as development tools (e.g., dynamic bathymetry spawning, ocean currents), which allows the user to focus on methodology rather than software infrastructure. We demonstrate usage through example scenarios, bathymetric data import, user interfaces for data inspection and motion planning for manipulation, and visualizations.1DAVE is available at https://github.com/Field-Robotics-Lab/dave},
	urldate = {2023-10-03},
	booktitle = {2022 {IEEE}/{OES} {Autonomous} {Underwater} {Vehicles} {Symposium} ({AUV})},
	author = {Zhang, Mabel M. and Choi, Woen-Sug and Herman, Jessica and Davis, Duane and Vogt, Carson and McCarrin, Michael and Vijay, Yadunund and Dutia, Dharini and Lew, William and Peters, Steven and Bingham, Brian},
	month = sep,
	year = {2022},
	noite2 = {ISSN: 2377-6536},
	pages = {1--8}
}

@inproceedings{manhaesUUVSimulatorGazebobased2016,
  title = {{{UUV Simulator}}: {{A Gazebo-based}} Package for Underwater Intervention and Multi-Robot Simulation},
  shorttitle = {{{UUV Simulator}}},
  booktitle = {{{OCEANS}} 2016 {{MTS}}/{{IEEE Monterey}}},
  author = {Manhaes, Musa Morena Marcusso and Scherer, Sebastian A. and Voss, Martin and Douat, Luiz Ricardo and Rauschenbach, Thomas},
  year = {2016},
  month = sep,
  pages = {1--8},
  publisher = {{IEEE}},
  address = {{Monterey, CA, USA}},
  doi = {10.1109/OCEANS.2016.7761080},
  urldate = {2023-08-23},
  abstract = {This paper describes the Unmanned Underwater Vehicle (UUV) Simulator, an extension of the open-source robotics simulator Gazebo to underwater scenarios, that can simulate multiple underwater robots and intervention tasks using robotic manipulators. This is achieved mainly through a set of newly implemented plugins that model underwater hydrostatic and hydrodynamic effects, thrusters, sensors, and external disturbances. In contrast to existing solutions, it reuses and extends a general-purpose robotics simulation platform to underwater environments.},
  isbn = {978-1-5090-1537-5},
  langid = {english}
}

@misc{WhoidslDs_simBitbucket,
  title = {Deep Submergence ds\_sim},
  author = {Vaughn, Ian and Suman, Stefano},
  howpublished = {https://bitbucket.org/whoidsl/ds\_sim/src/master/},
}

@article{AWANOU1998227,
title = {Clear sky emissivity as a function of the zenith direction},
journal = {Renewable Energy},
volume = {13},
number = {2},
pages = {227-248},
year = {1998},
issn = {0960-1481},
doi = {https://doi.org/10.1016/S0960-1481(97)00070-0},
url = {https://www.sciencedirect.com/science/article/pii/S0960148197000700},
author = {Cossi Norbert Awanou},
}

@book{featherstone,
title = {Rigid Body Dynamics Algorithms},
author = {Roy Featherstone},
year = {2007},
publisher = {Springer New York}
}

@INPROCEEDINGS{ZebinUrobench,
  author={Huang, Zebin and Buchholz, Markus and Grimaldi, Michele and Yu, Hao and Carlucho, Ignacio and Petillot, Yvan R.},
  booktitle={OCEANS 2024 - Singapore}, 
  title={URoBench: Comparative Analyses of Underwater Robotics Simulators from Reinforcement Learning Perspective}, 
  year={2024},
  volume={},
  number={},
  pages={1-8},
  keywords={Training;Autonomous underwater vehicles;Computational modeling;Biological system modeling;Octrees;Reinforcement learning;Benchmark testing;Autonomous Underwater Vehicle;Reinforcement Learning;Simulator;Benchmark},
  doi={10.1109/OCEANS51537.2024.10682284}}
