@inproceedings{DBLP:conf/acl/ZhangX0LHD24,
  author       = {Jintian Zhang and
                  Xin Xu and
                  Ningyu Zhang and
                  Ruibo Liu and
                  Bryan Hooi and
                  Shumin Deng},
  editor       = {Lun{-}Wei Ku and
                  Andre Martins and
                  Vivek Srikumar},
  title        = {Exploring Collaboration Mechanisms for {LLM} Agents: {A} Social Psychology
                  View},
  booktitle    = {Proceedings of the 62nd Annual Meeting of the Association for Computational
                  Linguistics (Volume 1: Long Papers), {ACL} 2024, Bangkok, Thailand,
                  August 11-16, 2024},
  pages        = {14544--14607},
  publisher    = {Association for Computational Linguistics},
  year         = {2024},
  url          = {https://aclanthology.org/2024.acl-long.782},
  timestamp    = {Tue, 03 Sep 2024 16:45:47 +0200},
  biburl       = {https://dblp.org/rec/conf/acl/ZhangX0LHD24.bib},
  bibsource    = {dblp computer science bibliography, https://dblp.org}
}

@inproceedings{DBLP:conf/icml/SmitGDBP24,
  author       = {Andries P. Smit and
                  Nathan Grinsztajn and
                  Paul Duckworth and
                  Thomas D. Barrett and
                  Arnu Pretorius},
  title        = {Should we be going MAD? {A} Look at Multi-Agent Debate Strategies
                  for LLMs},
  booktitle    = {Forty-first International Conference on Machine Learning, {ICML} 2024,
                  Vienna, Austria, July 21-27, 2024},
  publisher    = {OpenReview.net},
  year         = {2024},
  url          = {https://openreview.net/forum?id=CrUmgUaAQp},
  timestamp    = {Mon, 02 Sep 2024 16:55:26 +0200},
  biburl       = {https://dblp.org/rec/conf/icml/SmitGDBP24.bib},
  bibsource    = {dblp computer science bibliography, https://dblp.org}
}

@article{DBLP:journals/corr/abs-2305-19118,
  author       = {Tian Liang and
                  Zhiwei He and
                  Wenxiang Jiao and
                  Xing Wang and
                  Yan Wang and
                  Rui Wang and
                  Yujiu Yang and
                  Zhaopeng Tu and
                  Shuming Shi},
  title        = {Encouraging Divergent Thinking in Large Language Models through Multi-Agent
                  Debate},
  journal      = {CoRR},
  volume       = {abs/2305.19118},
  year         = {2023},
  url          = {https://doi.org/10.48550/arXiv.2305.19118},
  doi          = {10.48550/ARXIV.2305.19118},
  eprinttype    = {arXiv},
  eprint       = {2305.19118},
  timestamp    = {Thu, 01 Aug 2024 09:27:42 +0200},
  biburl       = {https://dblp.org/rec/journals/corr/abs-2305-19118.bib},
  bibsource    = {dblp computer science bibliography, https://dblp.org}
}

@article{Tang2023.04.22.23288967,
	author = {Tang, Liyan and Sun, Zhaoyi and Idnay, Betina and Nestor, Jordan G and Soroush, Ali and Elias, Pierre A. and Xu, Ziyang and Ding, Ying and Durrett, Greg and Rousseau, Justin and Weng, Chunhua and Peng, Yifan},
	title = {Evaluating Large Language Models on Medical Evidence Summarization},
	year = {2023},
	URL = {https://doi.org/10.1038/s41746-023-00896-7},
	journal = {npj Digit. Med. 6}
}

@article{chan2023chateval,
  title={Chateval: Towards better llm-based evaluators through multi-agent debate},
  author={Chan, Chi-Min and Chen, Weize and Su, Yusheng and Yu, Jianxuan and Xue, Wei and Zhang, Shanghang and Fu, Jie and Liu, Zhiyuan},
  journal={arXiv preprint arXiv:2308.07201},
  year={2023}
}

@inproceedings{clark2023seahorse,
  title={SEAHORSE: A Multilingual, Multifaceted Dataset for Summarization Evaluation},
  author={Clark, Elizabeth and Rijhwani, Shruti and Gehrmann, Sebastian and Maynez, Joshua and Aharoni, Roee and Nikolaev, Vitaly and Sellam, Thibault and Siddhant, Aditya and Das, Dipanjan and Parikh, Ankur},
  booktitle={Proceedings of the 2023 Conference on Empirical Methods in Natural Language Processing},
  pages={9397--9413},
  year={2023}
}

@article{du2023improving,
  title={Improving factuality and reasoning in language models through multiagent debate},
  author={Du, Yilun and Li, Shuang and Torralba, Antonio and Tenenbaum, Joshua B and Mordatch, Igor},
  journal={arXiv preprint arXiv:2305.14325},
  year={2023}
}

@inproceedings{fabbri2022qafacteval,
  title={QAFactEval: Improved QA-Based Factual Consistency Evaluation for Summarization},
  author={Fabbri, Alexander Richard and Wu, Chien-Sheng and Liu, Wenhao and Xiong, Caiming},
  booktitle={Proceedings of the 2022 Conference of the North American Chapter of the Association for Computational Linguistics: Human Language Technologies},
  pages={2587--2601},
  year={2022}
}

@inproceedings{goyal2020evaluating,
  title={Evaluating Factuality in Generation with Dependency-level Entailment},
  author={Goyal, Tanya and Durrett, Greg},
  booktitle={Findings of the Association for Computational Linguistics: EMNLP 2020},
  pages={3592--3603},
  year={2020}
}

@article{hong2023metagpt,
  title={Metagpt: Meta programming for multi-agent collaborative framework},
  author={Hong, Sirui and Zheng, Xiawu and Chen, Jonathan and Cheng, Yuheng and Wang, Jinlin and Zhang, Ceyao and Wang, Zili and Yau, Steven Ka Shing and Lin, Zijuan and Zhou, Liyang and others},
  journal={arXiv preprint arXiv:2308.00352},
  year={2023}
}

@inproceedings{kryscinski2020evaluating,
  title={Evaluating the Factual Consistency of Abstractive Text Summarization},
  author={Kry{\'s}ci{\'n}ski, Wojciech and McCann, Bryan and Xiong, Caiming and Socher, Richard},
  booktitle={Proceedings of the 2020 Conference on Empirical Methods in Natural Language Processing (EMNLP)},
  pages={9332--9346},
  year={2020}
}

@inproceedings{lan2024stance,
  title={Stance detection with collaborative role-infused llm-based agents},
  author={Lan, Xiaochong and Gao, Chen and Jin, Depeng and Li, Yong},
  booktitle={Proceedings of the International AAAI Conference on Web and Social Media},
  volume={18},
  pages={891--903},
  year={2024}
}

@inproceedings{lin2004rouge,
  title={Rouge: A package for automatic evaluation of summaries},
  author={Lin, Chin-Yew},
  booktitle={Text summarization branches out},
  pages={74--81},
  year={2004}
}

@misc{luo2023chatgptfactualinconsistencyevaluator,
      title={ChatGPT as a Factual Inconsistency Evaluator for Text Summarization}, 
      author={Zheheng Luo and Qianqian Xie and Sophia Ananiadou},
      year={2023},
      eprint={2303.15621},
      archivePrefix={arXiv},
      primaryClass={cs.CL},
      url={https://arxiv.org/abs/2303.15621}, 
}

@inproceedings{mandi2024roco,
  title={Roco: Dialectic multi-robot collaboration with large language models},
  author={Mandi, Zhao and Jain, Shreeya and Song, Shuran},
  booktitle={2024 IEEE International Conference on Robotics and Automation (ICRA)},
  pages={286--299},
  year={2024},
  organization={IEEE}
}

@inproceedings{papineni2002bleu,
  title={Bleu: a method for automatic evaluation of machine translation},
  author={Papineni, Kishore and Roukos, Salim and Ward, Todd and Zhu, Wei-Jing},
  booktitle={Proceedings of the 40th annual meeting of the Association for Computational Linguistics},
  pages={311--318},
  year={2002}
}

@inproceedings{qian2024chatdev,
  title={Chatdev: Communicative agents for software development},
  author={Qian, Chen and Liu, Wei and Liu, Hongzhang and Chen, Nuo and Dang, Yufan and Li, Jiahao and Yang, Cheng and Chen, Weize and Su, Yusheng and Cong, Xin and others},
  booktitle={Proceedings of the 62nd Annual Meeting of the Association for Computational Linguistics (Volume 1: Long Papers)},
  pages={15174--15186},
  year={2024}
}

@article{tang2024minicheck,
  title={MiniCheck: Efficient Fact-Checking of LLMs on Grounding Documents},
  author={Tang, Liyan and Laban, Philippe and Durrett, Greg},
  journal={arXiv preprint arXiv:2404.10774},
  year={2024}
}

@inproceedings{tang2024tofueval,
  title={TofuEval: Evaluating Hallucinations of LLMs on Topic-Focused Dialogue Summarization},
  author={Tang, Liyan and Shalyminov, Igor and Wong, Amy and Burnsky, Jon and Vincent, Jake and Singh, Siffi and Feng, Song and Song, Hwanjun and Su, Hang and Sun, Lijia and others},
  booktitle={Proceedings of the 2024 Conference of the North American Chapter of the Association for Computational Linguistics: Human Language Technologies (Volume 1: Long Papers)},
  pages={4455--4480},
  year={2024}
}

@article{verga2024replacing,
  title={Replacing Judges with Juries: Evaluating LLM Generations with a Panel of Diverse Models},
  author={Verga, Pat and Hofstatter, Sebastian and Althammer, Sophia and Su, Yixuan and Piktus, Aleksandra and Arkhangorodsky, Arkady and Xu, Minjie and White, Naomi and Lewis, Patrick},
  journal={arXiv preprint arXiv:2404.18796},
  year={2024}
}

@article{wang2023factcheck,
  title={Factcheck-GPT: End-to-End Fine-Grained Document-Level Fact-Checking and Correction of LLM Output},
  author={Wang, Yuxia and Reddy, Revanth Gangi and Mujahid, Zain Muhammad and Arora, Arnav and Rubashevskii, Aleksandr and Geng, Jiahui and Afzal, Osama Mohammed and Pan, Liangming and Borenstein, Nadav and Pillai, Aditya and others},
  journal={arXiv preprint arXiv:2311.09000},
  year={2023}
}

@misc{zhang2020bertscoreevaluatingtextgeneration,
      title={BERTScore: Evaluating Text Generation with BERT}, 
      author={Tianyi Zhang and Varsha Kishore and Felix Wu and Kilian Q. Weinberger and Yoav Artzi},
      year={2020},
      eprint={1904.09675},
      archivePrefix={arXiv},
      primaryClass={cs.CL},
      url={https://arxiv.org/abs/1904.09675}, 
}

