@article{schulman2017proximal,
  title={Proximal policy optimization algorithms},
  author={Schulman, John and Wolski, Filip and Dhariwal, Prafulla and Radford, Alec and Klimov, Oleg},
  journal={arXiv preprint arXiv:1707.06347},
  year={2017}
}

@article{bradley1952rank,
  title={Rank analysis of incomplete block designs: I. The method of paired comparisons},
  author={Bradley, Ralph Allan and Terry, Milton E},
  journal={Biometrika},
  volume={39},
  number={3/4},
  pages={324--345},
  year={1952},
  publisher={JSTOR}
}

@article{rafailov2024direct,
  title={Direct preference optimization: Your language model is secretly a reward model},
  author={Rafailov, Rafael and Sharma, Archit and Mitchell, Eric and Manning, Christopher D and Ermon, Stefano and Finn, Chelsea},
  journal={NeurIPS},
  volume={36},
  year={2024}
}

@article{meng2024simpo,
  title={Simpo: Simple preference optimization with a reference-free reward},
  author={Meng, Yu and Xia, Mengzhou and Chen, Danqi},
  journal={NeurIPS},
  year={2024}
}

@inproceedings{volske2017tl,
  title={Tl; dr: Mining reddit to learn automatic summarization},
  author={V{\"o}lske, Michael and Potthast, Martin and Syed, Shahbaz and Stein, Benno},
  booktitle={Proceedings of the Workshop on New Frontiers in Summarization},
  pages={59--63},
  year={2017}
}

@article{stiennon2020learning,
  title={Learning to summarize with human feedback},
  author={Stiennon, Nisan and Ouyang, Long and Wu, Jeffrey and Ziegler, Daniel and Lowe, Ryan and Voss, Chelsea and Radford, Alec and Amodei, Dario and Christiano, Paul F},
  journal={Advances in Neural Information Processing Systems},
  volume={33},
  pages={3008--3021},
  year={2020}
}

@article{bai2022training,
  title={Training a helpful and harmless assistant with reinforcement learning from human feedback},
  author={Bai, Yuntao and Jones, Andy and Ndousse, Kamal and Askell, Amanda and Chen, Anna and DasSarma, Nova and Drain, Dawn and Fort, Stanislav and Ganguli, Deep and Henighan, Tom and others},
  journal={arXiv preprint arXiv:2204.05862},
  year={2022}
}

@article{cui2023ultrafeedback,
  title={Ultrafeedback: Boosting language models with high-quality feedback},
  author={Cui, Ganqu and Yuan, Lifan and Ding, Ning and Yao, Guanming and Zhu, Wei and Ni, Yuan and Xie, Guotong and Liu, Zhiyuan and Sun, Maosong},
  journal={ICML},
  year={2024}
}

@article{llama32,
    title = {Llama 3.2: Revolutionizing edge AI and vision with open, customizable models},
    author = {MetaAI},
    journal = {Blog article},
    year = {2024},
}

@article{dubey2024llama,
  title={The llama 3 herd of models},
  author={Dubey, Abhimanyu and Jauhri, Abhinav and Pandey, Abhinav and Kadian, Abhishek and Al-Dahle, Ahmad and Letman, Aiesha and Mathur, Akhil and Schelten, Alan and Yang, Amy and Fan, Angela and others},
  journal={arXiv preprint arXiv:2407.21783},
  year={2024}
}

@article{jiang2023mistral,
  title={Mistral 7B},
  author={Jiang, Albert Q and Sablayrolles, Alexandre and Mensch, Arthur and Bamford, Chris and Chaplot, Devendra Singh and Casas, Diego de las and Bressand, Florian and Lengyel, Gianna and Lample, Guillaume and Saulnier, Lucile and others},
  journal={arXiv preprint arXiv:2310.06825},
  year={2023}
}

@misc{li2023alpacaeval,
  title={Alpacaeval: An automatic evaluator of instruction-following models},
  author={Li, Xuechen and Zhang, Tianyi and Dubois, Yann and Taori, Rohan and Gulrajani, Ishaan and Guestrin, Carlos and Liang, Percy and Hashimoto, Tatsunori B},
  year={2023}
}

@article{jiang2023llm,
  title={Llm-blender: Ensembling large language models with pairwise ranking and generative fusion},
  author={Jiang, Dongfu and Ren, Xiang and Lin, Bill Yuchen},
  journal={arXiv preprint arXiv:2306.02561},
  year={2023}
}

@article{liu2024skywork,
  title={Skywork-reward: Bag of tricks for reward modeling in llms},
  author={Liu, Chris Yuhao and Zeng, Liang and Liu, Jiacai and Yan, Rui and He, Jujie and Wang, Chaojie and Yan, Shuicheng and Liu, Yang and Zhou, Yahui},
  journal={arXiv preprint arXiv:2410.18451},
  year={2024}
}

@inproceedings{zhu2023principled,
  title={Principled reinforcement learning with human feedback from pairwise or k-wise comparisons},
  author={Zhu, Banghua and Jordan, Michael and Jiao, Jiantao},
  booktitle={International Conference on Machine Learning},
  pages={43037--43067},
  year={2023},
  organization={PMLR}
}

@article{xia2024less,
  title={Less: Selecting influential data for targeted instruction tuning},
  author={Xia, Mengzhou and Malladi, Sadhika and Gururangan, Suchin and Arora, Sanjeev and Chen, Danqi},
  journal={ICML},
  year={2024}
}

@article{li2023quantity,
  title={From quantity to quality: Boosting llm performance with self-guided data selection for instruction tuning},
  author={Li, Ming and Zhang, Yong and Li, Zhitao and Chen, Jiuhai and Chen, Lichang and Cheng, Ning and Wang, Jianzong and Zhou, Tianyi and Xiao, Jing},
  journal={ACL},
  year={2023}
}

@article{wu2024beta,
  title={$\beta$-DPO: Direct Preference Optimization with Dynamic $\beta$},
  author={Wu, Junkang and Xie, Yuexiang and Yang, Zhengyi and Wu, Jiancan and Gao, Jinyang and Ding, Bolin and Wang, Xiang and He, Xiangnan},
  journal={NeurIPS},
  year={2024}
}

@article{dong2024rlhf,
  title={Rlhf workflow: From reward modeling to online rlhf},
  author={Dong, Hanze and Xiong, Wei and Pang, Bo and Wang, Haoxiang and Zhao, Han and Zhou, Yingbo and Jiang, Nan and Sahoo, Doyen and Xiong, Caiming and Zhang, Tong},
  journal={arXiv preprint arXiv:2405.07863},
  year={2024}
}

@article{tunstall2023zephyr,
  title={Zephyr: Direct distillation of lm alignment},
  author={Tunstall, Lewis and Beeching, Edward and Lambert, Nathan and Rajani, Nazneen and Rasul, Kashif and Belkada, Younes and Huang, Shengyi and von Werra, Leandro and Fourrier, Cl{\'e}mentine and Habib, Nathan and others},
  journal={COLM},
  year={2024}
}

@inproceedings{xiong2024iterative,
  title={Iterative preference learning from human feedback: Bridging theory and practice for rlhf under kl-constraint},
  author={Xiong, Wei and Dong, Hanze and Ye, Chenlu and Wang, Ziqi and Zhong, Han and Ji, Heng and Jiang, Nan and Zhang, Tong},
  booktitle={Forty-first International Conference on Machine Learning},
  year={2024}
}

@article{christiano2017deep,
  title={Deep reinforcement learning from human preferences},
  author={Christiano, Paul F and Leike, Jan and Brown, Tom and Martic, Miljan and Legg, Shane and Amodei, Dario},
  journal={Advances in neural information processing systems},
  volume={30},
  year={2017}
}

@article{ziegler2019fine,
  title={Fine-tuning language models from human preferences},
  author={Ziegler, Daniel M and Stiennon, Nisan and Wu, Jeffrey and Brown, Tom B and Radford, Alec and Amodei, Dario and Christiano, Paul and Irving, Geoffrey},
  journal={arXiv preprint arXiv:1909.08593},
  year={2019}
}

@article{ye2023comprehensive,
  title={A comprehensive capability analysis of gpt-3 and gpt-3.5 series models},
  author={Ye, Junjie and Chen, Xuanting and Xu, Nuo and Zu, Can and Shao, Zekai and Liu, Shichun and Cui, Yuhan and Zhou, Zeyang and Gong, Chao and Shen, Yang and others},
  journal={arXiv preprint arXiv:2303.10420},
  year={2023}
}

@article{zhao2023slic,
  title={Slic-hf: Sequence likelihood calibration with human feedback},
  author={Zhao, Yao and Joshi, Rishabh and Liu, Tianqi and Khalman, Misha and Saleh, Mohammad and Liu, Peter J},
  journal={arXiv preprint arXiv:2305.10425},
  year={2023}
}

@inproceedings{azar2024general,
  title={A general theoretical paradigm to understand learning from human preferences},
  author={Azar, Mohammad Gheshlaghi and Guo, Zhaohan Daniel and Piot, Bilal and Munos, Remi and Rowland, Mark and Valko, Michal and Calandriello, Daniele},
  booktitle={International Conference on Artificial Intelligence and Statistics},
  pages={4447--4455},
  year={2024},
  organization={PMLR}
}

@article{ethayarajh2024kto,
  title={Kto: Model alignment as prospect theoretic optimization},
  author={Ethayarajh, Kawin and Xu, Winnie and Muennighoff, Niklas and Jurafsky, Dan and Kiela, Douwe},
  journal={arXiv preprint arXiv:2402.01306},
  year={2024}
}

@article{lewis2020retrieval,
  title={Retrieval-augmented generation for knowledge-intensive nlp tasks},
  author={Lewis, Patrick and Perez, Ethan and Piktus, Aleksandra and Petroni, Fabio and Karpukhin, Vladimir and Goyal, Naman and K{\"u}ttler, Heinrich and Lewis, Mike and Yih, Wen-tau and Rockt{\"a}schel, Tim and others},
  journal={Advances in Neural Information Processing Systems},
  volume={33},
  pages={9459--9474},
  year={2020}
}

@inproceedings{chen2022human,
  title={Human-in-the-loop: Provably efficient preference-based reinforcement learning with general function approximation},
  author={Chen, Xiaoyu and Zhong, Han and Yang, Zhuoran and Wang, Zhaoran and Wang, Liwei},
  booktitle={International Conference on Machine Learning},
  pages={3773--3793},
  year={2022},
  organization={PMLR}
}

@article{pacchiano2021dueling,
  title={Dueling rl: reinforcement learning with trajectory preferences},
  author={Pacchiano, Aldo and Saha, Aadirupa and Lee, Jonathan},
  journal={arXiv preprint arXiv:2111.04850},
  year={2021}
}

@article{ouyang2022training,
  title={Training language models to follow instructions with human feedback},
  author={Ouyang, Long and Wu, Jeffrey and Jiang, Xu and Almeida, Diogo and Wainwright, Carroll and Mishkin, Pamela and Zhang, Chong and Agarwal, Sandhini and Slama, Katarina and Ray, Alex and others},
  journal={Advances in neural information processing systems},
  volume={35},
  pages={27730--27744},
  year={2022}
}

@article{zhong2024dpo,
  title={Dpo meets ppo: Reinforced token optimization for rlhf},
  author={Zhong, Han and Feng, Guhao and Xiong, Wei and Cheng, Xinle and Zhao, Li and He, Di and Bian, Jiang and Wang, Liwei},
  journal={arXiv preprint arXiv:2404.18922},
  year={2024}
}

@article{li2023remax,
  title={Remax: A simple, effective, and efficient method for aligning large language models},
  author={Li, Ziniu and Xu, Tian and Zhang, Yushun and Yu, Yang and Sun, Ruoyu and Luo, Zhi-Quan},
  journal={arXiv preprint arXiv:2310.10505},
  year={2023}
}

@article{zhang2024self,
  title={Self-exploring language models: Active preference elicitation for online alignment},
  author={Zhang, Shenao and Yu, Donghan and Sharma, Hiteshi and Zhong, Han and Liu, Zhihan and Yang, Ziyi and Wang, Shuohang and Hassan, Hany and Wang, Zhaoran},
  journal={arXiv preprint arXiv:2405.19332},
  year={2024}
}

@article{yang2024rewards,
  title={Rewards-in-context: Multi-objective alignment of foundation models with dynamic preference adjustment},
  author={Yang, Rui and Pan, Xiaoman and Luo, Feng and Qiu, Shuang and Zhong, Han and Yu, Dong and Chen, Jianshu},
  journal={arXiv preprint arXiv:2402.10207},
  year={2024}
}

@article{zhang2024reward,
  title={Reward-Augmented Data Enhances Direct Preference Alignment of LLMs},
  author={Zhang, Shenao and Liu, Zhihan and Liu, Boyi and Zhang, Yufeng and Yang, Yingxiang and Liu, Yongfei and Chen, Liyu and Sun, Tao and Wang, Zhaoran},
  journal={arXiv preprint arXiv:2410.08067},
  year={2024}
}

@article{cen2024value,
  title={Value-Incentivized Preference Optimization: A Unified Approach to Online and Offline RLHF},
  author={Cen, Shicong and Mei, Jincheng and Goshvadi, Katayoon and Dai, Hanjun and Yang, Tong and Yang, Sherry and Schuurmans, Dale and Chi, Yuejie and Dai, Bo},
  journal={arXiv preprint arXiv:2405.19320},
  year={2024}
}

@article{muldrew2024active,
  title={Active Preference Learning for Large Language Models},
  author={Muldrew, William and Hayes, Peter and Zhang, Mingtian and Barber, David},
  journal={arXiv preprint arXiv:2402.08114},
  year={2024}
}

@article{lu2022quark,
  title={Quark: Controllable text generation with reinforced unlearning},
  author={Lu, Ximing and Welleck, Sean and Hessel, Jack and Jiang, Liwei and Qin, Lianhui and West, Peter and Ammanabrolu, Prithviraj and Choi, Yejin},
  journal={Advances in neural information processing systems},
  volume={35},
  pages={27591--27609},
  year={2022}
}

@article{xie2024exploratory,
  title={Exploratory Preference Optimization: Harnessing Implicit Q*-Approximation for Sample-Efficient RLHF},
  author={Xie, Tengyang and Foster, Dylan J and Krishnamurthy, Akshay and Rosset, Corby and Awadallah, Ahmed and Rakhlin, Alexander},
  journal={arXiv preprint arXiv:2405.21046},
  year={2024}
}

@article{gulcehre2023reinforced,
  title={Reinforced self-training (rest) for language modeling},
  author={Gulcehre, Caglar and Paine, Tom Le and Srinivasan, Srivatsan and Konyushkova, Ksenia and Weerts, Lotte and Sharma, Abhishek and Siddhant, Aditya and Ahern, Alex and Wang, Miaosen and Gu, Chenjie and others},
  journal={arXiv preprint arXiv:2308.08998},
  year={2023}
}

@article{dong2023raft,
  title={Raft: Reward ranked finetuning for generative foundation model alignment},
  author={Dong, Hanze and Xiong, Wei and Goyal, Deepanshu and Zhang, Yihan and Chow, Winnie and Pan, Rui and Diao, Shizhe and Zhang, Jipeng and Shum, Kashun and Zhang, Tong},
  journal={arXiv preprint arXiv:2304.06767},
  year={2023}
}

@article{yuan2024self,
  title={Self-rewarding language models},
  author={Yuan, Weizhe and Pang, Richard Yuanzhe and Cho, Kyunghyun and Sukhbaatar, Sainbayar and Xu, Jing and Weston, Jason},
  journal={arXiv preprint arXiv:2401.10020},
  year={2024}
}

@article{deng2024a3s,
  title={A3S: A General Active Clustering Method with Pairwise Constraints},
  author={Deng, Xun and Liu, Junlong and Zhong, Han and Feng, Fuli and Shen, Chen and He, Xiangnan and Ye, Jieping and Wang, Zheng},
  journal={arXiv preprint arXiv:2407.10196},
  year={2024}
}

@article{huang2024self,
  title={Self-Improvement in Language Models: The Sharpening Mechanism},
  author={Huang, Audrey and Block, Adam and Foster, Dylan J and Rohatgi, Dhruv and Zhang, Cyril and Simchowitz, Max and Ash, Jordan T and Krishnamurthy, Akshay},
  journal={arXiv preprint arXiv:2412.01951},
  year={2024}
}

@article{wang2024survey,
  title={A Survey on Data Selection for LLM Instruction Tuning},
  author={Wang, Jiahao and Zhang, Bolin and Du, Qianlong and Zhang, Jiajun and Chu, Dianhui},
  journal={arXiv preprint arXiv:2402.05123},
  year={2024}
}

@inproceedings{deng2023counterfactual,
  title={Counterfactual active learning for out-of-distribution generalization},
  author={Deng, Xun and Wang, Wenjie and Feng, Fuli and Zhang, Hanwang and He, Xiangnan and Liao, Yong},
  booktitle={Proceedings of the 61st Annual Meeting of the Association for Computational Linguistics (Volume 1: Long Papers)},
  pages={11362--11377},
  year={2023}
}

@article{swayamdipta2020dataset,
  title={Dataset cartography: Mapping and diagnosing datasets with training dynamics},
  author={Swayamdipta, Swabha and Schwartz, Roy and Lourie, Nicholas and Wang, Yizhong and Hajishirzi, Hannaneh and Smith, Noah A and Choi, Yejin},
  journal={ACL},
  year={2020}
}

@article{li2024superfiltering,
  title={Superfiltering: Weak-to-strong data filtering for fast instruction-tuning},
  author={Li, Ming and Zhang, Yong and He, Shwai and Li, Zhitao and Zhao, Hongyu and Wang, Jianzong and Cheng, Ning and Zhou, Tianyi},
  journal={ACL},
  year={2024}
}

@article{cao2023instruction,
  title={Instruction Mining: Instruction Data Selection for Tuning Large Language Models},
  author={Cao, Yihan and Kang, Yanbin and Wang, Chi and Sun, Lichao},
  journal={COLM},
  year={2024}
}

@article{ren2021survey,
  title={A survey of deep active learning},
  author={Ren, Pengzhen and Xiao, Yun and Chang, Xiaojun and Huang, Po-Yao and Li, Zhihui and Gupta, Brij B and Chen, Xiaojiang and Wang, Xin},
  journal={ACM computing surveys (CSUR)},
  volume={54},
  number={9},
  pages={1--40},
  year={2021},
  publisher={ACM New York, NY}
}

@article{yasunaga2024alma,
  title={ALMA: Alignment with Minimal Annotation},
  author={Yasunaga, Michihiro and Shamis, Leonid and Zhou, Chunting and Cohen, Andrew and Weston, Jason and Zettlemoyer, Luke and Ghazvininejad, Marjan},
  journal={arXiv preprint arXiv:2412.04305},
  year={2024}
}

@article{khera2024efficient,
  title={Efficient Alignment of Large Language Models via Data Sampling},
  author={Khera, Amrit and Ghosh, Rajat and Dutta, Debojyoti},
  journal={arXiv preprint arXiv:2411.10545},
  year={2024}
}

@article{achiam2023gpt,
  title={Gpt-4 technical report},
  author={Achiam, Josh and Adler, Steven and Agarwal, Sandhini and Ahmad, Lama and Akkaya, Ilge and Aleman, Florencia Leoni and Almeida, Diogo and Altenschmidt, Janko and Altman, Sam and Anadkat, Shyamal and others},
  journal={arXiv preprint arXiv:2303.08774},
  year={2023}
}

@article{guingrich2023chatbots,
  title={Chatbots as social companions: How people perceive consciousness, human likeness, and social health benefits in machines},
  author={Guingrich, Rose E and Graziano, Michael SA},
  journal={arXiv preprint arXiv:2311.10599},
  year={2023}
}

@article{dong2024attacks,
  title={Attacks, defenses and evaluations for llm conversation safety: A survey},
  author={Dong, Zhichen and Zhou, Zhanhui and Yang, Chao and Shao, Jing and Qiao, Yu},
  journal={arXiv preprint arXiv:2402.09283},
  year={2024}
}

@article{li2023survey,
  title={A survey on fairness in large language models},
  author={Li, Yingji and Du, Mengnan and Song, Rui and Wang, Xin and Wang, Ying},
  journal={arXiv preprint arXiv:2308.10149},
  year={2023}
}

@article{rafailov2024scaling,
  title={Scaling laws for reward model overoptimization in direct alignment algorithms},
  author={Rafailov, Rafael and Chittepu, Yaswanth and Park, Ryan and Sikchi, Harshit and Hejna, Joey and Knox, Bradley and Finn, Chelsea and Niekum, Scott},
  journal={arXiv preprint arXiv:2406.02900},
  year={2024}
}

@article{lin2024rho,
  title={Rho-1: Not all tokens are what you need},
  author={Lin, Zhenghao and Gou, Zhibin and Gong, Yeyun and Liu, Xiao and Shen, Yelong and Xu, Ruochen and Lin, Chen and Yang, Yujiu and Jiao, Jian and Duan, Nan and others},
  journal={arXiv preprint arXiv:2404.07965},
  year={2024}
}

@inproceedings{kwon2023efficient,
  title={Efficient memory management for large language model serving with pagedattention},
  author={Kwon, Woosuk and Li, Zhuohan and Zhuang, Siyuan and Sheng, Ying and Zheng, Lianmin and Yu, Cody Hao and Gonzalez, Joseph and Zhang, Hao and Stoica, Ion},
  booktitle={Proceedings of the 29th Symposium on Operating Systems Principles},
  pages={611--626},
  year={2023}
}

@article{tang2024generalized,
  title={Generalized preference optimization: A unified approach to offline alignment},
  author={Tang, Yunhao and Guo, Zhaohan Daniel and Zheng, Zeyu and Calandriello, Daniele and Munos, R{\'e}mi and Rowland, Mark and Richemond, Pierre Harvey and Valko, Michal and Pires, Bernardo {\'A}vila and Piot, Bilal},
  journal={arXiv preprint arXiv:2402.05749},
  year={2024}
}

@article{han2024f,
  title={$ f $-PO: Generalizing Preference Optimization with $ f $-divergence Minimization},
  author={Han, Jiaqi and Jiang, Mingjian and Song, Yuxuan and Leskovec, Jure and Ermon, Stefano and Xu, Minkai},
  journal={arXiv preprint arXiv:2410.21662},
  year={2024}
}

@article{xu2024contrastive,
  title={Contrastive preference optimization: Pushing the boundaries of llm performance in machine translation},
  author={Xu, Haoran and Sharaf, Amr and Chen, Yunmo and Tan, Weiting and Shen, Lingfeng and Van Durme, Benjamin and Murray, Kenton and Kim, Young Jin},
  journal={arXiv preprint arXiv:2401.08417},
  year={2024}
}

@inproceedings{hong2024orpo,
  title={Orpo: Monolithic preference optimization without reference model},
  author={Hong, Jiwoo and Lee, Noah and Thorne, James},
  booktitle={Proceedings of the 2024 Conference on Empirical Methods in Natural Language Processing},
  pages={11170--11189},
  year={2024}
}

@article{park2024disentangling,
  title={Disentangling length from quality in direct preference optimization},
  author={Park, Ryan and Rafailov, Rafael and Ermon, Stefano and Finn, Chelsea},
  journal={arXiv preprint arXiv:2403.19159},
  year={2024}
}