@inproceedings{chen2017sampling,
  author={Chen, Ting and Sun, Yizhou and Shi, Yue and Hong, Liangjie},
  title={On sampling strategies for neural network-based collaborative filtering},
  booktitle={Proceedings of the 23rd ACM SIGKDD International Conference on Knowledge Discovery and Data Mining},
  year={2017}
}

@inproceedings{chen2020esam,
  author={Chen, Zhihong and Xiao, Rong and Li, Chenliang and Ye, Gangfeng and Sun, Haochuan and Deng, Hongbo},
  title={Esam: Discriminative domain adaptation with non-displayed items to improve long-tail performance},
  booktitle={Proceedings of the 43rd International ACM SIGIR Conference on Research and Development in Information Retrieval},
  year={2020}
}

@inproceedings{chen2023adap,
  author={Chen, Jiawei and Wu, Junkang and Wu, Jiancan and Cao, Xuezhi and Zhou, Sheng and He, Xiangnan},
  title={Adap-$\tau$: Adaptively modulating embedding magnitude for recommendation},
  booktitle={Proceedings of the ACM Web Conference 2023},
  year={2023}
}

@inproceedings{chen2023fairly,
  author={Chen, Xiao and Fan, Wenqi and Chen, Jingfan and Liu, Haochen and Liu, Zitao and Zhang, Zhaoxiang and Li, Qing},
  title={Fairly adaptive negative sampling for recommendations},
  booktitle={Proceedings of the ACM Web Conference 2023},
  year={2023}
}

@inproceedings{ding2019reinforced,
  author={Ding, Jingtao and Quan, Yuhan and He, Xiangnan and Li, Yong and Jin, Depeng},
  title={Reinforced Negative Sampling for Recommendation with Exposure Data.},
  booktitle={IJCAI},
  year={2019},
}

@inproceedings{grbovic2018real,
  author={Grbovic, Mihajlo and Cheng, Haibin},
  title={Real-time personalization using embeddings for search ranking at airbnb},
  booktitle={Proceedings of the 24th ACM SIGKDD international conference on knowledge discovery \& data mining},
  year={2018}
}

@inproceedings{he2017neural,
  author={He, Xiangnan and Liao, Lizi and Zhang, Hanwang and Nie, Liqiang and Hu, Xia and Chua, Tat-Seng},
  title={Neural collaborative filtering},
  booktitle={Proceedings of the 26th international conference on world wide web},
  year={2017}
}

@inproceedings{huang2021mixgcf,
  author={Huang, Tinglin and Dong, Yuxiao and Ding, Ming and Yang, Zhen and Feng, Wenzheng and Wang, Xinyu and Tang, Jie},
  title={Mixgcf: An improved training method for graph neural network-based recommender systems},
  booktitle={Proceedings of the 27th ACM SIGKDD Conference on Knowledge Discovery \& Data Mining},
  year={2021}
}

@inproceedings{lou2022re,
  author={Lou, Jiazhen and Wen, Hong and Lv, Fuyu and Zhang, Jing and Yuan, Tengfei and Li, Zhao},
  title={Re-weighting negative samples for model-agnostic matching},
  booktitle={Proceedings of the 45th International ACM SIGIR Conference on Research and Development in Information Retrieval},
  year={2022}
}

@inproceedings{park2019adversarial,
  author={Park, Dae Hoon and Chang, Yi},
  title={Adversarial sampling and training for semi-supervised information retrieval},
  booktitle={The World Wide Web Conference},
  year={2019}
}

@article{rendle2012bpr,
  author={Rendle, Steffen and Freudenthaler, Christoph and Gantner, Zeno and Schmidt-Thieme, Lars},
  title={BPR: Bayesian personalized ranking from implicit feedback},
  journal={arXiv preprint arXiv:1205.2618},
  year={2012}
}

@inproceedings{rendle2014improving,
  author={Rendle, Steffen and Freudenthaler, Christoph},
  title={Improving pairwise learning for item recommendation from implicit feedback},
  booktitle={Proceedings of the 7th ACM international conference on Web search and data mining},
  year={2014}
}

@inproceedings{wang2017irgan,
  author={Wang, Jun and Yu, Lantao and Zhang, Weinan and Gong, Yu and Xu, Yinghui and Wang, Benyou and Zhang, Peng and Zhang, Dell},
  title={Irgan: A minimax game for unifying generative and discriminative information retrieval models},
  booktitle={Proceedings of the 40th International ACM SIGIR conference on Research and Development in Information Retrieval},
  year={2017}
}

@inproceedings{wang2021cross,
  author={Wang, Jinpeng and Zhu, Jieming and He, Xiuqiang},
  title={Cross-batch negative sampling for training two-tower recommenders},
  booktitle={Proceedings of the 44th international ACM SIGIR conference on research and development in information retrieval},
  year={2021}
}

@inproceedings{yang2020mixed,
  author={Yang, Ji and Yi, Xinyang and Zhiyuan Cheng, Derek and Hong, Lichan and Li, Yang and Xiaoming Wang, Simon and Xu, Taibai and Chi, Ed H},
  title={Mixed negative sampling for learning two-tower neural networks in recommendations},
  booktitle={Companion proceedings of the web conference 2020},
  year={2020}
}

@inproceedings{yi2019sampling,
  author={Yi, Xinyang and Yang, Ji and Hong, Lichan and Cheng, Derek Zhiyuan and Heldt, Lukasz and Kumthekar, Aditee and Zhao, Zhe and Wei, Li and Chi, Ed},
  title={Sampling-bias-corrected neural modeling for large corpus item recommendations},
  booktitle={Proceedings of the 13th ACM conference on recommender systems},
  year={2019}
}

@inproceedings{zhang2013optimizing,
  author={Zhang, Weinan and Chen, Tianqi and Wang, Jun and Yu, Yong},
  title={Optimizing top-n collaborative filtering via dynamic negative item sampling},
  booktitle={Proceedings of the 36th international ACM SIGIR conference on Research and development in information retrieval},
  year={2013}
}

