@string(CVPR  = "{IEEE Conf. Comput. Vis. Pattern Recog.}")
@string(CVPRW = "{IEEE Conf. Comput. Vis. Pattern Recog. Worksh.}")
@string(ICCV  = "{Int. Conf. Comput. Vis.}")
@string(ECCV  = "{Eur. Conf. Comput. Vis.}")
@string(ICML  = "{Int. Conf. Mach. Learn.}")
@string(NIPS  = "{Adv. Neural Inform. Process. Syst.}")
@string(ICPR  = "{Int. Conf. Pattern Recog.}")
@string(BMVC  = "{Brit. Mach. Vis. Conf.}")
@string(ICIP  = "{IEEE Int. Conf. Image Process.}")
@string(ACCV  = "{Asian Conf. Comput. Vis.}")
@string(IJCAI = "{Int. Joint Conf. Artif. Intell.}")
@string(ICLR  = "{Int. Conf. Learn. Represent.}")
@string(ACMMM = "{ACM Int. Conf. Multimedia}")
@string(ICME  = "{Int. Conf. Multimedia and Expo}")
@string(SIGG  = "{ACM SIGGRAPH Anal. Conf.}")
@string(SIGGA = "{ACM SIGGRAPH Conf. Asia}")
@string(ICASSP=	"{IEEE Int. Conf. Acoust. Speech SP}")
@string(PAMI  = "{IEEE Trans. Pattern Anal. Mach. Intell.}")
@string(IJCV  = "{Int. J. Comput. Vis.}")
@string(TOG   = "{ACM Trans. Graph.}")
@string(TIP   = "{IEEE Trans. Image Process.}")
@string(TVCG  = "{IEEE Trans. Visual. Comput. Graph.}")
@string(TCSVT = "{IEEE Trans. Circ. Syst. Video Technol.}")
@string(TMM   = "{IEEE Trans. Multimedia}")
@string(PR    = "{Pattern Recogn.}")
@string(SPL	  = "{IEEE Signal Process. Let.}")
@string(VR    = "{Vis. Res.}")
@string(JOV	  = "{J. Vis.}")
@string(TVC   = "{The Vis. Comput.}")
@string(JCST  = "{J. Comput. Sci. Tech.}")
@string(CGF   = "{Comput. Graph. Forum}")
@string(MICCAI   = "{Med. Image. Comput. Comput. Assist. Interv.}")
@string(IROS = "{IROS}")

@article{kerbl20233d,
  title={3d gaussian splatting for real-time radiance field rendering},
  author={Kerbl, Bernhard and Kopanas, Georgios and Leimk{\"u}hler, Thomas and Drettakis, George},
  journal=TOG,
  volume={42},
  number={4},
  pages={1--14},
  year={2023},
}

@inproceedings{lin2024gaussian,
  title={Gaussian-flow: 4d reconstruction with dynamic 3d gaussian particle},
  author={Lin, Youtian and Dai, Zuozhuo and Zhu, Siyu and Yao, Yao},
  booktitle=CVPR,
  year={2024}
}

@inproceedings{guedon2024sugar,
  title={Sugar: Surface-aligned gaussian splatting for efficient 3d mesh reconstruction and high-quality mesh rendering},
  author={Gu{\'e}don, Antoine and Lepetit, Vincent},
  booktitle=CVPR,
  year={2024}
}

@inproceedings{chen2023text,
  title={Text-to-3d using gaussian splatting},
  author={Chen, Zilong and Wang, Feng and Liu, Huaping},
  booktitle=CVPR,
  year={2024}
}

@article{li2024dngaussian,
    title={DNGaussian: Optimizing Sparse-View 3D Gaussian Radiance Fields with Global-Local Depth Normalization}, 
    author={Jiahe Li and Jiawei Zhang and Xiao Bai and Jin Zheng and Xin Ning and Jun Zhou and Lin Gu},
    journal={arXiv preprint arXiv:2403.06912},
    year={2024}
}

@article{paliwal2024coherentgs,
    title={CoherentGS: Sparse Novel View Synthesis with Coherent 3D Gaussians},
    author={Avinash Paliwal and Wei Ye and Jinhui Xiong and Dmytro Kotovenko and Rakesh Ranjan and Vikas Chandra and
            Nima Khademi Kalantari},
    journal={arXiv},
    year={2024}
}

@inproceedings{jain2021putting,
  title={Putting nerf on a diet: Semantically consistent few-shot view synthesis},
  author={Jain, Ajay and Tancik, Matthew and Abbeel, Pieter},
  booktitle=ICCV,
  pages={5885--5894},
  year={2021}
}

@inproceedings{wynn2023diffusionerf,
  title={Diffusionerf: Regularizing neural radiance fields with denoising diffusion models},
  author={Wynn, Jamie and Turmukhambetov, Daniyar},
  booktitle=CVPR,
  pages={4180--4189},
  year={2023}
}

@article{xiong2023sparsegs,
  title={Sparsegs: Real-time 360 $\{$$\backslash$deg$\}$ sparse view synthesis using gaussian splatting},
  author={Xiong, Haolin and Muttukuru, Sairisheek and Upadhyay, Rishi and Chari, Pradyumna and Kadambi, Achuta},
  journal={arXiv preprint arXiv:2312.00206},
  year={2023}
}

@inproceedings{deng2022depth,
  title={Depth-supervised nerf: Fewer views and faster training for free},
  author={Deng, Kangle and Liu, Andrew and Zhu, Jun-Yan and Ramanan, Deva},
  booktitle=CVPR,
  pages={12882--12891},
  year={2022}
}

@inproceedings{kim2022infonerf,
  title={Infonerf: Ray entropy minimization for few-shot neural volume rendering},
  author={Kim, Mijeong and Seo, Seonguk and Han, Bohyung},
  booktitle=CVPR,
  pages={12912--12921},
  year={2022}
}

@inproceedings{niemeyer2022regnerf,
  title={Regnerf: Regularizing neural radiance fields for view synthesis from sparse inputs},
  author={Niemeyer, Michael and Barron, Jonathan T and Mildenhall, Ben and Sajjadi, Mehdi SM and Geiger, Andreas and Radwan, Noha},
  booktitle=CVPR,
  pages={5480--5490},
  year={2022}
}

@inproceedings{yang2023freenerf,
  title={Freenerf: Improving few-shot neural rendering with free frequency regularization},
  author={Yang, Jiawei and Pavone, Marco and Wang, Yue},
  booktitle=CVPR,
  pages={8254--8263},
  year={2023}
}

@inproceedings{roessle2022dense,
  title={Dense depth priors for neural radiance fields from sparse input views},
  author={Roessle, Barbara and Barron, Jonathan T and Mildenhall, Ben and Srinivasan, Pratul P and Nie{\ss}ner, Matthias},
  booktitle=CVPR,
  pages={12892--12901},
  year={2022}
}

@article{song2024darf,
  title={D{\"a}RF: Boosting Radiance Fields from Sparse Input Views with Monocular Depth Adaptation},
  author={Song, Jiuhn and Park, Seonghoon and An, Honggyu and Cho, Seokju and Kwak, Min-Seop and Cho, Sungjin and Kim, Seungryong},
  journal=NIPS,
  volume={36},
  year={2024}
}

@inproceedings{wang2023sparsenerf,
  title={Sparsenerf: Distilling depth ranking for few-shot novel view synthesis},
  author={Wang, Guangcong and Chen, Zhaoxi and Loy, Chen Change and Liu, Ziwei},
  booktitle=ICCV,
  pages={9065--9076},
  year={2023}
}

@article{sun2023vgos,
  title={VGOS: Voxel grid optimization for view synthesis from sparse inputs},
  author={Sun, Jiakai and Zhang, Zhanjie and Chen, Jiafu and Li, Guangyuan and Ji, Boyan and Zhao, Lei and Xing, Wei and Lin, Huaizhong},
  journal={arXiv preprint arXiv:2304.13386},
  year={2023}
}

@article{zhu2023fsgs,
  title={FSGS: Real-Time Few-shot View Synthesis using Gaussian Splatting},
  author={Zhu, Zehao and Fan, Zhiwen and Jiang, Yifan and Wang, Zhangyang},
  journal={arXiv preprint arXiv:2312.00451},
  year={2023}
}

@article{mildenhall2021nerf,
  title={Nerf: Representing scenes as neural radiance fields for view synthesis},
  author={Mildenhall, Ben and Srinivasan, Pratul P and Tancik, Matthew and Barron, Jonathan T and Ramamoorthi, Ravi and Ng, Ren},
  journal={Communications of the ACM},
  volume={65},
  number={1},
  pages={99--106},
  year={2021},
  publisher={ACM New York, NY, USA}
}

@article{poole2022dreamfusion,
  author = {Poole, Ben and Jain, Ajay and Barron, Jonathan T. and Mildenhall, Ben},
  title = {DreamFusion: Text-to-3D using 2D Diffusion},
  journal = {arXiv},
  year = {2022},
}

@article{knapitsch2017tanks,
  title={Tanks and temples: Benchmarking large-scale scene reconstruction},
  author={Knapitsch, Arno and Park, Jaesik and Zhou, Qian-Yi and Koltun, Vladlen},
  journal=TOG,
  volume={36},
  number={4},
  pages={1--13},
  year={2017},
  publisher={ACM New York, NY, USA}
}

@inproceedings{barron2022mip,
  title={Mip-nerf 360: Unbounded anti-aliased neural radiance fields},
  author={Barron, Jonathan T and Mildenhall, Ben and Verbin, Dor and Srinivasan, Pratul P and Hedman, Peter},
  booktitle=CVPR,
  pages={5470--5479},
  year={2022}
}

@article{lao2024corresnerf,
  title={CorresNeRF: Image Correspondence Priors for Neural Radiance Fields},
  author={Lao, Yixing and Xu, Xiaogang and Liu, Xihui and Zhao, Hengshuang and others},
  journal=NIPS,
  volume={36},
  year={2024}
}

@inproceedings{wei2021nerfingmvs,
  title={Nerfingmvs: Guided optimization of neural radiance fields for indoor multi-view stereo},
  author={Wei, Yi and Liu, Shaohui and Rao, Yongming and Zhao, Wang and Lu, Jiwen and Zhou, Jie},
  booktitle=ICCV,
  pages={5610--5619},
  year={2021}
}

@article{yu2022monosdf,
  title={Monosdf: Exploring monocular geometric cues for neural implicit surface reconstruction},
  author={Yu, Zehao and Peng, Songyou and Niemeyer, Michael and Sattler, Torsten and Geiger, Andreas},
  journal=NIPS,
  volume={35},
  pages={25018--25032},
  year={2022}
}
@article{turkulainen2024dn,
  title={DN-Splatter: Depth and Normal Priors for Gaussian Splatting and Meshing},
  author={Turkulainen, Matias and Ren, Xuqian and Melekhov, Iaroslav and Seiskari, Otto and Rahtu, Esa and Kannala, Juho},
  journal={arXiv preprint arXiv:2403.17822},
  year={2024}
}

@inproceedings{guo2022neural,
  title={Neural 3d scene reconstruction with the manhattan-world assumption},
  author={Guo, Haoyu and Peng, Sida and Lin, Haotong and Wang, Qianqian and Zhang, Guofeng and Bao, Hujun and Zhou, Xiaowei},
  booktitle=CVPR,
  pages={5511--5520},
  year={2022}
}

@inproceedings{wang2022neuris,
  title={Neuris: Neural reconstruction of indoor scenes using normal priors},
  author={Wang, Jiepeng and Wang, Peng and Long, Xiaoxiao and Theobalt, Christian and Komura, Taku and Liu, Lingjie and Wang, Wenping},
  booktitle=ECCV,
  pages={139--155},
  year={2022},
  organization={Springer}
}

@InProceedings{Liu_2023_CVPR,
    author    = {Liu, Yu-Lun and Gao, Chen and Meuleman, Andr\'eas and Tseng, Hung-Yu and Saraf, Ayush and Kim, Changil and Chuang, Yung-Yu and Kopf, Johannes and Huang, Jia-Bin},
    title     = {Robust Dynamic Radiance Fields},
    booktitle = CVPR,
    month     = {June},
    year      = {2023},
    pages     = {13-23}
}

@inproceedings{gao2021dynamic,
  title={Dynamic view synthesis from dynamic monocular video},
  author={Gao, Chen and Saraf, Ayush and Kopf, Johannes and Huang, Jia-Bin},
  booktitle=ICCV,
  pages={5712--5721},
  year={2021}
}

@inproceedings{yoon2020novel,
  title={Novel view synthesis of dynamic scenes with globally coherent depths from a monocular camera},
  author={Yoon, Jae Shin and Kim, Kihwan and Gallo, Orazio and Park, Hyun Soo and Kautz, Jan},
  booktitle=CVPR,
  pages={5336--5345},
  year={2020}
}

@inproceedings{li2021neural,
  title={Neural scene flow fields for space-time view synthesis of dynamic scenes},
  author={Li, Zhengqi and Niklaus, Simon and Snavely, Noah and Wang, Oliver},
  booktitle=CVPR,
  pages={6498--6508},
  year={2021}
}

@inproceedings{xian2021space,
  title={Space-time neural irradiance fields for free-viewpoint video},
  author={Xian, Wenqi and Huang, Jia-Bin and Kopf, Johannes and Kim, Changil},
  booktitle=CVPR,
  pages={9421--9431},
  year={2021}
}

@inproceedings{li2023dynibar,
  title={Dynibar: Neural dynamic image-based rendering},
  author={Li, Zhengqi and Wang, Qianqian and Cole, Forrester and Tucker, Richard and Snavely, Noah},
  booktitle=CVPR,
  pages={4273--4284},
  year={2023}
}

@inproceedings{wang2023flow,
  title={Flow supervision for deformable nerf},
  author={Wang, Chaoyang and MacDonald, Lachlan Ewen and Jeni, Laszlo A and Lucey, Simon},
  booktitle=CVPR,
  pages={21128--21137},
  year={2023}
}

@inproceedings{guo2023forward,
  title={Forward flow for novel view synthesis of dynamic scenes},
  author={Guo, Xiang and Sun, Jiadai and Dai, Yuchao and Chen, Guanying and Ye, Xiaoqing and Tan, Xiao and Ding, Errui and Zhang, Yumeng and Wang, Jingdong},
  booktitle=ICCV,
  pages={16022--16033},
  year={2023}
}

@inproceedings{tian2023mononerf,
  title={Mononerf: Learning a generalizable dynamic radiance field from monocular videos},
  author={Tian, Fengrui and Du, Shaoyi and Duan, Yueqi},
  booktitle=ICCV,
  pages={17903--17913},
  year={2023}
}

@article{zhang2020nerf++,
  title={Nerf++: Analyzing and improving neural radiance fields},
  author={Zhang, Kai and Riegler, Gernot and Snavely, Noah and Koltun, Vladlen},
  journal={arXiv preprint arXiv:2010.07492},
  year={2020}
}

@inproceedings{barron2021mip,
  title={Mip-nerf: A multiscale representation for anti-aliasing neural radiance fields},
  author={Barron, Jonathan T and Mildenhall, Ben and Tancik, Matthew and Hedman, Peter and Martin-Brualla, Ricardo and Srinivasan, Pratul P},
  booktitle=ICCV,
  pages={5855--5864},
  year={2021}
}

@article{reiser2023merf,
  title={Merf: Memory-efficient radiance fields for real-time view synthesis in unbounded scenes},
  author={Reiser, Christian and Szeliski, Rick and Verbin, Dor and Srinivasan, Pratul and Mildenhall, Ben and Geiger, Andreas and Barron, Jon and Hedman, Peter},
  journal=TOG,
  volume={42},
  number={4},
  pages={1--12},
  year={2023},
  publisher={ACM New York, NY, USA}
}

@article{fan2023lightgaussian,
  title={Lightgaussian: Unbounded 3d gaussian compression with 15x reduction and 200+ fps},
  author={Fan, Zhiwen and Wang, Kevin and Wen, Kairun and Zhu, Zehao and Xu, Dejia and Wang, Zhangyang},
  journal={arXiv preprint arXiv:2311.17245},
  year={2023}
}

@article{fan2024instantsplat,
  title={InstantSplat: Unbounded Sparse-view Pose-free Gaussian Splatting in 40 Seconds},
  author={Fan, Zhiwen and Cong, Wenyan and Wen, Kairun and Wang, Kevin and Zhang, Jian and Ding, Xinghao and Xu, Danfei and Ivanovic, Boris and Pavone, Marco and Pavlakos, Georgios and others},
  journal={arXiv preprint arXiv:2403.20309},
  year={2024}
}

@article{mildenhall2019local,
  title={Local light field fusion: Practical view synthesis with prescriptive sampling guidelines},
  author={Mildenhall, Ben and Srinivasan, Pratul P and Ortiz-Cayon, Rodrigo and Kalantari, Nima Khademi and Ramamoorthi, Ravi and Ng, Ren and Kar, Abhishek},
  journal=TOG,
  volume={38},
  number={4},
  pages={1--14},
  year={2019},
  publisher={ACM New York, NY, USA}
}

@inproceedings{dust3r_cvpr24,
      title={DUSt3R: Geometric 3D Vision Made Easy}, 
      author={Shuzhe Wang and Vincent Leroy and Yohann Cabon and Boris Chidlovskii and Jerome Revaud},
      booktitle = CVPR,
      year = {2024}
}

@inproceedings{teed2020raft,
  title={Raft: Recurrent all-pairs field transforms for optical flow},
  author={Teed, Zachary and Deng, Jia},
  booktitle=ECCV,
  pages={402--419},
  year={2020},
  organization={Springer}
}

@misc{turkulainen2024dnsplatter,
        title={DN-Splatter: Depth and Normal Priors for Gaussian Splatting and Meshing}, 
        author={Matias Turkulainen and Xuqian Ren and Iaroslav Melekhov and Otto Seiskari and Esa Rahtu and Juho Kannala},
        year={2024},
        eprint={2403.17822},
        archivePrefix={arXiv},
        primaryClass={cs.CV}
}

@inproceedings{Huang2DGS2024,
    title={2D Gaussian Splatting for Geometrically Accurate Radiance Fields},
    author={Huang, Binbin and Yu, Zehao and Chen, Anpei and Geiger, Andreas and Gao, Shenghua},
    booktitle = SIGG,
    year      = {2024},
    doi       = {10.1145/3641519.3657428}
}

@article{paszke2019pytorch,
  title={Pytorch: An imperative style, high-performance deep learning library},
  author={Paszke, Adam and Gross, Sam and Massa, Francisco and Lerer, Adam and Bradbury, James and Chanan, Gregory and Killeen, Trevor and Lin, Zeming and Gimelshein, Natalia and Antiga, Luca and others},
  journal=NIPS,
  volume={32},
  year={2019}
}

@inproceedings{ren2024mushroom,
  title={Mushroom: Multi-sensor hybrid room dataset for joint 3d reconstruction and novel view synthesis},
  author={Ren, Xuqian and Wang, Wenjia and Cai, Dingding and Tuominen, Tuuli and Kannala, Juho and Rahtu, Esa},
  booktitle={Proceedings of the IEEE/CVF Winter Conference on Applications of Computer Vision},
  pages={4508--4517},
  year={2024}
}

@inproceedings{zhu2023lighteddepth,
  title={LightedDepth: Video depth estimation in light of limited inference view angles},
  author={Zhu, Shengjie and Liu, Xiaoming},
  booktitle=CVPR,
  pages={5003--5012},
  year={2023}
}

@inproceedings{liu2023robust,
  title={Robust dynamic radiance fields},
  author={Liu, Yu-Lun and Gao, Chen and Meuleman, Andreas and Tseng, Hung-Yu and Saraf, Ayush and Kim, Changil and Chuang, Yung-Yu and Kopf, Johannes and Huang, Jia-Bin},
  booktitle=CVPR,
  pages={13--23},
  year={2023}
}

@online{guedon2023sugar,
  title={Sugar: Surface-aligned gaussian splatting for efficient 3d mesh reconstruction and high-quality mesh rendering},
  author={Gu{\'e}don, Antoine and Lepetit, Vincent},
  url={https://arxiv.org/abs/2311.12775},
  year={2023}
}

@online{gao2024mesh,
  title={Mesh-based Gaussian Splatting for Real-time Large-scale Deformation},
  author={Gao, Lin and Yang, Jie and Zhang, Bo-Tao and Sun, Jia-Mu and Yuan, Yu-Jie and Fu, Hongbo and Lai, Yu-Kun},
  url={https://arxiv.org/abs/2402.04796},
  year={2024}
}

@online{waczynska2024games,
  title={GaMeS: Mesh-Based Adapting and Modification of Gaussian Splatting},
  author={Waczy{\'n}ska, Joanna and Borycki, Piotr and Tadeja, S{\l}awomir and Tabor, Jacek and Spurek, Przemys{\l}aw},
  url={https://arxiv.org/abs/2402.01459},
  year={2024}
}

@online{lyu20243dgsr,
  title={3dgsr: Implicit surface reconstruction with 3d gaussian splatting},
  author={Lyu, Xiaoyang and Sun, Yang-Tian and Huang, Yi-Hua and Wu, Xiuzhe and Yang, Ziyi and Chen, Yilun and Pang, Jiangmiao and Qi, Xiaojuan},
  url={https://arxiv.org/abs/2404.00409},
  year={2024}
}

@online{chen2023neusg,
  title={Neusg: Neural implicit surface reconstruction with 3d gaussian splatting guidance},
  author={Chen, Hanlin and Li, Chen and Lee, Gim Hee},
  url={https://arxiv.org/abs/2312.00846},
  year={2023}
}

@online{wolf2024surface,
  title={Surface Reconstruction from Gaussian Splatting via Novel Stereo Views},
  author={Wolf, Yaniv and Bracha, Amit and Kimmel, Ron},
  url={https://arxiv.org/abs/2404.01810},
  year={2024}
}

@online{huang20242d,
  title={2d gaussian splatting for geometrically accurate radiance fields},
  author={Huang, Binbin and Yu, Zehao and Chen, Anpei and Geiger, Andreas and Gao, Shenghua},
  url={https://arxiv.org/abs/2403.17888},
  year={2024}
}

@article{yu2024gaussian,
  title={Gaussian opacity fields: Efficient and compact surface reconstruction in unbounded scenes},
  author={Yu, Zehao and Sattler, Torsten and Geiger, Andreas},
  journal={arXiv preprint arXiv:2404.10772},
  year={2024}
}

@article{chen2024pgsr,
  title={PGSR: Planar-based Gaussian Splatting for Efficient and High-Fidelity Surface Reconstruction},
  author={Chen, Danpeng and Li, Hai and Ye, Weicai and Wang, Yifan and Xie, Weijian and Zhai, Shangjin and Wang, Nan and Liu, Haomin and Bao, Hujun and Zhang, Guofeng},
  journal={arXiv preprint arXiv:2406.06521},
  year={2024}
}

@inproceedings{guo2022manhattan,
  title={Neural 3D Scene Reconstruction with the Manhattan-world Assumption},
  author={Guo, Haoyu and Peng, Sida and Lin, Haotong and Wang, Qianqian and Zhang, Guofeng and Bao, Hujun and Zhou, Xiaowei},
  booktitle=CVPR,
  year={2022}
}

@article{replica19arxiv,
  title =   {The {R}eplica Dataset: A Digital Replica of Indoor Spaces},
  author =  {Julian Straub and Thomas Whelan and Lingni Ma and Yufan Chen and Erik Wijmans and Simon Green and Jakob J. Engel and Raul Mur-Artal and Carl Ren and Shobhit Verma and Anton Clarkson and Mingfei Yan and Brian Budge and Yajie Yan and Xiaqing Pan and June Yon and Yuyang Zou and Kimberly Leon and Nigel Carter and Jesus Briales and  Tyler Gillingham and  Elias Mueggler and Luis Pesqueira and Manolis Savva and Dhruv Batra and Hauke M. Strasdat and Renzo De Nardi and Michael Goesele and Steven Lovegrove and Richard Newcombe },
  journal = {arXiv preprint arXiv:1906.05797},
  year =    {2019}
}

@article{bian2021auto,
  title={Auto-rectify network for unsupervised indoor depth estimation},
  author={Bian, Jia-Wang and Zhan, Huangying and Wang, Naiyan and Chin, Tat-Jun and Shen, Chunhua and Reid, Ian},
  journal=TPAMI,
  volume={44},
  number={12},
  pages={9802--9813},
  year={2021},
  publisher={IEEE}
}

@inproceedings{dai2017scannet,
  title={Scannet: Richly-annotated 3d reconstructions of indoor scenes},
  author={Dai, Angela and Chang, Angel X and Savva, Manolis and Halber, Maciej and Funkhouser, Thomas and Nie{\ss}ner, Matthias},
  booktitle=CVPR,
  pages={5828--5839},
  year={2017}
}

@article{yang2024depth,
  title={Depth Anything V2},
  author={Yang, Lihe and Kang, Bingyi and Huang, Zilong and Zhao, Zhen and Xu, Xiaogang and Feng, Jiashi and Zhao, Hengshuang},
  journal={arXiv preprint arXiv:2406.09414},
  year={2024}
}

@article{xu2023unifying,
  title={Unifying flow, stereo and depth estimation},
  author={Xu, Haofei and Zhang, Jing and Cai, Jianfei and Rezatofighi, Hamid and Yu, Fisher and Tao, Dacheng and Geiger, Andreas},
  journal=TPAMI,
  year={2023},
  publisher={IEEE}
}

@inproceedings{bae2024rethinking,
  title={Rethinking inductive biases for surface normal estimation},
  author={Bae, Gwangbin and Davison, Andrew J},
  booktitle=CVPR,
  pages={9535--9545},
  year={2024}
}

@article{birkl2023midas,
      title={MiDaS v3.1 -- A Model Zoo for Robust Monocular Relative Depth Estimation},
      author={Reiner Birkl and Diana Wofk and Matthias M{\"u}ller},
      journal={arXiv preprint arXiv:2307.14460},
      year={2023}
}

@article{gao2024mani,
  title={Mani-GS: Gaussian Splatting Manipulation with Triangular Mesh},
  author={Gao, Xiangjun and Li, Xiaoyu and Zhuang, Yiyu and Zhang, Qi and Hu, Wenbo and Zhang, Chaopeng and Yao, Yao and Shan, Ying and Quan, Long},
  journal={arXiv preprint arXiv:2405.17811},
  year={2024}
}

@article{gao2023relightable,
  title={Relightable 3d gaussian: Real-time point cloud relighting with brdf decomposition and ray tracing},
  author={Gao, Jian and Gu, Chun and Lin, Youtian and Zhu, Hao and Cao, Xun and Zhang, Li and Yao, Yao},
  journal={arXiv preprint arXiv:2311.16043},
  year={2023}
}

@inproceedings{yu2024mip,
  title={Mip-splatting: Alias-free 3d gaussian splatting},
  author={Yu, Zehao and Chen, Anpei and Huang, Binbin and Sattler, Torsten and Geiger, Andreas},
  booktitle=CVPR,
  pages={19447--19456},
  year={2024}
}

@inproceedings{liang2024gs,
  title={Gs-ir: 3d gaussian splatting for inverse rendering},
  author={Liang, Zhihao and Zhang, Qi and Feng, Ying and Shan, Ying and Jia, Kui},
  booktitle=CVPR,
  pages={21644--21653},
  year={2024}
}

@inproceedings{wu20244d,
  title={4d gaussian splatting for real-time dynamic scene rendering},
  author={Wu, Guanjun and Yi, Taoran and Fang, Jiemin and Xie, Lingxi and Zhang, Xiaopeng and Wei, Wei and Liu, Wenyu and Tian, Qi and Wang, Xinggang},
  booktitle=CVPR,
  pages={20310--20320},
  year={2024}
}

@inproceedings{wang2025sea,
  title={Sea-raft: Simple, efficient, accurate raft for optical flow},
  author={Wang, Yihan and Lipson, Lahav and Deng, Jia},
  booktitle=ECCV,
  pages={36--54},
  year={2025},
  organization={Springer}
}

@article{ye2024stablenormal,
  title={StableNormal: Reducing Diffusion Variance for Stable and Sharp Normal},
  author={Ye, Chongjie and Qiu, Lingteng and Gu, Xiaodong and Zuo, Qi and Wu, Yushuang and Dong, Zilong and Bo, Liefeng and Xiu, Yuliang and Han, Xiaoguang},
  journal={ACM Transactions on Graphics (TOG)},
  year={2024},
  publisher={ACM New York, NY, USA}
}

@article{aanaes2016large,
  title={Large-scale data for multiple-view stereopsis},
  author={Aan{\ae}s, Henrik and Jensen, Rasmus Ramsb{\o}l and Vogiatzis, George and Tola, Engin and Dahl, Anders Bjorholm},
  journal=IJCV,
  volume={120},
  pages={153--168},
  year={2016},
  publisher={Springer}
}