@article{motie2023financial,
  title={Financial fraud detection using graph neural networks: A systematic review},
  author={Motie, Soroor and Raahemi, Bijan},
  journal={Expert Systems With Applications},
  pages={122156},
  year={2023},
  publisher={Elsevier}
}
@article{deng2022markov,
  title={Markov-driven graph convolutional networks for social spammer detection},
  author={Deng, Leyan and Wu, Chenwang and Lian, Defu and Wu, Yongji and Chen, Enhong},
  journal={IEEE Transactions on Knowledge and Data Engineering},
  volume={35},
  number={12},
  pages={12310--12322},
  year={2022},
  publisher={IEEE}
}

@article{wang2024contrastive,
  title={Contrastive graph similarity networks},
  author={Wang, Luzhi and Zheng, Yizhen and Jin, Di and Li, Fuyi and Qiao, Yongliang and Pan, Shirui},
  journal={ACM Transactions on the Web},
  volume={18},
  number={2},
  pages={1--20},
  year={2024},
  publisher={ACM New York, NY}
}

@inproceedings{zheng2023finding,
  title={Finding the missing-half: Graph complementary learning for homophily-prone and heterophily-prone graphs},
  author={Zheng, Yizhen and Zhang, He and Lee, Vincent and Zheng, Yu and Wang, Xiao and Pan, Shirui},
  booktitle={International Conference on Machine Learning},
  pages={42492--42505},
  year={2023},
  organization={PMLR}
}

@article{zheng2022rethinking,
  title={Rethinking and scaling up graph contrastive learning: An extremely efficient approach with group discrimination},
  author={Zheng, Yizhen and Pan, Shirui and Lee, Vincent and Zheng, Yu and Yu, Philip S},
  journal={Advances in Neural Information Processing Systems},
  volume={35},
  pages={10809--10820},
  year={2022}
}

@inproceedings{zheng2022unifying,
  title={Unifying graph contrastive learning with flexible contextual scopes},
  author={Zheng, Yizhen and Zheng, Yu and Zhou, Xiaofei and Gong, Chen and Lee, Vincent CS and Pan, Shirui},
  booktitle={2022 IEEE International Conference on Data Mining (ICDM)},
  pages={793--802},
  year={2022},
  organization={IEEE}
}

@inproceedings{zheng2021heterogeneous,
  title={Heterogeneous graph attention network for small and medium-sized enterprises bankruptcy prediction},
  author={Zheng, Yizhen and Lee, Vincent CS and Wu, Zonghan and Pan, Shirui},
  booktitle={Pacific-Asia Conference on Knowledge Discovery and Data Mining},
  pages={140--151},
  year={2021},
  organization={Springer}
}

@article{yu2022graph,
  title={Graph learning for fake review detection},
  author={Yu, Shuo and Ren, Jing and Li, Shihao and Naseriparsa, Mehdi and Xia, Feng},
  journal={Frontiers in Artificial Intelligence},
  volume={5},
  pages={922589},
  year={2022},
  publisher={Frontiers Media SA}
}
@inproceedings{dou2020enhancing,
  title={Enhancing graph neural network-based fraud detectors against camouflaged fraudsters},
  author={Dou, Yingtong and Liu, Zhiwei and Sun, Li and Deng, Yutong and Peng, Hao and Yu, Philip S},
  booktitle={Proceedings of the 29th ACM international conference on information \& knowledge management},
  pages={315--324},
  year={2020}
}
@inproceedings{liu2020alleviating,
  title={Alleviating the inconsistency problem of applying graph neural network to fraud detection},
  author={Liu, Zhiwei and Dou, Yingtong and Yu, Philip S and Deng, Yutong and Peng, Hao},
  booktitle={Proceedings of the 43rd international ACM SIGIR conference on research and development in information retrieval},
  pages={1569--1572},
  year={2020}
}

@inproceedings{liu2021pick,
  title={Pick and choose: a GNN-based imbalanced learning approach for fraud detection},
  author={Liu, Yang and Ao, Xiang and Qin, Zidi and Chi, Jianfeng and Feng, Jinghua and Yang, Hao and He, Qing},
  booktitle={Proceedings of the web conference 2021},
  pages={3168--3177},
  year={2021}
}
@inproceedings{tang2022rethinking,
  title={Rethinking graph neural networks for anomaly detection},
  author={Tang, Jianheng and Li, Jiajin and Gao, Ziqi and Li, Jia},
  booktitle={International Conference on Machine Learning},
  pages={21076--21089},
  year={2022},
  organization={PMLR}
}
@inproceedings{shi2022h2,
  title={H2-fdetector: A gnn-based fraud detector with homophilic and heterophilic connections},
  author={Shi, Fengzhao and Cao, Yanan and Shang, Yanmin and Zhou, Yuchen and Zhou, Chuan and Wu, Jia},
  booktitle={Proceedings of the ACM web conference 2022},
  pages={1486--1494},
  year={2022}
}
@inproceedings{gao2023addressing,
  title={Addressing heterophily in graph anomaly detection: A perspective of graph spectrum},
  author={Gao, Yuan and Wang, Xiang and He, Xiangnan and Liu, Zhenguang and Feng, Huamin and Zhang, Yongdong},
  booktitle={Proceedings of the ACM Web Conference 2023},
  pages={1528--1538},
  year={2023}
}
@inproceedings{wang2023label,
  title={Label information enhanced fraud detection against low homophily in graphs},
  author={Wang, Yuchen and Zhang, Jinghui and Huang, Zhengjie and Li, Weibin and Feng, Shikun and Ma, Ziheng and Sun, Yu and Yu, Dianhai and Dong, Fang and Jin, Jiahui and others},
  booktitle={Proceedings of the ACM Web Conference 2023},
  pages={406--416},
  year={2023}
}
@inproceedings{gao2023alleviating,
  title={Alleviating structural distribution shift in graph anomaly detection},
  author={Gao, Yuan and Wang, Xiang and He, Xiangnan and Liu, Zhenguang and Feng, Huamin and Zhang, Yongdong},
  booktitle={Proceedings of the sixteenth ACM international conference on web search and data mining},
  pages={357--365},
  year={2023}
}
@inproceedings{chen2024consistency,
  title={Consistency Training with Learnable Data Augmentation for Graph Anomaly Detection with Limited Supervision},
  author={Chen, Nan and Liu, Zemin and Hooi, Bryan and He, Bingsheng and Fathony, Rizal and Hu, Jun and Chen, Jia},
  booktitle={The Twelfth International Conference on Learning Representations},
  year={2024}
}

@inproceedings{zhuo2024partitioning,
  title={Partitioning message passing for graph fraud detection},
  author={Zhuo, Wei and Liu, Zemin and Hooi, Bryan and He, Bingsheng and Tan, Guang and Fathony, Rizal and Chen, Jia},
  booktitle={The Twelfth International Conference on Learning Representations},
  year={2024}
}
@inproceedings{ding2019deep,
  title={Deep anomaly detection on attributed networks},
  author={Ding, Kaize and Li, Jundong and Bhanushali, Rohit and Liu, Huan},
  booktitle={Proceedings of the 2019 SIAM international conference on data mining},
  pages={594--602},
  year={2019},
  organization={SIAM}
}

@article{liu2021anomaly,
  title={Anomaly detection on attributed networks via contrastive self-supervised learning},
  author={Liu, Yixin and Li, Zhao and Pan, Shirui and Gong, Chen and Zhou, Chuan and Karypis, George},
  journal={IEEE transactions on neural networks and learning systems},
  volume={33},
  number={6},
  pages={2378--2392},
  year={2021},
  publisher={IEEE}
}
@inproceedings{jin2021anemone,
  title={Anemone: Graph anomaly detection with multi-scale contrastive learning},
  author={Jin, Ming and Liu, Yixin and Zheng, Yu and Chi, Lianhua and Li, Yuan-Fang and Pan, Shirui},
  booktitle={Proceedings of the 30th ACM international conference on information \& knowledge management},
  pages={3122--3126},
  year={2021}
}
@article{zheng2021generative,
  title={Generative and contrastive self-supervised learning for graph anomaly detection},
  author={Zheng, Yu and Jin, Ming and Liu, Yixin and Chi, Lianhua and Phan, Khoa T and Chen, Yi-Ping Phoebe},
  journal={IEEE Transactions on Knowledge and Data Engineering},
  volume={35},
  number={12},
  pages={12220--12233},
  year={2021},
  publisher={IEEE}
}
@inproceedings{duan2023graph,
  title={Graph anomaly detection via multi-scale contrastive learning networks with augmented view},
  author={Duan, Jingcan and Wang, Siwei and Zhang, Pei and Zhu, En and Hu, Jingtao and Jin, Hu and Liu, Yue and Dong, Zhibin},
  booktitle={Proceedings of the AAAI conference on artificial intelligence},
  volume={37},
  pages={7459--7467},
  year={2023}
}
@article{duan2023arise,
  title={Arise: Graph anomaly detection on attributed networks via substructure awareness},
  author={Duan, Jingcan and Xiao, Bin and Wang, Siwei and Zhou, Haifang and Liu, Xinwang},
  journal={IEEE transactions on neural networks and learning systems},
  year={2023},
  publisher={IEEE}
}
@inproceedings{pan2023prem,
  title={PREM: A Simple Yet Effective Approach for Node-Level Graph Anomaly Detection},
  author={Pan, Junjun and Liu, Yixin and Zheng, Yizhen and Pan, Shirui},
  booktitle={2023 IEEE International Conference on Data Mining (ICDM)},
  pages={1253--1258},
  year={2023},
  organization={IEEE}
}
@article{zheng2022graph,
  title={Graph neural networks for graphs with heterophily: A survey},
  author={Zheng, Xin and Wang, Yi and Liu, Yixin and Li, Ming and Zhang, Miao and Jin, Di and Yu, Philip S and Pan, Shirui},
  journal={arXiv preprint arXiv:2202.07082},
  year={2022}
}
@inproceedings{he2024ada,
  title={ADA-GAD: Anomaly-Denoised Autoencoders for Graph Anomaly Detection},
  author={He, Junwei and Xu, Qianqian and Jiang, Yangbangyan and Wang, Zitai and Huang, Qingming},
  booktitle={Proceedings of the AAAI Conference on Artificial Intelligence},
  volume={38},
  pages={8481--8489},
  year={2024}
}
@inproceedings{qiao2024truncated,
  title={Truncated affinity maximization: One-class homophily modeling for graph anomaly detection},
  author={Qiao, Hezhe and Pang, Guansong},
  booktitle={Advances in Neural Information Processing Systems},
  volume={36},
  year={2024}
}
@inproceedings{chen2024boosting,
    title={Boosting Graph Anomaly Detection with Adaptive Message Passing},
    author={Jingyan Chen and Guanghui Zhu and Chunfeng Yuan and Yihua Huang},
    booktitle={The Twelfth International Conference on Learning Representations},
    year={2024},
    url={https://openreview.net/forum?id=CanomFZssu}
}

@article{GLOD,
  author       = {Lingxiao Zhao and
                  Leman Akoglu},
  title        = {On Using Classification Datasets to Evaluate Graph Outlier Detection:
                  Peculiar Observations and New Insights},
  journal      = {CoRR},
  volume       = {abs/2012.12931},
  year         = {2020},
  url          = {https://arxiv.org/abs/2012.12931},
  eprinttype    = {arXiv},
  eprint       = {2012.12931},
  timestamp    = {Tue, 05 Jan 2021 16:02:31 +0100},
  biburl       = {https://dblp.org/rec/journals/corr/abs-2012-12931.bib},
  bibsource    = {dblp computer science bibliography, https://dblp.org}
}
@inproceedings{yuan2023muse,
  title={MUSE: Multi-View Contrastive Learning for Heterophilic Graphs},
  author={Yuan, Mengyi and Chen, Minjie and Li, Xiang},
  booktitle={Proceedings of the 32nd ACM International Conference on Information and Knowledge Management},
  pages={3094--3103},
  year={2023}
}


@inproceedings{he2023contrastive,
  title={Contrastive learning meets homophily: two birds with one stone},
  author={He, Dongxiao and Zhao, Jitao and Guo, Rui and Feng, Zhiyong and Jin, Di and Huang, Yuxiao and Wang, Zhen and Zhang, Weixiong},
  booktitle={International Conference on Machine Learning},
  pages={12775--12789},
  year={2023},
  organization={PMLR}
}

@article{platonov2024characterizing,
  title={Characterizing graph datasets for node classification: Homophily-heterophily dichotomy and beyond},
  author={Platonov, Oleg and Kuznedelev, Denis and Babenko, Artem and Prokhorenkova, Liudmila},
  journal={Advances in Neural Information Processing Systems},
  volume={36},
  year={2024}
}
@article{zhang2023temporal,
  title={Temporal burstiness and collaborative camouflage aware fraud detection},
  author={Zhang, Zheng and Wan, Jun and Zhou, Mingyang and Lai, Zhihui and Tessone, Claudio J and Chen, Guoliang and Liao, Hao},
  journal={Information Processing \& Management},
  volume={60},
  number={2},
  pages={103170},
  year={2023},
  publisher={Elsevier}
}
@inproceedings{burges2005learning,
  title={Learning to rank using gradient descent},
  author={Burges, Chris and Shaked, Tal and Renshaw, Erin and Lazier, Ari and Deeds, Matt and Hamilton, Nicole and Hullender, Greg},
  booktitle={Proceedings of the 22nd international conference on Machine learning},
  pages={89--96},
  year={2005}
}

@inproceedings{zhang2019your,
  title={Be your own teacher: Improve the performance of convolutional neural networks via self distillation},
  author={Zhang, Linfeng and Song, Jiebo and Gao, Anni and Chen, Jingwei and Bao, Chenglong and Ma, Kaisheng},
  booktitle={Proceedings of the IEEE/CVF international conference on computer vision},
  pages={3713--3722},
  year={2019}
}

@inproceedings{xu2022contrastive,
  title={Contrastive attributed network anomaly detection with data augmentation},
  author={Xu, Zhiming and Huang, Xiao and Zhao, Yue and Dong, Yushun and Li, Jundong},
  booktitle={Pacific-Asia conference on knowledge discovery and data mining},
  pages={444--457},
  year={2022},
  organization={Springer}
}
@inproceedings{kumar2019predicting,
  title={Predicting dynamic embedding trajectory in temporal interaction networks},
  author={Kumar, Srijan and Zhang, Xikun and Leskovec, Jure},
  booktitle={Proceedings of the 25th ACM SIGKDD international conference on knowledge discovery \& data mining},
  pages={1269--1278},
  year={2019}
}
@inproceedings{mcauley2013amateurs,
  title={From amateurs to connoisseurs: modeling the evolution of user expertise through online reviews},
  author={McAuley, Julian John and Leskovec, Jure},
  booktitle={Proceedings of the 22nd international conference on World Wide Web},
  pages={897--908},
  year={2013}
}
@inproceedings{rayana2015collective,
  title={Collective opinion spam detection: Bridging review networks and metadata},
  author={Rayana, Shebuti and Akoglu, Leman},
  booktitle={Proceedings of the 21th acm sigkdd international conference on knowledge discovery and data mining},
  pages={985--994},
  year={2015}
}
@inproceedings{tang2023gadbench,
 author = {Tang, Jianheng and Hua, Fengrui and Gao, Ziqi and Zhao, Peilin and Li, Jia},
 booktitle = {Advances in Neural Information Processing Systems},
 pages = {29628--29653},
 title = {GADBench: Revisiting and Benchmarking Supervised Graph Anomaly Detection},
 url = {https://proceedings.neurips.cc/paper_files/paper/2023/file/5eaafd67434a4cfb1cf829722c65f184-Paper-Datasets_and_Benchmarks.pdf},
 volume = {36},
 year = {2023}
}

@article{sehwag2021ssd,
  title={Ssd: A unified framework for self-supervised outlier detection},
  author={Sehwag, Vikash and Chiang, Mung and Mittal, Prateek},
  journal={arXiv preprint arXiv:2103.12051},
  year={2021}
}
@inproceedings{zhu2022does,
  title={How does heterophily impact the robustness of graph neural networks? Theoretical connections and practical implications},
  author={Zhu, Jiong and Jin, Junchen and Loveland, Donald and Schaub, Michael T and Koutra, Danai},
  booktitle={Proceedings of the 28th ACM SIGKDD Conference on Knowledge Discovery and Data Mining},
  pages={2637--2647},
  year={2022}
}
@article{cai2020note,
  title={A note on over-smoothing for graph neural networks},
  author={Cai, Chen and Wang, Yusu},
  journal={arXiv preprint arXiv:2006.13318},
  year={2020}
}
@article{ma2021comprehensive,
  title={A comprehensive survey on graph anomaly detection with deep learning},
  author={Ma, Xiaoxiao and Wu, Jia and Xue, Shan and Yang, Jian and Zhou, Chuan and Sheng, Quan Z and Xiong, Hui and Akoglu, Leman},
  journal={IEEE Transactions on Knowledge and Data Engineering},
  volume={35},
  number={12},
  pages={12012--12038},
  year={2021},
  publisher={IEEE}
}
@inproceedings{gu2024three,
  title={Three Revisits to Node-Level Graph Anomaly Detection: Outliers, Message Passing and Hyperbolic Neural Networks},
  author={Gu, Jing and Zou, Dongmian},
  booktitle={Learning on Graphs Conference},
  pages={14--1},
  year={2024},
  organization={PMLR}
}

@inproceedings{zhong2020financial,
  title={Financial defaulter detection on online credit payment via multi-view attributed heterogeneous information network},
  author={Zhong, Qiwei and Liu, Yang and Ao, Xiang and Hu, Binbin and Feng, Jinghua and Tang, Jiayu and He, Qing},
  booktitle={Proceedings of the web conference 2020},
  pages={785--795},
  year={2020}
}


@article{yang2021diverse,
  title={Diverse message passing for attribute with heterophily},
  author={Yang, Liang and Li, Mengzhe and Liu, Liyang and Wang, Chuan and Cao, Xiaochun and Guo, Yuanfang and others},
  journal={Advances in Neural Information Processing Systems},
  volume={34},
  pages={4751--4763},
  year={2021}
}

@inproceedings{liu2024self,
  title={Self-supervision improves diffusion models for tabular data imputation},
  author={Liu, Yixin and Ajanthan, Thalaiyasingam and Husain, Hisham and Nguyen, Vu},
  booktitle={Proceedings of the 33rd ACM International Conference on Information and Knowledge Management},
  year={2024}
}

@inproceedings{liu2024arc,
  title={ARC: A Generalist Graph Anomaly Detector with In-Context Learning},
  author={Liu, Yixin and Li, Shiyuan and Zheng, Yu and Chen, Qingfeng and Zhang, Chengqi and Pan, Shirui},
  booktitle={Advances in Neural Information Processing Systems},
  year={2024}
}

@inproceedings{wang2024unifying,
  title={Unifying Unsupervised Graph-Level Anomaly Detection and Out-of-Distribution Detection: A Benchmark},
  author={Wang, Yili and Liu, Yixin and Shen, Xu and Li, Chenyu and Ding, Kaize and Miao, Rui and Wang, Ying and Pan, Shirui and Wang, Xin},
  booktitle={International Conference on Learning Representations},
  year={2025}
}

@inproceedings{li2024noise,
  title={Noise-Resilient Unsupervised Graph Representation Learning via Multi-Hop Feature Quality Estimation},
  author={Li, Shiyuan and Liu, Yixin and Chen, Qingfeng and Webb, Geoffrey I and Pan, Shirui},
  booktitle={Proceedings of the 33rd ACM International Conference on Information and Knowledge Management},
  year={2024}
}

@article{li2022cyclic,
  title={Cyclic label propagation for graph semi-supervised learning},
  author={Li, Zhao and Liu, Yixin and Zhang, Zhen and Pan, Shirui and Gao, Jianliang and Bu, Jiajun},
  journal={World Wide Web},
  volume={25},
  number={2},
  pages={703--721},
  year={2022},
  publisher={Springer}
}

@inproceedings{cai2024lgfgad,
  author = {Cai, Jinyu and Zhang, Yunhe and Fan, Jicong and Ng, See-Kiong},
  title = {LG-FGAD: An Effective Federated Graph Anomaly Detection Framework},
  booktitle = {Proceedings of the International Joint Conference on Artificial Intelligence},
  year = {2024},
}

@inproceedings{zhang2024deep,
  title = {Deep Orthogonal Hypersphere Compression for Anomaly Detection},
  author = {Zhang, Yunhe and Sun, Yan and Cai, Jinyu and Fan, Jicong},
  booktitle = {Proceedings of the Twelfth International Conference on Learning Representations},
  year = {2024},
}

@inproceedings{cai2022plad,
  author = {Cai, Jinyu and Fan, Jicong},
  title = {Perturbation learning based anomaly detection},
  booktitle = {Advances in Neural Information Processing Systems},
  pages = {14317--14330},
  year = {2022},
}

@inproceedings{liu2023beyond,
  title={Beyond smoothing: Unsupervised graph representation learning with edge heterophily discriminating},
  author={Liu, Yixin and Zheng, Yizhen and Zhang, Daokun and Lee, Vincent CS and Pan, Shirui},
  booktitle={Proceedings of the AAAI conference on artificial intelligence},
  volume={37},
  number={4},
  pages={4516--4524},
  year={2023}
}

@article{liu2024towards,
  title={Towards self-interpretable graph-level anomaly detection},
  author={Liu, Yixin and Ding, Kaize and Lu, Qinghua and Li, Fuyi and Zhang, Leo Yu and Pan, Shirui},
  journal={Advances in Neural Information Processing Systems},
  volume={36},
  year={2023}
}

@article{pan2024integrating,
  title={Integrating graphs with large language models: Methods and prospects},
  author={Pan, Shirui and Zheng, Yizhen and Liu, Yixin},
  journal={IEEE Intelligent Systems},
  volume={39},
  number={1},
  pages={64--68},
  year={2024},
  publisher={IEEE}
}

@inproceedings{zhengonline,
  title={Online GNN Evaluation Under Test-time Graph Distribution Shifts},
  author={Zheng, Xin and Song, Dongjin and Wen, Qingsong and Du, Bo and Pan, Shirui},
  booktitle={The Twelfth International Conference on Learning Representations},
year={2024}
}

@article{zheng2024gnnevaluator,
  title={Gnnevaluator: Evaluating gnn performance on unseen graphs without labels},
  author={Zheng, Xin and Zhang, Miao and Chen, Chunyang and Molaei, Soheila and Zhou, Chuan and Pan, Shirui},
  journal={Advances in Neural Information Processing Systems},
  volume={36},
  year={2024}
}

@article{zheng2023towards,
  title={Towards data-centric graph machine learning: Review and outlook},
  author={Zheng, Xin and Liu, Yixin and Bao, Zhifeng and Fang, Meng and Hu, Xia and Liew, Alan Wee-Chung and Pan, Shirui},
  journal={arXiv preprint arXiv:2309.10979},
  year={2023}
}

@article{zheng2024structure,
  title={Structure-free graph condensation: From large-scale graphs to condensed graph-free data},
  author={Zheng, Xin and Zhang, Miao and Chen, Chunyang and Nguyen, Quoc Viet Hung and Zhu, Xingquan and Pan, Shirui},
  journal={Advances in Neural Information Processing Systems},
  volume={36},
  year={2024}
}

@inproceedings{xu2024revisiting,
  title={Revisiting graph-based fraud detection in sight of heterophily and spectrum},
  author={Xu, Fan and Wang, Nan and Wu, Hao and Wen, Xuezhi and Zhao, Xibin and Wan, Hai},
  booktitle={Proceedings of the AAAI Conference on Artificial Intelligence},
  volume={38},
  pages={9214--9222},
  year={2024}
}