@inproceedings{Anwar20:should,
author = {Anwar, Hina and Demirer, Berker and Pfahl, Dietmar and Srirama, Satish},
title = {{Should Energy Consumption Influence the Choice of Android Third-Party HTTP Libraries?}},
year = {2020},
booktitle = {Proc. of IEEE/ACM MOBILESoft '20},
pages = {87–97},
}

@INPROCEEDINGS{Baliga2007:energy,
  author={Baliga, Jayant and Hinton, Kerry and Tucker, Rodney S.},
  booktitle={Proc. of COIN-ACOFT 2007}, 
  title={{Energy Consumption of the Internet}}, 
  year={2007},
  pages={1-3},}

@article{Barford99:performance,
author = {Barford, Paul and Crovella, Mark},
title = {{A Performance Evaluation of Hyper Text Transfer Protocols}},
year = {1999},
volume = {27},
number = {1},
journal = {SIGMETRICS Perform. Eval. Rev.},
pages = {188–197},
}

@ARTICLE{Brand2020:adaptive,
  author={P. {Brand} and J. {Falk} and J. {Ah Sue} and J. {Brendel} and R. {Hasholzner} and J. {Teich}},
  journal={IEEE Trans. Mob. Comput.}, 
  title={{Adaptive Predictive Power Management for Mobile LTE Devices}}, 
  year={2021},
  volume={20},
  number={8},
  pages={2518-2535},
}

@article{Caiazza2022:edge,
	author = {Chiara Caiazza and Silvia Giordano and Valerio Luconi and Alessio Vecchio},
	journal = {Comput. Commun.},
	pages = {213-225},
	title = {{Edge computing vs centralized cloud: Impact of communication latency on the energy consumption of LTE terminal nodes}},
	volume = {194},
	year = {2022},
}

@inproceedings{Caiazza2022:saving,
author = {Caiazza, Chiara and Luconi, Valerio and Vecchio, Alessio},
title = {{Saving Energy on Smartphones through Edge Computing: An Experimental Evaluation}},
year = {2022},
booktitle = {Proc. of NET4us '22},
pages = {20–25}
}

@Article{Cengiz2015:review,
author={Cengiz, Korhan and Dag, Tamer},
title={{A review on the recent energy-efficient approaches for the Internet protocol stack}},
journal={Eurasip J. Wirel. Commun. Netw.},
year={2015},
volume={2015},
number={1},
pages={108},
}

@article{Chen2015:smartphone,
author = {Chen, Xiaomeng and Ding, Ning and Jindal, Abhilash and Hu, Y. Charlie and Gupta, Maruti and Vannithamby, Rath},
title = {{Smartphone Energy Drain in the Wild: Analysis and Implications}},
year = {2015},
volume = {43},
number = {1},
journal = {ACM SIGMETRICS Perform. Eval. Rev.},
pages = {151–164},
}

@INPROCEEDINGS{Dubec2023:performance,
  author={Dubec, Jakub and Balažia, Ján and Čičák, Pavel},
  booktitle={Proc. of TSP '23'}, 
  title={{Performance evaluation of the HTTP/3 client implementations}}, 
  year={2023},
  pages={260-263}}

@inproceedings{Haile2022:performance,
author = {Haile, Habtegebreil and Grinnemo, Karl-Johan and Ferlin, Simone and Hurtig, Per and Brunstrom, Anna},
title = {{Performance of QUIC Congestion Control Algorithms in 5G Networks}},
year = {2022},
booktitle = {Proc. of the ACM SIGCOMM 5g-MeMU '22},
pages = {15–21},
}

@inproceedings{Hu2016:quantifying,
author = {Hu, Wenlu and Gao, Ying and Ha, Kiryong and Wang, Junjue and Amos, Brandon and Chen, Zhuo and Pillai, Padmanabhan and Satyanarayanan, Mahadev},
title = {{Quantifying the Impact of Edge Computing on Mobile Applications}},
year = {2016},
booktitle = {Proc. of ACM SIGOPS APSys '16},
articleno = {5},
}

@inproceedings{Huang2012:close,
author = {Huang, Junxian and Qian, Feng and Gerber, Alexandre and Mao, Z. Morley and Sen, Subhabrata and Spatscheck, Oliver},
title = {{A Close Examination of Performance and Power Characteristics of 4G LTE Networks}},
year = {2012},
booktitle = {Proc. of ACM MobiSys '12},
pages = {225–238}
}

@Article{Katal22:energy,
author={Katal, Avita
and Dahiya, Susheela
and Choudhury, Tanupriya},
title={{Energy efficiency in cloud computing data centers: a survey on software technologies}},
journal={Cluster Comput.},
year={2022},
}

@INPROCEEDINGS{Li14:empirical,
  author={Li, Ding and Hao, Shuai and Gui, Jiaping and Halfond, William G.J.},
  booktitle={Proc. of IEEE 2014 IEEE ICSME '14}, 
  title={{An Empirical Study of the Energy Consumption of Android Applications}}, 
  year={2014},
  pages={121-130},}

@inproceedings{Li15:optimizing,
author = {Li, Ding and Halfond, William G. J.},
title = {{Optimizing Energy of HTTP Requests in Android Applications}},
year = {2015},
booktitle = {Proc. of DeMobile '15},
pages = {25–28},
}

@INPROCEEDINGS{Li16:automated,
  author={Li, Ding and Lyu, Yingjun and Gui, Jiaping and Halfond, William G. J.},
  booktitle={Proc. of IEEE/ACM ICSE '16}, 
  title={{Automated Energy Optimization of HTTP Requests for Mobile Applications}}, 
  year={2016},
  pages={249-260}}

@inproceedings{Marx20:same,
author = {Marx, Robin and Herbots, Joris and Lamotte, Wim and Quax, Peter},
title = {{Same Standards, Different Decisions: A Study of QUIC and HTTP/3 Implementation Diversity}},
year = {2020},
booktitle = {Proc. of EQIP '20},
pages = {14–20},
numpages = {7},
}

@Article{Mehmood2019:power,
AUTHOR = {Mehmood, Yasir and Zhang, Lei and Förster, Anna},
TITLE = {{Power Consumption Modeling of Discontinuous Reception for Cellular Machine Type Communications}},
JOURNAL = {Sensors},
VOLUME = {19},
YEAR = {2019},
NUMBER = {3},
}

@inproceedings{Mishra2022:understanding,
author = {Mishra, Ayush and Lim, Sherman and Leong, Ben},
title = {{Understanding Speciation in QUIC Congestion Control}},
year = {2022},
booktitle = {Proc. of ACM SIGCOMM IMC '22},
pages = {560–566}
}

@INPROCEEDINGS{Moulay2021:experimental,
  author={Moulay, Mohamed and Muñoz, Fernando Díez and Mancuso, Vincenzo},
  booktitle={Proc. of MedComNet '21'}, 
  title={{On the Experimental Assessment of QUIC and Congestion Control Schemes in Cellular Networks}}, 
  year={2021},
  pages={1-8}}

@article{Pei2020:energy,
author = {Pei, Yongsheng and Peng, Zhangyou and Wang, Zhenling and Wang, Haojia},
title = {{Energy-Efficient Mobile Edge Computing: Three-Tier Computing under Heterogeneous Networks}},
year = {2020},
volume = {2020},
journal = {Wirel. Commun. Mob. Comput.}
}

@article{Perna22:first,
title = {{A first look at HTTP/3 adoption and performance}},
journal = {Comput. Commun.},
volume = {187},
pages = {115-124},
year = {2022},
author = {Gianluca Perna and Martino Trevisan and Danilo Giordano and Idilio Drago}
}

@Article{Rahimi14:mobile,
author={Rahimi, M. Reza
and Ren, Jian
and Liu, Chi Harold
and Vasilakos, Athanasios V.
and Venkatasubramanian, Nalini},
title={{Mobile Cloud Computing: A Survey, State of Art and Future Directions}},
journal={Mob. Netw. Appl.},
year={2014},
volume={19},
number={2},
pages={133-143}
}

@article{SHAHRYARI2021101395,
	author = {Om-Kolsoom Shahryari and Hossein Pedram and Vahid Khajehvand and Mehdi Dehghan TakhtFooladi},
	journal = {Pervasive Mob. Comput.},
	pages = {101395},
	title = {{Energy and task completion time trade-off for task offloading in fog-enabled IoT networks}},
	volume = {74},
	year = {2021},
	}

@INPROCEEDINGS{Saif21:early,
  author={Saif, Darius and Lung, Chung-Horng and Matrawy, Ashraf},
  booktitle={Proc. of IEEE ICC '21}, 
  title={{An Early Benchmark of Quality of Experience Between HTTP/2 and HTTP/3 using Lighthouse}}, 
  year={2021},
  pages={1-6}}

@ARTICLE{Shreedhar2022:evaluating,
  author={Shreedhar, Tanya and Panda, Rohit and Podanev, Sergey and Bajpai, Vaibhav},
  journal={IEEE Trans. Netw. Service Manag.}, 
  title={{Evaluating QUIC Performance Over Web, Cloud Storage, and Video Workloads}}, 
  year={2022},
  volume={19},
  number={2},
  pages={1366-1381}}

@article{TEREFE201675,
	author = {Mati B. Terefe and Heezin Lee and Nojung Heo and Geoffrey C. Fox and Sangyoon Oh},
	journal = {Pervasive Mob. Comput.},
	pages = {75-89},
	title = {{Energy-efficient multisite offloading policy using Markov decision process for mobile cloud computing}},
	volume = {27},
	year = {2016}}

@ARTICLE{Tseng2016:delay,
  author={C. {Tseng} and H. {Wang} and F. {Kuo} and K. {Ting} and H. {Chen} and G. {Chen}},
  journal={IEEE Trans. Veh. Technol.}, 
  title={{Delay and Power Consumption in LTE/LTE-A DRX Mechanism With Mixed Short and Long Cycles}}, 
  year={2016},
  volume={65},
  number={3},
  pages={1721-1734},
}

@inproceedings{Yu21:dissecting,
author = {Yu, Alexander and Benson, Theophilus A.},
title = {{Dissecting Performance of Production QUIC}},
year = {2021},
booktitle = {Proc. of the Web Conference 2021},
pages = {1157–1168},
series = {WWW '21}
}

@ARTICLE{Zahed2020:green,  
  author={Zahed, M. Ishtiaque A. and Ahmad, Iftekhar and Habibi, Daryoush and Phung, Quoc Viet},  
  journal={IEEE Access},   
  title={{Green and Secure Computation Offloading for Cache-Enabled IoT Networks}},
  year={2020},  
  volume={8},
  pages={63840-63855}
}

@inproceedings{Zhang2016:profiling,
author = {Zhang, Jingyu and Fang, Gan and Peng, Chunyi and Guo, Minyi and Wei, Sheng and Swaminathan, Viswanathan},
title = {{Profiling Energy Consumption of DASH Video Streaming over 4G LTE Networks}},
year = {2016},
booktitle = {Proc. of MoVid '16},
articleno = {3},
numpages = {6}
}

@ARTICLE{Zhang2018:energy,
  author={J. {Zhang} and X. {Hu} and Z. {Ning} and E. C. -. {Ngai} and L. {Zhou} and J. {Wei} and J. {Cheng} and B. {Hu}},
  journal={IEEE Internet Things J.}, 
  title={{Energy-Latency Tradeoff for Energy-Aware Offloading in Mobile Edge Computing Networks}}, 
  year={2018},
  volume={5},
  number={4},
  pages={2633-2645}
}

@Article{Zorzi2001:energy,
author={Zorzi, Michele and Rao, Ramesh R.},
title={{Energy Efficiency of TCP in a Local Wireless Environment}},
journal={Mob. Netw. Appl.},
year={2001},
volume={6},
number={3},
pages={265-278}
}

