
@inproceedings{46403,
author = {Langley, Adam and Riddoch, Alistair and Wilk, Alyssa and Vicente, Antonio and Krasic, Charles and Zhang, Dan and Yang, Fan and Kouranov, Fedor and Swett, Ian and Iyengar, Janardhan and Bailey, Jeff and Dorfman, Jeremy and Roskind, Jim and Kulik, Joanna and Westin, Patrik and Tenneti, Raman and Shade, Robbie and Hamilton, Ryan and Vasiliev, Victor and Chang, Wan-Teh and Shi, Zhongyi},
title = {{The QUIC Transport Protocol: Design and Internet-Scale Deployment}},
year = {2017},
booktitle = {Proc. of ACM SIGCOMM '17},
pages = {183–196}
}


@article{TEREFE201675,
	author = {Mati B. Terefe and Heezin Lee and Nojung Heo and Geoffrey C. Fox and Sangyoon Oh},
	journal = {Pervasive Mob. Comput.},
	pages = {75-89},
	title = {{Energy-efficient multisite offloading policy using Markov decision process for mobile cloud computing}},
	volume = {27},
	year = {2016}}


@article{SHAHRYARI2021101395,
	author = {Om-Kolsoom Shahryari and Hossein Pedram and Vahid Khajehvand and Mehdi Dehghan TakhtFooladi},
	journal = {Pervasive Mob. Comput.},
	pages = {101395},
	title = {{Energy and task completion time trade-off for task offloading in fog-enabled IoT networks}},
	volume = {74},
	year = {2021},
	}




@inproceedings{saif2021apure,
  title={{A Pure HTTP/3 Alternative to MQTT-over-QUIC in Resource-Constrained IoT}},
  author={Saif, Darius and Matrawy, Ashraf},
  booktitle={2021 IEEE Conference on Standards for Communications and Networking (CSCN)},
  pages={36--39},
  year={2021},
  doi={10.1109/CSCN53733.2021.9686113}
}

@article{erol2018caching,
  title={{Caching and computing at the edge for mobile augmented reality and virtual reality (AR/VR) in 5G}},
  author={Erol-Kantarci, Melike and Sukhmani, Sukhmani},
  journal={Ad Hoc Netw.},
  pages={169--177},
  year={2018}
}

@ARTICLE{8467992,  author={Tran, Tuyen X. and Pompili, Dario},  journal={IEEE Trans. Mob. Comput.},   title={{Adaptive Bitrate Video Caching and Processing in Mobile-Edge Computing Networks}},   year={2019},  volume={18},  number={9},  pages={1965-1978},}

@ARTICLE{7574435,  author={Sabella, Dario and Vaillant, Alessandro and Kuure, Pekka and Rauschenbach, Uwe and Giust, Fabio},  journal={IEEE Consum. Electron. Mag.},   title={{Mobile-Edge Computing Architecture: The role of MEC in the Internet of Things}},   year={2016},  volume={5},  number={4},  pages={84-91},}

@article{giust2018mec,
  title={{MEC deployments in 4G and evolution towards 5G}},
  author={Giust, Fabio and Verin, Gianluca and Antevski, Kiril and Chou, Joey and Fang, Yonggang and Featherstone, Walter and Fontes, Francisco and Frydman, Danny and Li, Alice and Manzalini, Antonio and others},
  journal={ETSI White paper},
  volume={24},
  number={2018},
  pages={1--24},
  year={2018}
}

@misc{http3,
  title = "{HTTP/3, RFC 9114}",
  author = {{M. Bishop, Ed.}},
  howpublished = "\url{https://www.rfc-editor.org/info/rfc9114}",
  year = "2022",
}
@misc{otii,
  title = "Otii Arc",
  howpublished = "\url{https://www.qoitech.com/otii-arc/}",
  note = {Accessed: June 2023}
}

@misc{httparchive,
  title = "{Web Almanac HTTP Archive’s annual state of the web report}",
  howpublished = "\url{https://almanac.httparchive.org/en/2022/http}",
  note = {Accessed: June 2023}
}

@misc{otii-capacitor,
 title={{How to measure smartphone energy consumption}},
 note = {Accessed: June 2023},
 howpublished = {\url{https://www.qoitech.com/blog/how-to-measure-smartphone-energy-consumption}}
}

@misc{cloudflare-worker,
  title = "{Cloudflare Workers home page}",
  howpublished = "\url{https://workers.cloudflare.com/}",
  note = {Accessed: June 2023}
}
@misc{clouflare-facility,
  title = "{The Cloudflare global network}",
  howpublished = "\url{https://www.cloudflare.com/network/}",
  note = {Accessed: June 2023}
}
@misc{LTEantenna,
  title = "{Waveshare - SIM7600G-H 4G HAT (B)}",
  howpublished = "\url{https://www.waveshare.com/sim7600g-h-4g-hat-b.htm}",
  note = {Accessed: June 2023}
}
@misc{nghttp2,
  title = "{nghttp2 - HTTP/2 C Library and tools - GitHub}",
  howpublished = "\url{https://github.com/nghttp2/nghttp2}",
  note = {Accessed: June 2023}
}
@misc{ngtcp,
  title = "{ngtcp2 project - GitHub}",
  howpublished = "\url{https://github.com/ngtcp2/ngtcp2}",
  note = {Accessed: June 2023}
}
@misc{nghttp3,
  title = "{HTTP/3 library written in C - GitHub}",
  howpublished = "\url{https://github.com/ngtcp2/nghttp3}",
  note = {Accessed: June 2023}
}

@misc{curl,
  key = {Curl},
  title = {{Curl. Command line tool and library for transferring data with URLs (since 1998)}},
  howpublished = {\url{https://curl.se/}},
  note = {Accessed: June 2023}
}

@misc{caddy,
  title = {Caddy server},
  howpublished = {\url{https://caddyserver.com}},
  note = {Accessed: June 2023}
}


@misc{google,
  key = {Google GCS},
  title = {{Google Cloud Storage service}},
  howpublished = {\url{https://cloud.google.com/}},
  note = {Accessed: June 2023}
}

@INPROCEEDINGS{6629847,
  author={Nikaein, Navid and Laner, Markus and Zhou, Kaijie and Svoboda, Philipp and Drajic, Dejan and Popovic, Milica and Krco, Srdjan},
  booktitle={Proc. of ISWCS '13}, 
  title={{Simple Traffic Modeling Framework for Machine Type Communication}}, 
  year={2013},
  pages={1-5},}

@article{Caiazza2022:edge,
	author = {Chiara Caiazza and Silvia Giordano and Valerio Luconi and Alessio Vecchio},
	journal = {Comput. Commun.},
	pages = {213-225},
	title = {{Edge computing vs centralized cloud: Impact of communication latency on the energy consumption of LTE terminal nodes}},
	volume = {194},
	year = {2022},
}


@article{Chen2015:smartphone,
author = {Chen, Xiaomeng and Ding, Ning and Jindal, Abhilash and Hu, Y. Charlie and Gupta, Maruti and Vannithamby, Rath},
title = {{Smartphone Energy Drain in the Wild: Analysis and Implications}},
year = {2015},
volume = {43},
number = {1},
journal = {ACM SIGMETRICS Perform. Eval. Rev.},
pages = {151–164},
}

@inproceedings{Huang2012:close,
author = {Huang, Junxian and Qian, Feng and Gerber, Alexandre and Mao, Z. Morley and Sen, Subhabrata and Spatscheck, Oliver},
title = {{A Close Examination of Performance and Power Characteristics of 4G LTE Networks}},
year = {2012},
booktitle = {Proc. of ACM MobiSys '12},
pages = {225–238}
}

@ARTICLE{Tseng2016:delay,
  author={C. {Tseng} and H. {Wang} and F. {Kuo} and K. {Ting} and H. {Chen} and G. {Chen}},
  journal={IEEE Trans. Veh. Technol.}, 
  title={{Delay and Power Consumption in LTE/LTE-A DRX Mechanism With Mixed Short and Long Cycles}}, 
  year={2016},
  volume={65},
  number={3},
  pages={1721-1734},
}

@INPROCEEDINGS{Zhou2008:performance,
  author={L. {Zhou} and H. {Xu} and H. {Tian} and Y. {Gao} and L. {Du} and L. {Chen}},
  booktitle={Proc. of IEEE VTC '08}, 
  title={{Performance Analysis of Power Saving Mechanism with Adjustable DRX Cycles in 3GPP LTE}}, 
  year={2008},
  pages={1-5},
}

@Article{Mehmood2019:power,
AUTHOR = {Mehmood, Yasir and Zhang, Lei and Förster, Anna},
TITLE = {{Power Consumption Modeling of Discontinuous Reception for Cellular Machine Type Communications}},
JOURNAL = {Sensors},
VOLUME = {19},
YEAR = {2019},
NUMBER = {3},
}

@ARTICLE{Brand2020:adaptive,
  author={P. {Brand} and J. {Falk} and J. {Ah Sue} and J. {Brendel} and R. {Hasholzner} and J. {Teich}},
  journal={IEEE Trans. Mob. Comput.}, 
  title={{Adaptive Predictive Power Management for Mobile LTE Devices}}, 
  year={2021},
  volume={20},
  number={8},
  pages={2518-2535},
}

@ARTICLE{Hao2019:integrating,  
  author={Hao, Peng and Wang, Xianbin},  
  journal={IEEE Trans. Signal Inf. Process. Netw},
  title={{Integrating PHY Security Into NDN-IoT Networks By Exploiting MEC: Authentication Efficiency, Robustness, and Accuracy Enhancement}},   
  year={2019},  
  volume={5},  
  number={4},  
  pages={792-806}
}

@article{Ray2019:edge,
	author = {Partha Pratim Ray and Dinesh Dash and Debashis De},
	journal = {J. Netw. Comput. Appl.},
	pages = {1-22},
	title = {{Edge computing for Internet of Things: A survey, e-healthcare case study and future direction}},
	volume = {140},
	year = {2019}
}

@article{Peng2019:energy,
	author = {Peng, Kai and Zhu, Maosheng and Zhang, Yiwen and Liu, Lingxia and Zhang, Jie and Leung, Victor C. M. and Zheng, Lixin},
	journal = {J. Wireless Com. Network.},
	number = {207},
	title = {{An energy- and cost-aware computation offloading method for workflow applications in mobile edge computing}},
	volume = {2019},
	year = {2019}
}

@ARTICLE{Zahed2020:green,  
  author={Zahed, M. Ishtiaque A. and Ahmad, Iftekhar and Habibi, Daryoush and Phung, Quoc Viet},  
  journal={IEEE Access},   
  title={{Green and Secure Computation Offloading for Cache-Enabled IoT Networks}},
  year={2020},  
  volume={8},
  pages={63840-63855}
}

@ARTICLE {Sarkar2018:assessment,
author = {S. Sarkar and S. Chatterjee and S. Misra},
journal = {IEEE Trans. Cloud Comput.},
title = {{Assessment of the Suitability of Fog Computing in the Context of Internet of Things}},
year = {2018},
volume = {6},
number = {01},
issn = {2168-7161},
pages = {46-59}
}

@article{Pei2020:energy,
author = {Pei, Yongsheng and Peng, Zhangyou and Wang, Zhenling and Wang, Haojia},
title = {{Energy-Efficient Mobile Edge Computing: Three-Tier Computing under Heterogeneous Networks}},
year = {2020},
volume = {2020},
journal = {Wirel. Commun. Mob. Comput.}
}

@ARTICLE{Zhang2018:energy,
  author={J. {Zhang} and X. {Hu} and Z. {Ning} and E. C. -. {Ngai} and L. {Zhou} and J. {Wei} and J. {Cheng} and B. {Hu}},
  journal={IEEE Internet Things J.}, 
  title={{Energy-Latency Tradeoff for Energy-Aware Offloading in Mobile Edge Computing Networks}}, 
  year={2018},
  volume={5},
  number={4},
  pages={2633-2645}
}

@article{Mazouzi2019:maximizing,
title = {{Maximizing mobiles energy saving through tasks optimal offloading placement in two-tier cloud: A theoretical and an experimental study}},
journal = {Comput. Commun.},
volume = {144},
pages = {132-148},
year = {2019},
author = {Houssemeddine Mazouzi and Khaled Boussetta and Nadjib Achir},
}

@article{Li2021:cooperative,
title = {{A cooperative resource allocation model for IoT applications in mobile edge computing}},
journal = {Comput. Commun.},
volume = {173},
pages = {183-191},
year = {2021},
author = {Xianwei Li and Liang Zhao and Keping Yu and Moayad Aloqaily and Yaser Jararweh}
}

@article{Jiang2020:energy,
title = {{Energy aware edge computing: A survey}},
journal = {Comput. Commun.},
volume = {151},
pages = {556-580},
year = {2020},
author = {Congfeng Jiang and Tiantian Fan and Honghao Gao and Weisong Shi and Liangkai Liu and Christophe Cérin and Jian Wan}
}

@inproceedings{Hu2016:quantifying,
author = {Hu, Wenlu and Gao, Ying and Ha, Kiryong and Wang, Junjue and Amos, Brandon and Chen, Zhuo and Pillai, Padmanabhan and Satyanarayanan, Mahadev},
title = {{Quantifying the Impact of Edge Computing on Mobile Applications}},
year = {2016},
booktitle = {Proc. of ACM SIGOPS APSys '16},
articleno = {5},
}

@inproceedings{Caiazza2022:saving,
author = {Caiazza, Chiara and Luconi, Valerio and Vecchio, Alessio},
title = {{Saving Energy on Smartphones through Edge Computing: An Experimental Evaluation}},
year = {2022},
booktitle = {Proc. of NET4us '22},
pages = {20–25}
}

@INPROCEEDINGS{Baliga2007:energy,
  author={Baliga, Jayant and Hinton, Kerry and Tucker, Rodney S.},
  booktitle={Proc. of COIN-ACOFT 2007}, 
  title={{Energy Consumption of the Internet}}, 
  year={2007},
  pages={1-3},}
  
@Article{Cengiz2015:review,
author={Cengiz, Korhan and Dag, Tamer},
title={{A review on the recent energy-efficient approaches for the Internet protocol stack}},
journal={Eurasip J. Wirel. Commun. Netw.},
year={2015},
volume={2015},
number={1},
pages={108},
}

@Article{Zorzi2001:energy,
author={Zorzi, Michele and Rao, Ramesh R.},
title={{Energy Efficiency of TCP in a Local Wireless Environment}},
journal={Mob. Netw. Appl.},
year={2001},
volume={6},
number={3},
pages={265-278}
}

@inproceedings{Zhang2016:profiling,
author = {Zhang, Jingyu and Fang, Gan and Peng, Chunyi and Guo, Minyi and Wei, Sheng and Swaminathan, Viswanathan},
title = {{Profiling Energy Consumption of DASH Video Streaming over 4G LTE Networks}},
year = {2016},
booktitle = {Proc. of MoVid '16},
articleno = {3},
numpages = {6}
}

@article{Barford99:performance,
author = {Barford, Paul and Crovella, Mark},
title = {{A Performance Evaluation of Hyper Text Transfer Protocols}},
year = {1999},
volume = {27},
number = {1},
journal = {SIGMETRICS Perform. Eval. Rev.},
pages = {188–197},
}

@article{Perna22:first,
title = {{A first look at HTTP/3 adoption and performance}},
journal = {Comput. Commun.},
volume = {187},
pages = {115-124},
year = {2022},
author = {Gianluca Perna and Martino Trevisan and Danilo Giordano and Idilio Drago}
}

@inproceedings{Yu21:dissecting,
author = {Yu, Alexander and Benson, Theophilus A.},
title = {{Dissecting Performance of Production QUIC}},
year = {2021},
booktitle = {Proc. of the Web Conference 2021},
pages = {1157–1168},
series = {WWW '21}
}

@INPROCEEDINGS{Saif21:early,
  author={Saif, Darius and Lung, Chung-Horng and Matrawy, Ashraf},
  booktitle={Proc. of IEEE ICC '21}, 
  title={{An Early Benchmark of Quality of Experience Between HTTP/2 and HTTP/3 using Lighthouse}}, 
  year={2021},
  pages={1-6}}
  
@inproceedings{Marx20:same,
author = {Marx, Robin and Herbots, Joris and Lamotte, Wim and Quax, Peter},
title = {{Same Standards, Different Decisions: A Study of QUIC and HTTP/3 Implementation Diversity}},
year = {2020},
booktitle = {Proc. of EQIP '20},
pages = {14–20},
numpages = {7},
}

@INPROCEEDINGS{Li14:empirical,
  author={Li, Ding and Hao, Shuai and Gui, Jiaping and Halfond, William G.J.},
  booktitle={Proc. of IEEE 2014 IEEE ICSME '14}, 
  title={{An Empirical Study of the Energy Consumption of Android Applications}}, 
  year={2014},
  pages={121-130},}
  
@inproceedings{Li15:optimizing,
author = {Li, Ding and Halfond, William G. J.},
title = {{Optimizing Energy of HTTP Requests in Android Applications}},
year = {2015},
booktitle = {Proc. of DeMobile '15},
pages = {25–28},
}
  
@INPROCEEDINGS{Li16:automated,
  author={Li, Ding and Lyu, Yingjun and Gui, Jiaping and Halfond, William G. J.},
  booktitle={Proc. of IEEE/ACM ICSE '16}, 
  title={{Automated Energy Optimization of HTTP Requests for Mobile Applications}}, 
  year={2016},
  pages={249-260}}
  
@inproceedings{Anwar20:should,
author = {Anwar, Hina and Demirer, Berker and Pfahl, Dietmar and Srirama, Satish},
title = {{Should Energy Consumption Influence the Choice of Android Third-Party HTTP Libraries?}},
year = {2020},
booktitle = {Proc. of IEEE/ACM MOBILESoft '20},
pages = {87–97},
}

@Article{Katal22:energy,
author={Katal, Avita
and Dahiya, Susheela
and Choudhury, Tanupriya},
title={{Energy efficiency in cloud computing data centers: a survey on software technologies}},
journal={Cluster Comput.},
year={2022},
}

@Article{Rahimi14:mobile,
author={Rahimi, M. Reza
and Ren, Jian
and Liu, Chi Harold
and Vasilakos, Athanasios V.
and Venkatasubramanian, Nalini},
title={{Mobile Cloud Computing: A Survey, State of Art and Future Directions}},
journal={Mob. Netw. Appl.},
year={2014},
volume={19},
number={2},
pages={133-143}
}

@INPROCEEDINGS{Barbera13:offload,
  author={Barbera, Marco V. and Kosta, Sokol and Mei, Alessandro and Stefa, Julinda},
  booktitle={Proc. of IEEE INFOCOM '13}, 
  title={{To offload or not to offload? The bandwidth and energy costs of mobile cloud computing}}, 
  year={2013},
  pages={1285-1293}}


@misc{datacentre,
  title = "Data centre network trends for 2023",
  howpublished = "\url{https://dcnnmagazine.com/data-centres/data-centre-network-trends-2023/}",
  year = "2022"
}

@misc{cisconetworkingtrends,
  title = "{Cisco 2023 Global Networking Trends Report}",
  howpublished = "\url{https://www.cisco.com/c/en/us/solutions/enterprise-networks/xa-09-2023-networking-report.html}",
  year = "2023",
  note = {Accessed: June 2023}
}

@misc{ciscointernetreport,
  title = "{Cisco Annual Internet Report (2018–2023)}",
  howpublished = "\url{https://www.cisco.com/c/en/us/solutions/collateral/executive-perspectives/annual-internet-report/white-paper-c11-741490.pdf}",
  year = "2020",
  note = {Accessed: June 2023}
}

@misc{hredge,
  title = "{Strategies for Connecting the Edge: 2019 Heavy Reading Survey}",
  howpublished = "\url{https://www.infinera.com/white-paper/strategies-for-connecting-the-edge-2019-heavy-reading-survey/}",
  year = "2019",
  note = {Accessed: June 2023}
}


@Article{Nguyenan2021:iot,
AUTHOR = {Nguyen-An, Hung and Silverston, Thomas and Yamazaki, Taku and Miyoshi, Takumi},
TITLE = {IoT Traffic: Modeling and Measurement Experiments},
JOURNAL = {IoT},
VOLUME = {2},
YEAR = {2021},
NUMBER = {1},
PAGES = {140--162},
DOI={10.3390/iot2010008},
}


@article{Kosar2019:energy,
title = {{Energy-aware data throughput optimization for next generation internet}},
journal = {Inf. Sci.},
volume = {476},
pages = {413-428},
year = {2019},
author = {Tevfik Kosar and Ismail Alan and M. Fatih Bulut}
}

@ARTICLE{Shreedhar2022:evaluating,
  author={Shreedhar, Tanya and Panda, Rohit and Podanev, Sergey and Bajpai, Vaibhav},
  journal={IEEE Trans. Netw. Service Manag.}, 
  title={{Evaluating QUIC Performance Over Web, Cloud Storage, and Video Workloads}}, 
  year={2022},
  volume={19},
  number={2},
  pages={1366-1381}}

@INPROCEEDINGS{Dubec2023:performance,
  author={Dubec, Jakub and Balažia, Ján and Čičák, Pavel},
  booktitle={Proc. of TSP '23'}, 
  title={{Performance evaluation of the HTTP/3 client implementations}}, 
  year={2023},
  pages={260-263}}

@inproceedings{Xu2020:understanding,
author = {Xu, Dongzhu and Zhou, Anfu and Zhang, Xinyu and Wang, Guixian and Liu, Xi and An, Congkai and Shi, Yiming and Liu, Liang and Ma, Huadong},
title = {{Understanding Operational 5G: A First Measurement Study on Its Coverage, Performance and Energy Consumption}},
year = {2020},
booktitle = {Proc. of ACM SIGCOMM '20'},
pages = {479–494}
}

@inproceedings{Haile2022:performance,
author = {Haile, Habtegebreil and Grinnemo, Karl-Johan and Ferlin, Simone and Hurtig, Per and Brunstrom, Anna},
title = {{Performance of QUIC Congestion Control Algorithms in 5G Networks}},
year = {2022},
booktitle = {Proc. of the ACM SIGCOMM 5g-MeMU '22},
pages = {15–21},
}

@INPROCEEDINGS{Moulay2021:experimental,
  author={Moulay, Mohamed and Muñoz, Fernando Díez and Mancuso, Vincenzo},
  booktitle={Proc. of MedComNet '21'}, 
  title={{On the Experimental Assessment of QUIC and Congestion Control Schemes in Cellular Networks}}, 
  year={2021},
  pages={1-8}}

@inproceedings{Mishra2022:understanding,
author = {Mishra, Ayush and Lim, Sherman and Leong, Ben},
title = {{Understanding Speciation in QUIC Congestion Control}},
year = {2022},
booktitle = {Proc. of ACM SIGCOMM IMC '22},
pages = {560–566}
}