@inproceedings{api2,
  title={Differentially Private Synthetic Data via Foundation Model APIs 2: Text},
  author={Xie, Chulin and Lin, Zinan and Backurs, Arturs and Gopi, Sivakanth and Yu, Da and Inan, Huseyin A and Nori, Harsha and Jiang, Haotian and Zhang, Huishuai and Lee, Yin Tat nd Li, Bo and Yekhanin, Sergey},
  booktitle={Forty-first International Conference on Machine Learning},
  year={2024}
}

@article{cao2021don,
  title={Donâ€™t generate me: Training differentially private generative models with sinkhorn divergence},
  author={Cao, Tianshi and Bie, Alex and Vahdat, Arash and Fidler, Sanja and Kreis, Karsten},
  journal={Advances in Neural Information Processing Systems},
  volume={34},
  pages={12480--12492},
  year={2021}
}

@article{chen2020gs,
  title={Gs-wgan: A gradient-sanitized approach for learning differentially private generators},
  author={Chen, Dingfan and Orekondy, Tribhuvanesh and Fritz, Mario},
  journal={Advances in Neural Information Processing Systems},
  volume={33},
  pages={12673--12684},
  year={2020}
}

@article{cohen2023hot,
  title={Hot PATE: Private Aggregation of Distributions for Diverse Task},
  author={Cohen, Edith and Lyu, Xin and Nelson, Jelani and Sarlos, Tamas and Stemmer, Uri},
  journal={arXiv preprint arXiv:2312.02132},
  year={2023}
}

@article{duan2023flocks,
  title={Flocks of Stochastic Parrots: Differentially Private Prompt Learning for Large Language Models},
  author={Duan, Haonan and Dziedzic, Adam and Papernot, Nicolas and Boenisch, Franziska},
  journal={arXiv preprint arXiv:2305.15594},
  year={2023}
}

@inproceedings{harder2021dp,
  title={Dp-merf: Differentially private mean embeddings with randomfeatures for practical privacy-preserving data generation},
  author={Harder, Frederik and Adamczewski, Kamil and Park, Mijung},
  booktitle={International conference on artificial intelligence and statistics},
  pages={1819--1827},
  year={2021},
  organization={PMLR}
}

@inproceedings{jordon2018pate,
  title={PATE-GAN: Generating synthetic data with differential privacy guarantees},
  author={Jordon, James and Yoon, Jinsung and Van Der Schaar, Mihaela},
  booktitle={International conference on learning representations},
  year={2018}
}

@article{li2021large,
  title={Large language models can be strong differentially private learners},
  author={Li, Xuechen and Tramer, Florian and Liang, Percy and Hashimoto, Tatsunori},
  journal={arXiv preprint arXiv:2110.05679},
  year={2021}
}

@article{lin2023differentially,
  title={Differentially Private Synthetic Data via Foundation Model APIs 1: Images},
  author={Lin, Zinan and Gopi, Sivakanth and Kulkarni, Janardhan and Nori, Harsha and Yekhanin, Sergey},
  journal={arXiv preprint arXiv:2305.15560},
  year={2023}
}

@inproceedings{papernot2016semi,
  title={Semi-supervised Knowledge Transfer for Deep Learning from Private Training Data},
  author={Papernot, Nicolas and Abadi, Mart{\'\i}n and Erlingsson, {\'U}lfar and Goodfellow, Ian and Talwar, Kunal},
  booktitle={International Conference on Learning Representations},
  year={2017}
}

@inproceedings{papernot2018scalable,
  title={Scalable Private Learning with PATE},
  author={Papernot, Nicolas and Song, Shuang and Mironov, Ilya and Raghunathan, Ananth and Talwar, Kunal and Erlingsson, Ulfar},
  booktitle={International Conference on Learning Representations},
  year={2018}
}

@article{ramaswamy2020training,
  title={Training production language models without memorizing user data},
  author={Ramaswamy, Swaroop and Thakkar, Om and Mathews, Rajiv and Andrew, Galen and McMahan, H Brendan and Beaufays, Fran{\c{c}}oise},
  journal={arXiv preprint arXiv:2009.10031},
  year={2020}
}

@article{tang2023privacy,
  title={Privacy-preserving in-context learning with differentially private few-shot generation},
  author={Tang, Xinyu and Shin, Richard and Inan, Huseyin A and Manoel, Andre and Mireshghallah, Fatemehsadat and Lin, Zinan and Gopi, Sivakanth and Kulkarni, Janardhan and Sim, Robert},
  journal={arXiv preprint arXiv:2309.11765},
  year={2023}
}

@article{tang2024private,
  title={Private Fine-tuning of Large Language Models with Zeroth-order Optimization},
  author={Tang, Xinyu and Panda, Ashwinee and Nasr, Milad and Mahloujifar, Saeed and Mittal, Prateek},
  journal={arXiv preprint arXiv:2401.04343},
  year={2024}
}

@article{torfi2022differentially,
  title={Differentially private synthetic medical data generation using convolutional GANs},
  author={Torfi, Amirsina and Fox, Edward A and Reddy, Chandan K},
  journal={Information Sciences},
  volume={586},
  pages={485--500},
  year={2022},
  publisher={Elsevier}
}

@inproceedings{torkzadehmahani2019dp,
  title={Dp-cgan: Differentially private synthetic data and label generation},
  author={Torkzadehmahani, Reihaneh and Kairouz, Peter and Paten, Benedict},
  booktitle={Proceedings of the IEEE/CVF Conference on Computer Vision and Pattern Recognition Workshops},
  pages={0--0},
  year={2019}
}

@inproceedings{vinaroz2022hermite,
  title={Hermite polynomial features for private data generation},
  author={Vinaroz, Margarita and Charusaie, Mohammad-Amin and Harder, Frederik and Adamczewski, Kamil and Park, Mi Jung},
  booktitle={International Conference on Machine Learning},
  pages={22300--22324},
  year={2022},
  organization={PMLR}
}

@article{xie2018differentially,
  title={Differentially private generative adversarial network},
  author={Xie, Liyang and Lin, Kaixiang and Wang, Shu and Wang, Fei and Zhou, Jiayu},
  journal={arXiv preprint arXiv:1802.06739},
  year={2018}
}

@inproceedings{yu2021differentially,
  title={Differentially private fine-tuning of language models},
  author={Yu, Da and Naik, Saurabh and Backurs, Arturs and Gopi, Sivakanth and Inan, Huseyin A and Kamath, Gautam and Kulkarni, Janardhan and Lee, Yin Tat and Manoel, Andre and Wutschitz, Lukas and Yekhanin, Sergey and Zhang, Huishuai},
  booktitle={International Conference on Learning Representations},
  year={2021}
}

@article{yue2022synthetic,
  title={Synthetic text generation with differential privacy: A simple and practical recipe},
  author={Yue, Xiang and Inan, Huseyin A and Li, Xuechen and Kumar, Girish and McAnallen, Julia and Shajari, Hoda and Sun, Huan and Levitan, David and Sim, Robert},
  journal={arXiv preprint arXiv:2210.14348},
  year={2022}
}

@article{zhang2023dpzero,
  title={DPZero: Dimension-Independent and Differentially Private Zeroth-Order Optimization},
  author={Zhang, Liang and Thekumparampil, Kiran Koshy and Oh, Sewoong and He, Niao},
  journal={arXiv preprint arXiv:2310.09639},
  year={2023}
}

