@ARTICLE{4967588, 
	author={S. Si and D. Tao and B. Geng}, 
	journal={IEEE Transactions on Knowledge and Data Engineering}, 
	title={Bregman Divergence-Based Regularization for Transfer Subspace Learning}, 
	year={2010}, 
	volume={22}, 
	number={7}, 
	pages={929-942}, 
	keywords={Hilbert spaces;approximation theory;face recognition;learning (artificial intelligence);principal component analysis;text analysis;Bregman divergence-based regularization;Fisher's linear discriminant analysis;approximation schemes;cross-domain face modeling;cross-domain face recognition;cross-domain learning problems;discriminative locality alignment;ill-posed problem;kernel Hilbert space;locality preserving projections;marginal Fisher's analysis;principal components analysis;text categorization;transfer subspace learning;Dimensionality reduction;and Bregman divergence.;regularization}, 
	doi={10.1109/TKDE.2009.126}, 
	ISSN={1041-4347}, 
	month={July},}

@ARTICLE{7078994, 
	author={V. M. Patel and R. Gopalan and R. Li and R. Chellappa}, 
	journal={IEEE Signal Processing Magazine}, 
	title={Visual Domain Adaptation: A survey of recent advances}, 
	year={2015}, 
	volume={32}, 
	number={3}, 
	pages={53-69}, 
	keywords={computer vision;image classification;learning (artificial intelligence);object recognition;classifier learning;computer vision;pattern recognition;visual domain adaptation method;visual recognition;Classification algorithms;Computer vision;Pattern recognition;Semisupervised learning;Signal processing algorithms;Training data;Visualization}, 
	doi={10.1109/MSP.2014.2347059}, 
	ISSN={1053-5888}, 
	month={May},}

@inproceedings{DBLP:conf/cvpr/SaitoWUH18,
  author    = {Kuniaki Saito and
               Kohei Watanabe and
               Yoshitaka Ushiku and
               Tatsuya Harada},
  title     = {Maximum Classifier Discrepancy for Unsupervised Domain Adaptation},
  booktitle = {2018 {IEEE} Conference on Computer Vision and Pattern Recognition,
               {CVPR} 2018, Salt Lake City, UT, USA, June 18-22, 2018},
  pages     = {3723--3732},
  publisher = {Computer Vision Foundation / {IEEE} Computer Society},
  year      = {2018},
  url       = {http://openaccess.thecvf.com/content\_cvpr\_2018/html/Saito\_Maximum\_Classifier\_Discrepancy\_CVPR\_2018\_paper.html},
  doi       = {10.1109/CVPR.2018.00392},
  timestamp = {Tue, 31 Aug 2021 14:00:32 +0200},
  biburl    = {https://dblp.org/rec/conf/cvpr/SaitoWUH18.bib},
  bibsource = {dblp computer science bibliography, https://dblp.org}
}

@inproceedings{DBLP:conf/icml/LongZ0J17,
  title={Deep transfer learning with joint adaptation networks},
  author={Long, Mingsheng and Zhu, Han and Wang, Jianmin and Jordan, Michael I},
  booktitle={International conference on machine learning},
  pages={2208--2217},
  year={2017},
  organization={PMLR}
}

@inproceedings{DBLP:conf/icml/SaitoUH17,
  title={Asymmetric tri-training for unsupervised domain adaptation},
  author={Saito, Kuniaki and Ushiku, Yoshitaka and Harada, Tatsuya},
  booktitle={International conference on machine learning},
  pages={2988--2997},
  year={2017},
  organization={PMLR}
}

@article{DBLP:journals/csur/LuLHWC20,
  author    = {Ying Lu and
               Lingkun Luo and
               Di Huang and
               Yunhong Wang and
               Liming Chen},
  title     = {Knowledge Transfer in Vision Recognition: {A} Survey},
  journal   = {{ACM} Comput. Surv.},
  volume    = {53},
  number    = {2},
  pages     = {37:1--37:35},
  year      = {2020},
  url       = {https://doi.org/10.1145/3379344},
  doi       = {10.1145/3379344},
  timestamp = {Fri, 17 Jul 2020 11:16:59 +0200},
  biburl    = {https://dblp.org/rec/journals/csur/LuLHWC20.bib},
  bibsource = {dblp computer science bibliography, https://dblp.org}
}

@article{DBLP:journals/pami/GhifaryBKZ17,
	author    = {Muhammad Ghifary and
	David Balduzzi and
	W. Bastiaan Kleijn and
	Mengjie Zhang},
	title     = {Scatter Component Analysis: {A} Unified Framework for Domain Adaptation
	and Domain Generalization},
	journal   = {{IEEE} Trans. Pattern Anal. Mach. Intell.},
	volume    = {39},
	number    = {7},
	pages     = {1414--1430},
	year      = {2017},
	url       = {https://doi.org/10.1109/TPAMI.2016.2599532},
	doi       = {10.1109/TPAMI.2016.2599532},
	timestamp = {Mon, 12 Jun 2017 16:41:07 +0200},
	biburl    = {http://dblp.uni-trier.de/rec/bib/journals/pami/GhifaryBKZ17},
	bibsource = {dblp computer science bibliography, http://dblp.org}
}

@article{DBLP:journals/tkde/LongWDPY14,
  author    = {Mingsheng Long and
               Jianmin Wang and
               Guiguang Ding and
               Sinno Jialin Pan and
               Philip S. Yu},
  title     = {Adaptation Regularization: {A} General Framework for Transfer Learning},
  journal   = {{IEEE} Trans. Knowl. Data Eng.},
  volume    = {26},
  number    = {5},
  pages     = {1076--1089},
  year      = {2014},
  url       = {https://doi.org/10.1109/TKDE.2013.111},
  doi       = {10.1109/TKDE.2013.111},
  timestamp = {Thu, 08 Jun 2017 09:04:16 +0200},
  biburl    = {https://dblp.org/rec/journals/tkde/LongWDPY14.bib},
  bibsource = {dblp computer science bibliography, https://dblp.org}
}

@article{belkin2003laplacian,
  title={Laplacian eigenmaps for dimensionality reduction and data representation},
  author={Belkin, Mikhail and Niyogi, Partha},
  journal={Neural computation},
  volume={15},
  number={6},
  pages={1373--1396},
  year={2003},
  publisher={MIT Press}
}

@inproceedings{bousmalis2016domain,
	title={Domain separation networks},
	author={Bousmalis, Konstantinos and Trigeorgis, George and Silberman, Nathan and Krishnan, Dilip and Erhan, Dumitru},
	booktitle={Advances in Neural Information Processing Systems},
	pages={343--351},
	year={2016}
}

@article{cho2022mcdal,
  title={Mcdal: Maximum classifier discrepancy for active learning},
  author={Cho, Jae Won and Kim, Dong-Jin and Jung, Yunjae and Kweon, In So},
  journal={IEEE Transactions on Neural Networks and Learning Systems},
  year={2022},
  publisher={IEEE}
}

@article{ganin2016domain,
	title={Domain-adversarial training of neural networks},
	author={Ganin, Yaroslav and Ustinova, Evgeniya and Ajakan, Hana and Germain, Pascal and Larochelle, Hugo and Laviolette, Fran{\c{c}}ois and Marchand, Mario and Lempitsky, Victor},
	journal={The Journal of Machine Learning Research},
	volume={17},
	number={1},
	pages={2096--2030},
	year={2016},
	publisher={JMLR. org}
}

@inproceedings{goodfellow2014generative,
	title={Generative adversarial nets},
	author={Goodfellow, Ian and Pouget-Abadie, Jean and Mirza, Mehdi and Xu, Bing and Warde-Farley, David and Ozair, Sherjil and Courville, Aaron and Bengio, Yoshua},
	booktitle={Advances in neural information processing systems},
	pages={2672--2680},
	year={2014}
}

@book{goodfellow2016deep,
  title={Deep learning},
  author={Goodfellow, Ian and Bengio, Yoshua and Courville, Aaron},
  year={2016},
  publisher={MIT press}
}

@inproceedings{heo2019knowledge,
  title={Knowledge distillation with adversarial samples supporting decision boundary},
  author={Heo, Byeongho and Lee, Minsik and Yun, Sangdoo and Choi, Jin Young},
  booktitle={Proceedings of the AAAI conference on artificial intelligence},
  volume={33},
  number={01},
  pages={3771--3778},
  year={2019}
}

@inproceedings{herath2017learning,
	title={Learning an invariant hilbert space for domain adaptation},
	author={Herath, Samitha and Harandi, Mehrtash and Porikli, Fatih},
	booktitle={Proceedings of the IEEE Conference on Computer Vision and Pattern Recognition},
	pages={3845--3854},
	year={2017}
}

@article{karbalayghareh2018optimal,
	title={Optimal Bayesian transfer learning},
	author={Karbalayghareh, Alireza and Qian, Xiaoning and Dougherty, Edward R},
	journal={IEEE Transactions on Signal Processing},
	volume={66},
	number={14},
	pages={3724--3739},
	year={2018},
	publisher={IEEE}
}

@inproceedings{kim2019unsupervised,
  title={Unsupervised visual domain adaptation: A deep max-margin gaussian process approach},
  author={Kim, Minyoung and Sahu, Pritish and Gholami, Behnam and Pavlovic, Vladimir},
  booktitle={Proceedings of the IEEE/CVF Conference on Computer Vision and Pattern Recognition},
  pages={4380--4390},
  year={2019}
}

@inproceedings{krizhevsky2012imagenet,
	title={Imagenet classification with deep convolutional neural networks},
	author={Krizhevsky, Alex and Sutskever, Ilya and Hinton, Geoffrey E},
	booktitle={Advances in neural information processing systems},
	pages={1097--1105},
	year={2012}
}

@article{li2020maximum,
  title={Maximum density divergence for domain adaptation},
  author={Li, Jingjing and Chen, Erpeng and Ding, Zhengming and Zhu, Lei and Lu, Ke and Shen, Heng Tao},
  journal={IEEE transactions on pattern analysis and machine intelligence},
  volume={43},
  number={11},
  pages={3918--3930},
  year={2020},
  publisher={IEEE}
}

@inproceedings{li2021bi,
  title={Bi-classifier determinacy maximization for unsupervised domain adaptation},
  author={Li, Shuang and Lv, Fangrui and Xie, Binhui and Liu, Chi Harold and Liang, Jian and Qin, Chen},
  booktitle={AAAI},
  year={2021}
}

@inproceedings{long2013transfer,
	title={Transfer feature learning with joint distribution adaptation},
	author={Long, Mingsheng and Wang, Jianmin and Ding, Guiguang and Sun, Jiaguang and Yu, Philip S},
	booktitle={Proceedings of the IEEE International Conference on Computer Vision},
	pages={2200--2207},
	year={2013}
}

@inproceedings{long2015learning,
	title={Learning Transferable Features with Deep Adaptation Networks.},
	author={Long, Mingsheng and Cao, Yue and Wang, Jianmin and Jordan, Michael I},
	booktitle={ICML},
	pages={97--105},
	year={2015}
}

@article{lu2018embarrassingly,
	title={An Embarrassingly Simple Approach to Visual Domain Adaptation},
	author={Lu, Hao and Shen, Chunhua and Cao, Zhiguo and Xiao, Yang and van den Hengel, Anton},
	journal={IEEE Transactions on Image Processing},
	year={2018},
	publisher={IEEE}
}

@article{luo2020discriminative,
	title={Discriminative and Geometry-Aware Unsupervised Domain Adaptation},
	author={Luo, Lingkun and Chen, Liming and Hu, Shiqiang and Lu, Ying and Wang, Xiaofang},
	journal={IEEE Transactions on Cybernetics},
	year={2020},
	publisher={IEEE}
}

@article{luo2022attention,
  title={Attention Regularized Laplace Graph for Domain Adaptation},
  author={Luo, Lingkun and Chen, Liming and Hu, Shiqiang},
  journal={IEEE Transactions on Image Processing},
  volume={31},
  pages={7322--7337},
  year={2022},
  publisher={IEEE}
}

@article{pan2010survey,
	title={A survey on transfer learning},
	author={Pan, Sinno Jialin and Yang, Qiang},
	journal={IEEE Transactions on knowledge and data engineering},
	volume={22},
	number={10},
	pages={1345--1359},
	year={2010},
	publisher={IEEE}
}

@article{pan2011domain,
	title={Domain adaptation via transfer component analysis},
	author={Pan, Sinno Jialin and Tsang, Ivor W and Kwok, James T and Yang, Qiang},
	journal={IEEE Transactions on Neural Networks},
	volume={22},
	number={2},
	pages={199--210},
	year={2011},
	publisher={IEEE}
}

@inproceedings{pei2018multi,
	title={Multi-adversarial domain adaptation},
	author={Pei, Zhongyi and Cao, Zhangjie and Long, Mingsheng and Wang, Jianmin},
	booktitle={Thirty-Second AAAI Conference on Artificial Intelligence},
	year={2018}
}

@InProceedings{pmlr-v80-hoffman18a,
	title = 	 {{C}y{CADA}: Cycle-Consistent Adversarial Domain Adaptation},
	author = 	 {Hoffman, Judy and Tzeng, Eric and Park, Taesung and Zhu, Jun-Yan and Isola, Phillip and Saenko, Kate and Efros, Alexei and Darrell, Trevor},
	booktitle = 	 {Proceedings of the 35th International Conference on Machine Learning},
	pages = 	 {1989--1998},
	year = 	 {2018},
	editor = 	 {Dy, Jennifer and Krause, Andreas},
	volume = 	 {80},
	series = 	 {Proceedings of Machine Learning Research},
	address = 	 {Stockholmsmässan, Stockholm Sweden},
	month = 	 {10--15 Jul},
	publisher = 	 {PMLR},
	pdf = 	 {http://proceedings.mlr.press/v80/hoffman18a/hoffman18a.pdf},
	url = 	 {http://proceedings.mlr.press/v80/hoffman18a.html},
	abstract = 	 {Domain adaptation is critical for success in new, unseen environments. Adversarial adaptation models have shown tremendous progress towards adapting to new environments by focusing either on discovering domain invariant representations or by mapping between unpaired image domains. While feature space methods are difficult to interpret and sometimes fail to capture pixel-level and low-level domain shifts, image space methods sometimes fail to incorporate high level semantic knowledge relevant for the end task. We propose a model which adapts between domains using both generative image space alignment and latent representation space alignment. Our approach, Cycle-Consistent Adversarial Domain Adaptation (CyCADA), guides transfer between domains according to a specific discriminatively trained task and avoids divergence by enforcing consistency of the relevant semantics before and after adaptation. We evaluate our method on a variety of visual recognition and prediction settings, including digit classification and semantic segmentation of road scenes, advancing state-of-the-art performance for unsupervised adaptation from synthetic to real world driving domains.}
}

@article{roller2004max,
  title={Max-margin markov networks},
  author={Roller, BTCGD and Taskar, C and Guestrin, D},
  journal={Advances in neural information processing systems},
  volume={16},
  pages={25},
  year={2004}
}

@inproceedings{sun2016deep,
	title={Deep coral: Correlation alignment for deep domain adaptation},
	author={Sun, Baochen and Saenko, Kate},
	booktitle={European Conference on Computer Vision},
	pages={443--450},
	year={2016},
	organization={Springer}
}

@inproceedings{tzeng2017adversarial,
	title={Adversarial discriminative domain adaptation},
	author={Tzeng, Eric and Hoffman, Judy and Saenko, Kate and Darrell, Trevor},
	booktitle={Computer Vision and Pattern Recognition (CVPR)},
	volume={1},
	number={2},
	pages={4},
	year={2017}
}

@inproceedings{wang2018visual,
	title={Visual Domain Adaptation with Manifold Embedded Distribution Alignment},
	author={Wang, Jindong and Feng, Wenjie and Chen, Yiqiang and Yu, Han and Huang, Meiyu and Yu, Philip S},
	booktitle={2018 ACM Multimedia Conference on Multimedia Conference},
	pages={402--410},
	year={2018},
	organization={ACM}
}

@article{wang2020transfer,
  title={Transfer learning with dynamic distribution adaptation},
  author={Wang, Jindong and Chen, Yiqiang and Feng, Wenjie and Yu, Han and Huang, Meiyu and Yang, Qiang},
  journal={ACM Transactions on Intelligent Systems and Technology (TIST)},
  volume={11},
  number={1},
  pages={1--25},
  year={2020},
  publisher={ACM New York, NY, USA}
}

@article{wei2021toalign,
  title={ToAlign: Task-oriented Alignment for Unsupervised Domain Adaptation},
  author={Wei, Guoqiang and Lan, Cuiling and Zeng, Wenjun and Chen, Zhibo},
  journal={arXiv preprint arXiv:2106.10812},
  year={2021}
}

@inproceedings{zhao2019multi,
	title={Multi-source domain adaptation for semantic segmentation},
	author={Zhao, Sicheng and Li, Bo and Yue, Xiangyu and Gu, Yang and Xu, Pengfei and Hu, Runbo and Chai, Hua and Keutzer, Kurt},
	booktitle={Advances in Neural Information Processing Systems},
	pages={7285--7298},
	year={2019}
}

