


@article{DBLP:conf/nips/GrettonBRSS06,
  title={A kernel method for the two-sample-problem},
  author={Gretton, Arthur and Borgwardt, Karsten and Rasch, Malte and Sch{\"o}lkopf, Bernhard and Smola, Alex},
  journal={Advances in neural information processing systems},
  volume={19},
  year={2006}
}


@inproceedings{huang2007correcting,
	title={Correcting sample selection bias by unlabeled data},
	author={Huang, Jiayuan and Gretton, Arthur and Borgwardt, Karsten M and Sch{\"o}lkopf, Bernhard and Smola, Alex J},
	booktitle={Advances in neural information processing systems},
	pages={601--608},
	year={2007}
}

@inproceedings{sugiyama2008direct,
	title={Direct importance estimation with model selection and its application to covariate shift adaptation},
	author={Sugiyama, Masashi and Nakajima, Shinichi and Kashima, Hisashi and Buenau, Paul V and Kawanabe, Motoaki},
	booktitle={Advances in neural information processing systems},
	pages={1433--1440},
	year={2008}
}

@article{si_bregman_2010,
	title = {Bregman Divergence-Based Regularization for Transfer Subspace Learning},
	volume = {22},
	timestamp = {2015-03-02 13:29:37},
	journal = {{IEEE} Trans. Knowl. Data Eng.},
	author = {Si, S. and Tao, D. and Geng, B.},
	month = jul,
	year = {2010},
	pages = {929--942}
}

@inproceedings{satpal2007domain,
	title={Domain adaptation of conditional probability models via feature subsetting},
	author={Satpal, Sandeepkumar and Sarawagi, Sunita},
	booktitle={PKDD},
	volume={4702},
	pages={224--235},
	year={2007},
	organization={Springer}
}

@article{fisher1936use,
	title={The use of multiple measurements in taxonomic problems},
	author={Fisher, Ronald A},
	journal={Annals of eugenics},
	volume={7},
	number={2},
	pages={179--188},
	year={1936},
	publisher={Wiley Online Library}
}


@article{pan2010survey,
	title={A survey on transfer learning},
	author={Pan, Sinno Jialin and Yang, Qiang},
	journal={IEEE Transactions on knowledge and data engineering},
	volume={22},
	number={10},
	pages={1345--1359},
	year={2010},
	publisher={IEEE}
}


@article{ILSVRC15,
	Author = {Olga Russakovsky and Jia Deng and Hao Su and Jonathan Krause and Sanjeev Satheesh and Sean Ma and Zhiheng Huang and Andrej Karpathy and Aditya Khosla and Michael Bernstein and Alexander C. Berg and Li Fei-Fei},
	Title = {{ImageNet Large Scale Visual Recognition Challenge}},
	Year = {2015},
	journal   = {International Journal of Computer Vision (IJCV)},
	doi = {10.1007/s11263-015-0816-y},
	volume={115},
	number={3},
	pages={211-252}
}

@Article{Everingham15, 
	author = "Everingham, M. and Eslami, S. M. A. and Van~Gool, L. and Williams, C. K. I. and Winn, J. and Zisserman, A.", 
	title = "The Pascal Visual Object Classes Challenge: A Retrospective", 
	journal = "International Journal of Computer Vision", 
	volume = "111", 
	year = "2015", 
	number = "1", 
	month = jan, 
	pages = "98--136", 
} 

@inproceedings{Cordts2016Cityscapes,
	title={The Cityscapes Dataset for Semantic Urban Scene Understanding},
	author={Cordts, Marius and Omran, Mohamed and Ramos, Sebastian and Rehfeld, Timo and Enzweiler, Markus and Benenson, Rodrigo and Franke, Uwe and Roth, Stefan and Schiele, Bernt},
	booktitle={Proc. of the IEEE Conference on Computer Vision and Pattern Recognition (CVPR)},
	year={2016}
}

@article{He2015,
	author = {Kaiming He and Xiangyu Zhang and Shaoqing Ren and Jian Sun},
	title = {Deep Residual Learning for Image Recognition},
	journal = {arXiv preprint arXiv:1512.03385},
	year = {2015}
}

@inproceedings{girshickICCV15fastrcnn,
	Author = {Ross Girshick},
	Title = {Fast R-CNN},
	Booktitle = {International Conference on Computer Vision ({ICCV})},
	Year = {2015}
}

@article{zhao2016pspnet,
	author    = {Hengshuang Zhao and
	Jianping Shi and
	Xiaojuan Qi and
	Xiaogang Wang and
	Jiaya Jia},
	title     = {Pyramid Scene Parsing Network},
	journal   = {CoRR},
	volume    = {abs/1612.01105},
	year      = {2016},
	url       = {https://arxiv.org/abs/1612.01105},
}

@article{pan2011domain,
	title={Domain adaptation via transfer component analysis},
	author={Pan, Sinno Jialin and Tsang, Ivor W and Kwok, James T and Yang, Qiang},
	journal={IEEE Transactions on Neural Networks},
	volume={22},
	number={2},
	pages={199--210},
	year={2011},
	publisher={IEEE}
}

@article{borgwardt2006integrating,
	title={Integrating structured biological data by kernel maximum mean discrepancy},
	author={Borgwardt, Karsten M and Gretton, Arthur and Rasch, Malte J and Kriegel, Hans-Peter and Sch{\"o}lkopf, Bernhard and Smola, Alex J},
	journal={Bioinformatics},
	volume={22},
	number={14},
	pages={e49--e57},
	year={2006},
	publisher={Oxford Univ Press}
}

@inproceedings{long2013transfer,
	title={Transfer feature learning with joint distribution adaptation},
	author={Long, Mingsheng and Wang, Jianmin and Ding, Guiguang and Sun, Jiaguang and Yu, Philip S},
	booktitle={Proceedings of the IEEE International Conference on Computer Vision},
	pages={2200--2207},
	year={2013}
}

@inproceedings{blitzer2006domain,
	title={Domain adaptation with structural correspondence learning},
	author={Blitzer, John and McDonald, Ryan and Pereira, Fernando},
	booktitle={Proceedings of the 2006 conference on empirical methods in natural language processing},
	pages={120--128},
	year={2006},
	organization={Association for Computational Linguistics}
}
@article{weiss2016survey,
	title={A survey of transfer learning},
	author={Weiss, Karl and Khoshgoftaar, Taghi M and Wang, DingDing},
	journal={Journal of Big Data},
	volume={3},
	number={1},
	pages={1--40},
	year={2016},
	publisher={Springer}
}
@inproceedings{pan2008transfer,
	title={Transfer Learning via Dimensionality Reduction.},
	author={Pan, Sinno Jialin and Kwok, James T and Yang, Qiang},
	booktitle={AAAI},
	volume={8},
	pages={677--682},
	year={2008}
}
@inproceedings{pan2008transfer,
	title={Transfer Learning via Dimensionality Reduction.},
	author={Pan, Sinno Jialin and Kwok, James T and Yang, Qiang},
	booktitle={AAAI},
	volume={8},
	pages={677--682},
	year={2008}
}
@inproceedings{long2015learning,
	title={Learning Transferable Features with Deep Adaptation Networks.},
	author={Long, Mingsheng and Cao, Yue and Wang, Jianmin and Jordan, Michael I},
	booktitle={ICML},
	pages={97--105},
	year={2015}
}
@inproceedings{glorot2011domain,
	title={Domain adaptation for large-scale sentiment classification: A deep learning approach},
	author={Glorot, Xavier and Bordes, Antoine and Bengio, Yoshua},
	booktitle={Proceedings of the 28th international conference on machine learning (ICML-11)},
	pages={513--520},
	year={2011}
}


@INPROCEEDINGS{Zhou04learningwith,
	author = {Dengyong Zhou and Olivier Bousquet and Thomas Navin Lal and Jason Weston and Bernhard Sch√∂lkopf},
	title = {Learning with local and global consistency},
	booktitle = {Advances in Neural Information Processing Systems 16},
	year = {2004},
	pages = {321--328},
	publisher = {MIT Press}
}


@ARTICLE{6341755, 
	author={T. H. Kim and K. M. Lee and S. U. Lee}, 
	journal={IEEE Transactions on Pattern Analysis and Machine Intelligence}, 
	title={Learning Full Pairwise Affinities for Spectral Segmentation}, 
	year={2013}, 
	volume={35}, 
	number={7}, 
	pages={1690-1703}, 
	keywords={computer vision;graph theory;image segmentation;sparse matrices;unsupervised learning;visual databases;BSDS image databases;MSRC image databases;computer vision;full pairwise affinities learning;full-range connections;global information;hierarchical segmentation;image affinity matrix;image segmentation;k-way segmentation;local grouping;multiple coherent groups;sparse matrix;sparse multilayer graph;spectral segmentation algorithms;unsupervised segmentation algorithm;Approximation methods;Computational modeling;Image color analysis;Image edge detection;Image segmentation;Nonhomogeneous media;Sparse matrices;Spectral segmentation;affinity estimation;hierarchical segmentation;semi-supervised learning;Algorithms;Animals;Cluster Analysis;Humans;Image Processing, Computer-Assisted;Pattern Recognition, Automated}, 
	doi={10.1109/TPAMI.2012.237}, 
	ISSN={0162-8828}, 
	month={July},}


@INPROCEEDINGS{6619251, 
	author={C. Yang and L. Zhang and H. Lu and X. Ruan and M. H. Yang}, 
	booktitle={2013 IEEE Conference on Computer Vision and Pattern Recognition}, 
	title={Saliency Detection via Graph-Based Manifold Ranking}, 
	year={2013}, 
	pages={3166-3173}, 
	keywords={feature extraction;graph theory;image representation;image segmentation;matrix algebra;affinity matrices;background cues;background querying;background region extraction;background region segmentation;bottom-up methods;close-loop graph;foreground cues;foreground querying;foreground saliency;foreground salient object extraction;graph-based manifold ranking;image representation;saliency detection;saliency model;Computational modeling;Image color analysis;Image segmentation;Labeling;Manifolds;Object detection;Vectors}, 
	doi={10.1109/CVPR.2013.407}, 
	ISSN={1063-6919}, 
	month={June},}



@inproceedings{gong2012geodesic,
	title={Geodesic flow kernel for unsupervised domain adaptation},
	author={Gong, Boqing and Shi, Yuan and Sha, Fei and Grauman, Kristen},
	booktitle={Computer Vision and Pattern Recognition (CVPR), 2012 IEEE Conference on},
	pages={2066--2073},
	year={2012},
	organization={IEEE}
}

@ARTICLE{4967588, 
	author={S. Si and D. Tao and B. Geng}, 
	journal={IEEE Transactions on Knowledge and Data Engineering}, 
	title={Bregman Divergence-Based Regularization for Transfer Subspace Learning}, 
	year={2010}, 
	volume={22}, 
	number={7}, 
	pages={929-942}, 
	keywords={Hilbert spaces;approximation theory;face recognition;learning (artificial intelligence);principal component analysis;text analysis;Bregman divergence-based regularization;Fisher's linear discriminant analysis;approximation schemes;cross-domain face modeling;cross-domain face recognition;cross-domain learning problems;discriminative locality alignment;ill-posed problem;kernel Hilbert space;locality preserving projections;marginal Fisher's analysis;principal components analysis;text categorization;transfer subspace learning;Dimensionality reduction;and Bregman divergence.;regularization}, 
	doi={10.1109/TKDE.2009.126}, 
	ISSN={1041-4347}, 
	month={July},}

@incollection{NIPS2001_2092,
	title = {On Spectral Clustering: Analysis and an algorithm},
	author = {Andrew Y. Ng and Michael I. Jordan and Weiss, Yair},
	booktitle = {Advances in Neural Information Processing Systems 14},
	editor = {T. G. Dietterich and S. Becker and Z. Ghahramani},
	pages = {849--856},
	year = {2002},
	publisher = {MIT Press},
	url = {http://papers.nips.cc/paper/2092-on-spectral-clustering-analysis-and-an-algorithm.pdf}
}

@ARTICLE{7078994, 
	author={V. M. Patel and R. Gopalan and R. Li and R. Chellappa}, 
	journal={IEEE Signal Processing Magazine}, 
	title={Visual Domain Adaptation: A survey of recent advances}, 
	year={2015}, 
	volume={32}, 
	number={3}, 
	pages={53-69}, 
	keywords={computer vision;image classification;learning (artificial intelligence);object recognition;classifier learning;computer vision;pattern recognition;visual domain adaptation method;visual recognition;Classification algorithms;Computer vision;Pattern recognition;Semisupervised learning;Signal processing algorithms;Training data;Visualization}, 
	doi={10.1109/MSP.2014.2347059}, 
	ISSN={1053-5888}, 
	month={May},}


@InProceedings{Yan_2017_CVPR,
	author = {Yan, Hongliang and Ding, Yukang and Li, Peihua and Wang, Qilong and Xu, Yong and Zuo, Wangmeng},
	title = {Mind the Class Weight Bias: Weighted Maximum Mean Discrepancy for Unsupervised Domain Adaptation},
	booktitle = {The IEEE Conference on Computer Vision and Pattern Recognition (CVPR)},
	month = {July},
	year = {2017}
}

@InProceedings{Zhang_2017_CVPR,
	author = {Zhang, Jing and Li, Wanqing and Ogunbona, Philip},
	title = {Joint Geometrical and Statistical Alignment for Visual Domain Adaptation},
	booktitle = {The IEEE Conference on Computer Vision and Pattern Recognition (CVPR)},
	month = {July},
	year = {2017}
}

@article{DBLP:journals/ijcv/ShaoKF14,
	author    = {Ming Shao and
	Dmitry Kit and
	Yun Fu},
	title     = {Generalized Transfer Subspace Learning Through Low-Rank Constraint},
	journal   = {International Journal of Computer Vision},
	volume    = {109},
	number    = {1-2},
	pages     = {74--93},
	year      = {2014},
	url       = {http://dx.doi.org/10.1007/s11263-014-0696-6},
	doi       = {10.1007/s11263-014-0696-6},
	timestamp = {Wed, 04 Jun 2014 13:28:04 +0200},
	biburl    = {http://dblp.uni-trier.de/rec/bib/journals/ijcv/ShaoKF14},
	bibsource = {dblp computer science bibliography, http://dblp.org}
}


@inproceedings{DBLP:conf/icml/GongGS13,
  title={Connecting the dots with landmarks: Discriminatively learning domain-invariant features for unsupervised domain adaptation},
  author={Gong, Boqing and Grauman, Kristen and Sha, Fei},
  booktitle={International conference on machine learning},
  pages={222--230},
  year={2013},
  organization={PMLR}
}



@inproceedings{DBLP:conf/cvpr/LongWDSY14,
  title={Transfer joint matching for unsupervised domain adaptation},
  author={Long, Mingsheng and Wang, Jianmin and Ding, Guiguang and Sun, Jiaguang and Yu, Philip S},
  booktitle={Proceedings of the IEEE conference on computer vision and pattern recognition},
  pages={1410--1417},
  year={2014}
}


@article{DBLP:journals/ijcv/NiuLX16,
	author    = {Li Niu and
	Wen Li and
	Dong Xu},
	title     = {Exploiting Privileged Information from Web Data for Action and Event
	Recognition},
	journal   = {International Journal of Computer Vision},
	volume    = {118},
	number    = {2},
	pages     = {130--150},
	year      = {2016},
	url       = {https://doi.org/10.1007/s11263-015-0862-5},
	doi       = {10.1007/s11263-015-0862-5},
	timestamp = {Tue, 06 Jun 2017 22:19:55 +0200},
	biburl    = {http://dblp.uni-trier.de/rec/bib/journals/ijcv/NiuLX16},
	bibsource = {dblp computer science bibliography, http://dblp.org}
}

@article{DBLP:journals/tnn/NiuXCDX17,
	author    = {Li Niu and
	Xinxing Xu and
	Lin Chen and
	Lixin Duan and
	Dong Xu},
	title     = {Action and Event Recognition in Videos by Learning From Heterogeneous
	Web Sources},
	journal   = {{IEEE} Trans. Neural Netw. Learning Syst.},
	volume    = {28},
	number    = {6},
	pages     = {1290--1304},
	year      = {2017},
	url       = {https://doi.org/10.1109/TNNLS.2016.2518700},
	doi       = {10.1109/TNNLS.2016.2518700},
	timestamp = {Wed, 24 May 2017 18:14:20 +0200},
	biburl    = {http://dblp.uni-trier.de/rec/bib/journals/tnn/NiuXCDX17},
	bibsource = {dblp computer science bibliography, http://dblp.org}
}

@article{DBLP:journals/tip/HouTYW16,
	author    = {Cheng{-}An Hou and
	Yao{-}Hung Hubert Tsai and
	Yi{-}Ren Yeh and
	Yu{-}Chiang Frank Wang},
	title     = {Unsupervised Domain Adaptation With Label and Structural Consistency},
	journal   = {{IEEE} Trans. Image Processing},
	volume    = {25},
	number    = {12},
	pages     = {5552--5562},
	year      = {2016},
	url       = {https://doi.org/10.1109/TIP.2016.2609820},
	doi       = {10.1109/TIP.2016.2609820},
	timestamp = {Thu, 08 Jun 2017 09:02:00 +0200},
	biburl    = {http://dblp.uni-trier.de/rec/bib/journals/tip/HouTYW16},
	bibsource = {dblp computer science bibliography, http://dblp.org}
}

@article{JMLR:v17:15-207,
	author  = {Mahsa Baktashmotlagh and Mehrtash Harandi and Mathieu Salzmann},
	title   = {Distribution-Matching Embedding for Visual Domain Adaptation},
	journal = {Journal of Machine Learning Research},
	year    = {2016},
	volume  = {17},
	number  = {108},
	pages   = {1-30},
	url     = {http://jmlr.org/papers/v17/15-207.html}
}

@article{DBLP:journals/tnn/GuiSJTT17,
	author    = {Jie Gui and
	Zhenan Sun and
	Shuiwang Ji and
	Dacheng Tao and
	Tieniu Tan},
	title     = {Feature Selection Based on Structured Sparsity: {A} Comprehensive
	Study},
	journal   = {{IEEE} Trans. Neural Netw. Learning Syst.},
	volume    = {28},
	number    = {7},
	pages     = {1490--1507},
	year      = {2017},
	url       = {https://doi.org/10.1109/TNNLS.2016.2551724},
	doi       = {10.1109/TNNLS.2016.2551724},
	timestamp = {Thu, 29 Jun 2017 17:35:27 +0200},
	biburl    = {http://dblp.uni-trier.de/rec/bib/journals/tnn/GuiSJTT17},
	bibsource = {dblp computer science bibliography, http://dblp.org}
}

@article{DBLP:journals/tnn/ShaoZL15,
	author    = {Ling Shao and
	Fan Zhu and
	Xuelong Li},
	title     = {Transfer Learning for Visual Categorization: {A} Survey},
	journal   = {{IEEE} Trans. Neural Netw. Learning Syst.},
	volume    = {26},
	number    = {5},
	pages     = {1019--1034},
	year      = {2015},
	url       = {https://doi.org/10.1109/TNNLS.2014.2330900},
	doi       = {10.1109/TNNLS.2014.2330900},
	timestamp = {Sun, 28 May 2017 13:22:16 +0200},
	biburl    = {http://dblp.uni-trier.de/rec/bib/journals/tnn/ShaoZL15},
	bibsource = {dblp computer science bibliography, http://dblp.org}
}

@article{DBLP:journals/tip/XuFWLZ16,
	author    = {Yong Xu and
	Xiaozhao Fang and
	Jian Wu and
	Xuelong Li and
	David Zhang},
	title     = {Discriminative Transfer Subspace Learning via Low-Rank and Sparse
	Representation},
	journal   = {{IEEE} Trans. Image Processing},
	volume    = {25},
	number    = {2},
	pages     = {850--863},
	year      = {2016},
	url       = {https://doi.org/10.1109/TIP.2015.2510498},
	doi       = {10.1109/TIP.2015.2510498},
	timestamp = {Fri, 26 May 2017 22:51:56 +0200},
	biburl    = {http://dblp.uni-trier.de/rec/bib/journals/tip/XuFWLZ16},
	bibsource = {dblp computer science bibliography, http://dblp.org}
}


@article{DBLP:journals/corr/LuoWHC17,
	author    = {Lingkun Luo and
	Xiaofang Wang and
	Shiqiang Hu and
	Liming Chen},
	title     = {Robust Data Geometric Structure Aligned Close yet Discriminative Domain
	Adaptation},
	journal   = {CoRR},
	volume    = {abs/1705.08620},
	year      = {2017},
	url       = {http://arxiv.org/abs/1705.08620},
	timestamp = {Wed, 07 Jun 2017 14:42:59 +0200},
	biburl    = {http://dblp.uni-trier.de/rec/bib/journals/corr/LuoWHC17},
	bibsource = {dblp computer science bibliography, http://dblp.org}
}


@inproceedings{DBLP:conf/cvpr/BaktashmotlaghHLS14,
	author    = {Mahsa Baktashmotlagh and
	Mehrtash Tafazzoli Harandi and
	Brian C. Lovell and
	Mathieu Salzmann},
	title     = {Domain Adaptation on the Statistical Manifold},
	booktitle = {2014 {IEEE} Conference on Computer Vision and Pattern Recognition,
	{CVPR} 2014, Columbus, OH, USA, June 23-28, 2014},
	pages     = {2481--2488},
	year      = {2014},
	crossref  = {DBLP:conf/cvpr/2014},
	url       = {https://doi.org/10.1109/CVPR.2014.318},
	doi       = {10.1109/CVPR.2014.318},
	timestamp = {Thu, 25 May 2017 00:41:18 +0200},
	biburl    = {http://dblp.uni-trier.de/rec/bib/conf/cvpr/BaktashmotlaghHLS14},
	bibsource = {dblp computer science bibliography, http://dblp.org}
}

@InProceedings{Tzeng_2017_CVPR,
	author = {Tzeng, Eric and Hoffman, Judy and Saenko, Kate and Darrell, Trevor},
	title = {Adversarial Discriminative Domain Adaptation},
	booktitle = {The IEEE Conference on Computer Vision and Pattern Recognition (CVPR)},
	month = {July},
	year = {2017}
}

@inproceedings{DBLP:conf/icml/DonahueJVHZTD14,
	author    = {Jeff Donahue and
	Yangqing Jia and
	Oriol Vinyals and
	Judy Hoffman and
	Ning Zhang and
	Eric Tzeng and
	Trevor Darrell},
	title     = {DeCAF: {A} Deep Convolutional Activation Feature for Generic Visual
	Recognition},
	booktitle = {Proceedings of the 31th International Conference on Machine Learning,
	{ICML} 2014, Beijing, China, 21-26 June 2014},
	pages     = {647--655},
	year      = {2014},
	crossref  = {DBLP:conf/icml/2014},
	url       = {http://jmlr.org/proceedings/papers/v32/donahue14.html},
	timestamp = {Wed, 29 Mar 2017 16:45:25 +0200},
	biburl    = {http://dblp.uni-trier.de/rec/bib/conf/icml/DonahueJVHZTD14},
	bibsource = {dblp computer science bibliography, http://dblp.org}
}

@ARTICLE{726791, 
	author={Y. Lecun and L. Bottou and Y. Bengio and P. Haffner}, 
	journal={Proceedings of the IEEE}, 
	title={Gradient-based learning applied to document recognition}, 
	year={1998}, 
	volume={86}, 
	number={11}, 
	pages={2278-2324}, 
	keywords={backpropagation;convolution;multilayer perceptrons;optical character recognition;2D shape variability;GTN;back-propagation;cheque reading;complex decision surface synthesis;convolutional neural network character recognizers;document recognition;document recognition systems;field extraction;gradient based learning technique;gradient-based learning;graph transformer networks;handwritten character recognition;handwritten digit recognition task;high-dimensional patterns;language modeling;multilayer neural networks;multimodule systems;performance measure minimization;segmentation recognition;Character recognition;Feature extraction;Hidden Markov models;Machine learning;Multi-layer neural network;Neural networks;Optical character recognition software;Optical computing;Pattern recognition;Principal component analysis}, 
	doi={10.1109/5.726791}, 
	ISSN={0018-9219}, 
	month={Nov},}

@article{DBLP:journals/pami/Hull94,
	author    = {Jonathan J. Hull},
	title     = {A Database for Handwritten Text Recognition Research},
	journal   = {{IEEE} Trans. Pattern Anal. Mach. Intell.},
	volume    = {16},
	number    = {5},
	pages     = {550--554},
	year      = {1994},
	url       = {https://doi.org/10.1109/34.291440},
	doi       = {10.1109/34.291440},
	timestamp = {Wed, 17 May 2017 10:56:27 +0200},
	biburl    = {http://dblp.uni-trier.de/rec/bib/journals/pami/Hull94},
	bibsource = {dblp computer science bibliography, http://dblp.org}
}

@article{DBLP:journals/pami/GhifaryBKZ17,
	author    = {Muhammad Ghifary and
	David Balduzzi and
	W. Bastiaan Kleijn and
	Mengjie Zhang},
	title     = {Scatter Component Analysis: {A} Unified Framework for Domain Adaptation
	and Domain Generalization},
	journal   = {{IEEE} Trans. Pattern Anal. Mach. Intell.},
	volume    = {39},
	number    = {7},
	pages     = {1414--1430},
	year      = {2017},
	url       = {https://doi.org/10.1109/TPAMI.2016.2599532},
	doi       = {10.1109/TPAMI.2016.2599532},
	timestamp = {Mon, 12 Jun 2017 16:41:07 +0200},
	biburl    = {http://dblp.uni-trier.de/rec/bib/journals/pami/GhifaryBKZ17},
	bibsource = {dblp computer science bibliography, http://dblp.org}
}

@article{DBLP:journals/tcyb/UzairM17,
	author    = {Muhammad Uzair and
	Ajmal S. Mian},
	title     = {Blind Domain Adaptation With Augmented Extreme Learning Machine Features},
	journal   = {{IEEE} Trans. Cybernetics},
	volume    = {47},
	number    = {3},
	pages     = {651--660},
	year      = {2017},
	url       = {https://doi.org/10.1109/TCYB.2016.2523538},
	doi       = {10.1109/TCYB.2016.2523538},
	timestamp = {Wed, 17 May 2017 14:25:38 +0200},
	biburl    = {http://dblp.uni-trier.de/rec/bib/journals/tcyb/UzairM17},
	bibsource = {dblp computer science bibliography, http://dblp.org}
}

@article{DBLP:journals/corr/VedaldiL14,
	author    = {Andrea Vedaldi and
	Karel Lenc},
	title     = {MatConvNet - Convolutional Neural Networks for {MATLAB}},
	journal   = {CoRR},
	volume    = {abs/1412.4564},
	year      = {2014},
	url       = {http://arxiv.org/abs/1412.4564},
	timestamp = {Wed, 07 Jun 2017 14:41:51 +0200},
	biburl    = {http://dblp.uni-trier.de/rec/bib/journals/corr/VedaldiL14},
	bibsource = {dblp computer science bibliography, http://dblp.org}
}

@inproceedings{DBLP:conf/mm/JiaSDKLGGD14,
	author    = {Yangqing Jia and
	Evan Shelhamer and
	Jeff Donahue and
	Sergey Karayev and
	Jonathan Long and
	Ross B. Girshick and
	Sergio Guadarrama and
	Trevor Darrell},
	title     = {Caffe: Convolutional Architecture for Fast Feature Embedding},
	booktitle = {Proceedings of the {ACM} International Conference on Multimedia, {MM}
	'14, Orlando, FL, USA, November 03 - 07, 2014},
	pages     = {675--678},
	year      = {2014},
	crossref  = {DBLP:conf/mm/2014},
	url       = {http://doi.acm.org/10.1145/2647868.2654889},
	doi       = {10.1145/2647868.2654889},
	timestamp = {Fri, 06 Mar 2015 11:12:17 +0100},
	biburl    = {http://dblp.uni-trier.de/rec/bib/conf/mm/JiaSDKLGGD14},
	bibsource = {dblp computer science bibliography, http://dblp.org}
}

@article{DBLP:journals/tip/DingF17,
	author    = {Zhengming Ding and
	Yun Fu},
	title     = {Robust Transfer Metric Learning for Image Classification},
	journal   = {{IEEE} Trans. Image Processing},
	volume    = {26},
	number    = {2},
	pages     = {660--670},
	year      = {2017},
	url       = {https://doi.org/10.1109/TIP.2016.2631887},
	doi       = {10.1109/TIP.2016.2631887},
	timestamp = {Fri, 26 May 2017 22:51:55 +0200},
	biburl    = {http://dblp.uni-trier.de/rec/bib/journals/tip/DingF17},
	bibsource = {dblp computer science bibliography, http://dblp.org}
}



@inproceedings{DBLP:conf/iccv/FernandoHST13,
  title={Unsupervised visual domain adaptation using subspace alignment},
  author={Fernando, Basura and Habrard, Amaury and Sebban, Marc and Tuytelaars, Tinne},
  booktitle={Proceedings of the IEEE international conference on computer vision},
  pages={2960--2967},
  year={2013}
}



@article{DBLP:journals/corr/abs-1206-4683,
	author    = {Minmin Chen and
	Zhixiang Eddie Xu and
	Kilian Q. Weinberger and
	Fei Sha},
	title     = {Marginalized Denoising Autoencoders for Domain Adaptation},
	journal   = {CoRR},
	volume    = {abs/1206.4683},
	year      = {2012},
	url       = {http://arxiv.org/abs/1206.4683},
	timestamp = {Wed, 07 Jun 2017 14:40:38 +0200},
	biburl    = {http://dblp.uni-trier.de/rec/bib/journals/corr/abs-1206-4683},
	bibsource = {dblp computer science bibliography, http://dblp.org}
}



@inproceedings{DBLP:conf/aaai/WangWZX14,
  title={Cross-domain metric learning based on information theory},
  author={Wang, Hao and Wang, Wei and Zhang, Chen and Xu, Fanjiang},
  booktitle={Proceedings of the AAAI Conference on Artificial Intelligence},
  volume={28},
  number={1},
  year={2014}
}

@article{DBLP:journals/corr/TzengHZSD14,
	author    = {Eric Tzeng and
	Judy Hoffman and
	Ning Zhang and
	Kate Saenko and
	Trevor Darrell},
	title     = {Deep Domain Confusion: Maximizing for Domain Invariance},
	journal   = {CoRR},
	volume    = {abs/1412.3474},
	year      = {2014},
	url       = {http://arxiv.org/abs/1412.3474},
	timestamp = {Wed, 07 Jun 2017 14:41:51 +0200},
	biburl    = {http://dblp.uni-trier.de/rec/bib/journals/corr/TzengHZSD14},
	bibsource = {dblp computer science bibliography, http://dblp.org}
}

@article{DBLP:journals/neco/ScholkopfSM98,
	author    = {Bernhard Sch{\"{o}}lkopf and
	Alexander J. Smola and
	Klaus{-}Robert M{\"{u}}ller},
	title     = {Nonlinear Component Analysis as a Kernel Eigenvalue Problem},
	journal   = {Neural Computation},
	volume    = {10},
	number    = {5},
	pages     = {1299--1319},
	year      = {1998},
	url       = {https://doi.org/10.1162/089976698300017467},
	doi       = {10.1162/089976698300017467},
	timestamp = {Sun, 28 May 2017 13:19:01 +0200},
	biburl    = {http://dblp.uni-trier.de/rec/bib/journals/neco/ScholkopfSM98},
	bibsource = {dblp computer science bibliography, http://dblp.org}
}

@inproceedings{ben2007analysis,
	title={Analysis of representations for domain adaptation},
	author={Ben-David, Shai and Blitzer, John and Crammer, Koby and Pereira, Fernando},
	booktitle={Advances in neural information processing systems},
	pages={137--144},
	year={2007}
}


@article{ben2010theory,
	title={A theory of learning from different domains},
	author={Ben-David, Shai and Blitzer, John and Crammer, Koby and Kulesza, Alex and Pereira, Fernando and Vaughan, Jennifer Wortman},
	journal={Machine learning},
	volume={79},
	number={1},
	pages={151--175},
	year={2010},
	publisher={Springer}
}

@article{ben2014domain,
	title={Domain adaptation--can quantity compensate for quality?},
	author={Ben-David, Shai and Urner, Ruth},
	journal={Annals of Mathematics and Artificial Intelligence},
	volume={70},
	number={3},
	pages={185--202},
	year={2014},
	publisher={Springer}
}

@article{mansour2009domain,
	title={Domain adaptation: Learning bounds and algorithms},
	author={Mansour, Yishay and Mohri, Mehryar and Rostamizadeh, Afshin},
	journal={arXiv preprint arXiv:0902.3430},
	year={2009}
}


@inproceedings{ganin2015unsupervised,
	title={Unsupervised domain adaptation by backpropagation},
	author={Ganin, Yaroslav and Lempitsky, Victor},
	booktitle={International Conference on Machine Learning},
	pages={1180--1189},
	year={2015}
}

@inproceedings{blitzer2008learning,
	title={Learning bounds for domain adaptation},
	author={Blitzer, John and Crammer, Koby and Kulesza, Alex and Pereira, Fernando and Wortman, Jennifer},
	booktitle={Advances in neural information processing systems},
	pages={129--136},
	year={2008}
}

@inproceedings{kifer2004detecting,
	title={Detecting change in data streams},
	author={Kifer, Daniel and Ben-David, Shai and Gehrke, Johannes},
	booktitle={Proceedings of the Thirtieth international conference on Very large data bases-Volume 30},
	pages={180--191},
	year={2004},
	organization={VLDB Endowment}
}

@article{DBLP:journals/corr/LuoWHWTC17,
	author    = {Lingkun Luo and
	Xiaofang Wang and
	Shiqiang Hu and
	Chao Wang and
	Yuxing Tang and
	Liming Chen},
	title     = {Close Yet Distinctive Domain Adaptation},
	journal   = {CoRR},
	volume    = {abs/1704.04235},
	year      = {2017},
	url       = {http://arxiv.org/abs/1704.04235},
	timestamp = {Wed, 07 Jun 2017 14:41:53 +0200},
	biburl    = {http://dblp.uni-trier.de/rec/bib/journals/corr/LuoWHWTC17},
	bibsource = {dblp computer science bibliography, http://dblp.org}
}



@article{DBLP:journals/cacm/KrizhevskySH17,
	author    = {Alex Krizhevsky and
	Ilya Sutskever and
	Geoffrey E. Hinton},
	title     = {ImageNet classification with deep convolutional neural networks},
	journal   = {Commun. {ACM}},
	volume    = {60},
	number    = {6},
	pages     = {84--90},
	year      = {2017},
	url       = {http://doi.acm.org/10.1145/3065386},
	doi       = {10.1145/3065386},
	timestamp = {Mon, 12 Jun 2017 01:00:00 +0200},
	biburl    = {http://dblp.uni-trier.de/rec/bib/journals/cacm/KrizhevskySH17},
	bibsource = {dblp computer science bibliography, http://dblp.org}
}



@inproceedings{jhuo2012robust,
	title={Robust visual domain adaptation with low-rank reconstruction},
	author={Jhuo, I-Hong and Liu, Dong and Lee, DT and Chang, Shih-Fu},
	booktitle={Computer Vision and Pattern Recognition (CVPR), 2012 IEEE Conference on},
	pages={2168--2175},
	year={2012},
	organization={IEEE}
}

@inproceedings{krizhevsky2012imagenet,
	title={Imagenet classification with deep convolutional neural networks},
	author={Krizhevsky, Alex and Sutskever, Ilya and Hinton, Geoffrey E},
	booktitle={Advances in neural information processing systems},
	pages={1097--1105},
	year={2012}
}

@article{xiang2012discriminative,
	title={Discriminative least squares regression for multiclass classification and feature selection},
	author={Xiang, Shiming and Nie, Feiping and Meng, Gaofeng and Pan, Chunhong and Zhang, Changshui},
	journal={IEEE transactions on neural networks and learning systems},
	volume={23},
	number={11},
	pages={1738--1754},
	year={2012},
	publisher={IEEE}
}

@inproceedings{long2016unsupervised,
	title={Unsupervised domain adaptation with residual transfer networks},
	author={Long, Mingsheng and Zhu, Han and Wang, Jianmin and Jordan, Michael I},
	booktitle={Advances in Neural Information Processing Systems},
	pages={136--144},
	year={2016}
}

@InProceedings{Gholami_2017_ICCV,
	author = {Gholami, Behnam and (Oggi) Rudovic, Ognjen and Pavlovic, Vladimir},
	title = {PUnDA: Probabilistic Unsupervised Domain Adaptation for Knowledge Transfer Across Visual Categories},
	booktitle = {The IEEE International Conference on Computer Vision (ICCV)},
	month = {Oct},
	year = {2017}
}

@InProceedings{Lu_2017_ICCV,
	author = {Lu, Hao and Zhang, Lei and Cao, Zhiguo and Wei, Wei and Xian, Ke and Shen, Chunhua and van den Hengel, Anton},
	title = {When Unsupervised Domain Adaptation Meets Tensor Representations},
	booktitle = {The IEEE International Conference on Computer Vision (ICCV)},
	month = {Oct},
	year = {2017}
}


@article{cesa2004generalization,
	title={On the generalization ability of on-line learning algorithms},
	author={Cesa-Bianchi, Nicolo and Conconi, Alex and Gentile, Claudio},
	journal={IEEE Transactions on Information Theory},
	volume={50},
	number={9},
	pages={2050--2057},
	year={2004},
	publisher={IEEE}
}

@book{boyd2004convex,
	title={Convex optimization},
	author={Boyd, Stephen and Vandenberghe, Lieven},
	year={2004},
	publisher={Cambridge university press}
}

@inproceedings{donahue2013semi,
	title={Semi-supervised domain adaptation with instance constraints},
	author={Donahue, Jeff and Hoffman, Judy and Rodner, Erik and Saenko, Kate and Darrell, Trevor},
	booktitle={Proceedings of the IEEE conference on computer vision and pattern recognition},
	pages={668--675},
	year={2013}
}

@InProceedings{Busto_2017_ICCV,
	author = {Panareda Busto, Pau and Gall, Juergen},
	title = {Open Set Domain Adaptation},
	booktitle = {The IEEE International Conference on Computer Vision (ICCV)},
	month = {Oct},
	year = {2017}
}

@inproceedings{DBLP:conf/ijcai/0004YNH17,
	author    = {Xiaojun Chen and
	Guowen Yuan and
	Feiping Nie and
	Joshua Zhexue Huang},
	title     = {Semi-supervised Feature Selection via Rescaled Linear Regression},
	booktitle = {Proceedings of the Twenty-Sixth International Joint Conference on
	Artificial Intelligence, {IJCAI} 2017, Melbourne, Australia, August
	19-25, 2017},
	pages     = {1525--1531},
	year      = {2017},
	crossref  = {DBLP:conf/ijcai/2017},
	url       = {https://doi.org/10.24963/ijcai.2017/211},
	doi       = {10.24963/ijcai.2017/211},
	timestamp = {Tue, 15 Aug 2017 14:48:05 +0200},
	biburl    = {http://dblp.org/rec/bib/conf/ijcai/0004YNH17},
	bibsource = {dblp computer science bibliography, http://dblp.org}
}

@inproceedings{gretton2007kernel,
	title={A kernel method for the two-sample-problem},
	author={Gretton, Arthur and Borgwardt, Karsten M and Rasch, Malte and Sch{\"o}lkopf, Bernhard and Smola, Alex J},
	booktitle={Advances in neural information processing systems},
	pages={513--520},
	year={2007}
}

@article{si2010bregman,
	title={Bregman divergence-based regularization for transfer subspace learning},
	author={Si, Si and Tao, Dacheng and Geng, Bo},
	journal={IEEE Transactions on Knowledge and Data Engineering},
	volume={22},
	number={7},
	pages={929--942},
	year={2010},
	publisher={IEEE}
}

@article{martinez2001pca,
	title={Pca versus lda},
	author={Mart{\'\i}nez, Aleix M and Kak, Avinash C},
	journal={IEEE transactions on pattern analysis and machine intelligence},
	volume={23},
	number={2},
	pages={228--233},
	year={2001},
	publisher={IEEE}
}


@article{fiori2005formulation,
	title={Formulation and integration of learning differential equations on the Stiefel manifold},
	author={Fiori, Simone},
	journal={IEEE transactions on neural networks},
	volume={16},
	number={6},
	pages={1697--1701},
	year={2005},
	publisher={IEEE}
}

@inproceedings{nie2014optimal,
	title={Optimal mean robust principal component analysis},
	author={Nie, Feiping and Yuan, Jianjun and Huang, Heng},
	booktitle={International conference on machine learning},
	pages={1062--1070},
	year={2014}
}

@article{venkateswara2017deep,
	title={Deep hashing network for unsupervised domain adaptation},
	author={Venkateswara, Hemanth and Eusebio, Jose and Chakraborty, Shayok and Panchanathan, Sethuraman},
	journal={arXiv preprint arXiv:1706.07522},
	year={2017}
}



@inproceedings{sun2016deep,
	title={Deep coral: Correlation alignment for deep domain adaptation},
	author={Sun, Baochen and Saenko, Kate},
	booktitle={European Conference on Computer Vision},
	pages={443--450},
	year={2016},
	organization={Springer}
}

@article{lu2018embarrassingly,
	title={An Embarrassingly Simple Approach to Visual Domain Adaptation},
	author={Lu, Hao and Shen, Chunhua and Cao, Zhiguo and Xiao, Yang and van den Hengel, Anton},
	journal={IEEE Transactions on Image Processing},
	year={2018},
	publisher={IEEE}
}

@article{DBLP:journals/corr/abs-1712-10042,
	author    = {Lingkun Luo and
	Liming Chen and
	Shiqiang Hu and
	Ying Lu and
	Xiaofang Wang},
	title     = {Discriminative and Geometry Aware Unsupervised Domain Adaptation},
	journal   = {CoRR},
	volume    = {abs/1712.10042},
	year      = {2017},
	url       = {http://arxiv.org/abs/1712.10042},
	archivePrefix = {arXiv},
	eprint    = {1712.10042},
	timestamp = {Fri, 05 Jan 2018 06:40:53 +0100},
	biburl    = {https://dblp.org/rec/bib/journals/corr/abs-1712-10042},
	bibsource = {dblp computer science bibliography, https://dblp.org}
}


@article{venkateswara2017deepsp,
	title={Deep-Learning Systems for Domain Adaptation in Computer Vision: Learning Transferable Feature Representations},
	author={Venkateswara, Hemanth and Chakraborty, Shayok and Panchanathan, Sethuraman},
	journal={IEEE Signal Processing Magazine},
	volume={34},
	number={6},
	pages={117--129},
	year={2017},
	publisher={IEEE}
}

@article{tang2017visual,
	title={Visual and Semantic Knowledge Transfer for Large Scale Semi-supervised Object Detection},
	author={Tang, Yuxing and Wang, Josiah and Wang, Xiaofang and Gao, Boyang and Dellandrea, Emmanuel and Gaizauskas, Robert and Chen, Liming},
	journal={IEEE Transactions on Pattern Analysis and Machine Intelligence},
	year={2017},
	publisher={IEEE}
}

@inproceedings{hoffman2014lsda,
	title={LSDA: Large scale detection through adaptation},
	author={Hoffman, Judy and Guadarrama, Sergio and Tzeng, Eric S and Hu, Ronghang and Donahue, Jeff and Girshick, Ross and Darrell, Trevor and Saenko, Kate},
	booktitle={Advances in Neural Information Processing Systems},
	pages={3536--3544},
	year={2014}
}

@inproceedings{sun2016return,
	title={Return of Frustratingly Easy Domain Adaptation.},
	author={Sun, Baochen and Feng, Jiashi and Saenko, Kate},
	booktitle={AAAI},
	volume={6},
	number={7},
	pages={8},
	year={2016}
}

@inproceedings{DBLP:conf/cvpr/HerathHP17,
	author    = {Samitha Herath and
	Mehrtash Tafazzoli Harandi and
	Fatih Porikli},
	title     = {Learning an Invariant Hilbert Space for Domain Adaptation},
	booktitle = {2017 {IEEE} Conference on Computer Vision and Pattern Recognition,
	{CVPR} 2017, Honolulu, HI, USA, July 21-26, 2017},
	pages     = {3956--3965},
	year      = {2017},
	crossref  = {DBLP:conf/cvpr/2017},
	url       = {https://doi.org/10.1109/CVPR.2017.421},
	doi       = {10.1109/CVPR.2017.421},
	timestamp = {Tue, 14 Nov 2017 17:15:07 +0100},
	biburl    = {http://dblp.org/rec/bib/conf/cvpr/HerathHP17},
	bibsource = {dblp computer science bibliography, http://dblp.org}
}

@article{ganin2016domain,
	title={Domain-adversarial training of neural networks},
	author={Ganin, Yaroslav and Ustinova, Evgeniya and Ajakan, Hana and Germain, Pascal and Larochelle, Hugo and Laviolette, Fran{\c{c}}ois and Marchand, Mario and Lempitsky, Victor},
	journal={The Journal of Machine Learning Research},
	volume={17},
	number={1},
	pages={2096--2030},
	year={2016},
	publisher={JMLR. org}
}


@inproceedings{tzeng2017adversarial,
	title={Adversarial discriminative domain adaptation},
	author={Tzeng, Eric and Hoffman, Judy and Saenko, Kate and Darrell, Trevor},
	booktitle={Computer Vision and Pattern Recognition (CVPR)},
	volume={1},
	number={2},
	pages={4},
	year={2017}
}

@inproceedings{courty2017joint,
	title={Joint distribution optimal transportation for domain adaptation},
	author={Courty, Nicolas and Flamary, R{\'e}mi and Habrard, Amaury and Rakotomamonjy, Alain},
	booktitle={Advances in Neural Information Processing Systems},
	pages={3733--3742},
	year={2017}
}

@article{courty2017optimal,
	title={Optimal transport for domain adaptation},
	author={Courty, Nicolas and Flamary, R{\'e}mi and Tuia, Devis and Rakotomamonjy, Alain},
	journal={IEEE transactions on pattern analysis and machine intelligence},
	volume={39},
	number={9},
	pages={1853--1865},
	year={2017},
	publisher={IEEE}
}

@inproceedings{wang2017balanced,
	title={Balanced distribution adaptation for transfer learning},
	author={Wang, Jindong and Chen, Yiqiang and Hao, Shuji and Feng, Wenjie and Shen, Zhiqi},
	booktitle={2017 IEEE International Conference on Data Mining (ICDM)},
	pages={1129--1134},
	year={2017},
	organization={IEEE}
}

@article{zhou2005tri,
	title={Tri-training: Exploiting unlabeled data using three classifiers},
	author={Zhou, Zhi-Hua and Li, Ming},
	journal={IEEE Transactions on knowledge and Data Engineering},
	volume={17},
	number={11},
	pages={1529--1541},
	year={2005},
	publisher={IEEE}
}

@inproceedings{yosinski2014transferable,
	title={How transferable are features in deep neural networks?},
	author={Yosinski, Jason and Clune, Jeff and Bengio, Yoshua and Lipson, Hod},
	booktitle={Advances in neural information processing systems},
	pages={3320--3328},
	year={2014}
}

@article{cucker2002mathematical,
	title={On the mathematical foundations of learning},
	author={Cucker, Felipe and Smale, Steve},
	journal={Bulletin of the American mathematical society},
	volume={39},
	number={1},
	pages={1--49},
	year={2002}
}

@article{lecun2015deep,
	title={Deep learning},
	author={LeCun, Yann and Bengio, Yoshua and Hinton, Geoffrey},
	journal={nature},
	volume={521},
	number={7553},
	pages={436},
	year={2015},
	publisher={Nature Publishing Group}
}



@inproceedings{bousmalis2016domain,
	title={Domain separation networks},
	author={Bousmalis, Konstantinos and Trigeorgis, George and Silberman, Nathan and Krishnan, Dilip and Erhan, Dumitru},
	booktitle={Advances in Neural Information Processing Systems},
	pages={343--351},
	year={2016}
}

@inproceedings{goodfellow2014generative,
	title={Generative adversarial nets},
	author={Goodfellow, Ian and Pouget-Abadie, Jean and Mirza, Mehdi and Xu, Bing and Warde-Farley, David and Ozair, Sherjil and Courville, Aaron and Bengio, Yoshua},
	booktitle={Advances in neural information processing systems},
	pages={2672--2680},
	year={2014}
}

@article{rozantsev2018beyond,
	title={Beyond sharing weights for deep domain adaptation},
	author={Rozantsev, Artem and Salzmann, Mathieu and Fua, Pascal},
	journal={IEEE Transactions on Pattern Analysis and Machine Intelligence},
	year={2018},
	publisher={IEEE}
}

@article{zhang2018importance,
	title={Importance Weighted Adversarial Nets for Partial Domain Adaptation},
	author={Zhang, Jing and Ding, Zewei and Li, Wanqing and Ogunbona, Philip},
	journal={arXiv preprint arXiv:1803.09210},
	year={2018}
}

@inproceedings{sener2016learning,
	title={Learning transferrable representations for unsupervised domain adaptation},
	author={Sener, Ozan and Song, Hyun Oh and Saxena, Ashutosh and Savarese, Silvio},
	booktitle={Advances in Neural Information Processing Systems},
	pages={2110--2118},
	year={2016}
}



@article{lecun1998gradient,
	title={Gradient-based learning applied to document recognition},
	author={LeCun, Yann and Bottou, L{\'e}on and Bengio, Yoshua and Haffner, Patrick},
	journal={Proceedings of the IEEE},
	volume={86},
	number={11},
	pages={2278--2324},
	year={1998},
	publisher={IEEE}
}


@inproceedings{DBLP:conf/icml/SaitoUH17,
  title={Asymmetric tri-training for unsupervised domain adaptation},
  author={Saito, Kuniaki and Ushiku, Yoshitaka and Harada, Tatsuya},
  booktitle={International conference on machine learning},
  pages={2988--2997},
  year={2017},
  organization={PMLR}
}


@inproceedings{liu2016coupled,
	title={Coupled generative adversarial networks},
	author={Liu, Ming-Yu and Tuzel, Oncel},
	booktitle={Advances in neural information processing systems},
	pages={469--477},
	year={2016}
}

@article{liang2018aggregating,
	title={Aggregating Randomized Clustering-Promoting Invariant Projections for Domain Adaptation},
	author={Liang, Jian and He, Ran and Sun, Zhenan and Tan, Tieniu},
	journal={IEEE Transactions on Pattern Analysis and Machine Intelligence},
	year={2018},
	publisher={IEEE}
}

@article{DBLP:journals/tip/DingF18,
	author    = {Zhengming Ding and
	Yun Fu},
	title     = {Deep Domain Generalization With Structured Low-Rank Constraint},
	journal   = {{IEEE} Trans. Image Processing},
	volume    = {27},
	number    = {1},
	pages     = {304--313},
	year      = {2018},
	url       = {https://doi.org/10.1109/TIP.2017.2758199},
	doi       = {10.1109/TIP.2017.2758199},
	timestamp = {Thu, 14 Dec 2017 17:35:24 +0100},
	biburl    = {https://dblp.org/rec/bib/journals/tip/DingF18},
	bibsource = {dblp computer science bibliography, https://dblp.org}
}

@inproceedings{zhang2018aligning,
	title={Aligning Infinite-Dimensional Covariance Matrices in Reproducing Kernel Hilbert Spaces for Domain Adaptation},
	author={Zhang, Zhen and Wang, Mianzhi and Huang, Yan and Nehorai, Arye},
	booktitle={Proceedings of the IEEE Conference on Computer Vision and Pattern Recognition},
	pages={3437--3445},
	year={2018}
}

@article{DBLP:journals/tnn/DingF18,
	author    = {Zhengming Ding and
	Yun Fu},
	title     = {Robust Multiview Data Analysis Through Collective Low-Rank Subspace},
	journal   = {{IEEE} Trans. Neural Netw. Learning Syst.},
	volume    = {29},
	number    = {5},
	pages     = {1986--1997},
	year      = {2018},
	url       = {https://doi.org/10.1109/TNNLS.2017.2690970},
	doi       = {10.1109/TNNLS.2017.2690970},
	timestamp = {Sun, 06 May 2018 23:58:29 +0200},
	biburl    = {https://dblp.org/rec/bib/journals/tnn/DingF18},
	bibsource = {dblp computer science bibliography, https://dblp.org}
}



@inproceedings{DBLP:conf/icml/LongZ0J17,
  title={Deep transfer learning with joint adaptation networks},
  author={Long, Mingsheng and Zhu, Han and Wang, Jianmin and Jordan, Michael I},
  booktitle={International conference on machine learning},
  pages={2208--2217},
  year={2017},
  organization={PMLR}
}

@article{harandi2017dimensionality,
	title={Dimensionality reduction on SPD manifolds: The emergence of geometry-aware methods},
	author={Harandi, Mehrtash and Salzmann, Mathieu and Hartley, Richard},
	journal={IEEE transactions on pattern analysis and machine intelligence},
	year={2017},
	publisher={IEEE}
}

@article{luo2020discriminative,
	title={Discriminative and Geometry-Aware Unsupervised Domain Adaptation},
	author={Luo, Lingkun and Chen, Liming and Hu, Shiqiang and Lu, Ying and Wang, Xiaofang},
	journal={IEEE Transactions on Cybernetics},
	year={2020},
	publisher={IEEE}
}


@inproceedings{wang2018visual,
	title={Visual Domain Adaptation with Manifold Embedded Distribution Alignment},
	author={Wang, Jindong and Feng, Wenjie and Chen, Yiqiang and Yu, Han and Huang, Meiyu and Yu, Philip S},
	booktitle={2018 ACM Multimedia Conference on Multimedia Conference},
	pages={402--410},
	year={2018},
	organization={ACM}
}

@inproceedings{herath2017learning,
	title={Learning an invariant hilbert space for domain adaptation},
	author={Herath, Samitha and Harandi, Mehrtash and Porikli, Fatih},
	booktitle={Proceedings of the IEEE Conference on Computer Vision and Pattern Recognition},
	pages={3845--3854},
	year={2017}
}


@article{karbalayghareh2018optimal,
	title={Optimal Bayesian transfer learning},
	author={Karbalayghareh, Alireza and Qian, Xiaoning and Dougherty, Edward R},
	journal={IEEE Transactions on Signal Processing},
	volume={66},
	number={14},
	pages={3724--3739},
	year={2018},
	publisher={IEEE}
}

@article{liu2019homologous,
	title={Homologous Component Analysis for Domain Adaptation},
	author={Liu, Youfa and Tu, Weiping and Du, Bo and Zhang, Lefei and Tao, Dacheng},
	journal={IEEE Transactions on Image Processing},
	volume={29},
	pages={1074--1089},
	year={2019},
	publisher={IEEE}
}

@inproceedings{pei2018multi,
	title={Multi-adversarial domain adaptation},
	author={Pei, Zhongyi and Cao, Zhangjie and Long, Mingsheng and Wang, Jianmin},
	booktitle={Thirty-Second AAAI Conference on Artificial Intelligence},
	year={2018}
}

@inproceedings{zhao2019multi,
	title={Multi-source domain adaptation for semantic segmentation},
	author={Zhao, Sicheng and Li, Bo and Yue, Xiangyu and Gu, Yang and Xu, Pengfei and Hu, Runbo and Chai, Hua and Keutzer, Kurt},
	booktitle={Advances in Neural Information Processing Systems},
	pages={7285--7298},
	year={2019}
}







@InProceedings{pmlr-v80-hoffman18a,
	title = 	 {{C}y{CADA}: Cycle-Consistent Adversarial Domain Adaptation},
	author = 	 {Hoffman, Judy and Tzeng, Eric and Park, Taesung and Zhu, Jun-Yan and Isola, Phillip and Saenko, Kate and Efros, Alexei and Darrell, Trevor},
	booktitle = 	 {Proceedings of the 35th International Conference on Machine Learning},
	pages = 	 {1989--1998},
	year = 	 {2018},
	editor = 	 {Dy, Jennifer and Krause, Andreas},
	volume = 	 {80},
	series = 	 {Proceedings of Machine Learning Research},
	address = 	 {Stockholmsm√§ssan, Stockholm Sweden},
	month = 	 {10--15 Jul},
	publisher = 	 {PMLR},
	pdf = 	 {http://proceedings.mlr.press/v80/hoffman18a/hoffman18a.pdf},
	url = 	 {http://proceedings.mlr.press/v80/hoffman18a.html},
	abstract = 	 {Domain adaptation is critical for success in new, unseen environments. Adversarial adaptation models have shown tremendous progress towards adapting to new environments by focusing either on discovering domain invariant representations or by mapping between unpaired image domains. While feature space methods are difficult to interpret and sometimes fail to capture pixel-level and low-level domain shifts, image space methods sometimes fail to incorporate high level semantic knowledge relevant for the end task. We propose a model which adapts between domains using both generative image space alignment and latent representation space alignment. Our approach, Cycle-Consistent Adversarial Domain Adaptation (CyCADA), guides transfer between domains according to a specific discriminatively trained task and avoids divergence by enforcing consistency of the relevant semantics before and after adaptation. We evaluate our method on a variety of visual recognition and prediction settings, including digit classification and semantic segmentation of road scenes, advancing state-of-the-art performance for unsupervised adaptation from synthetic to real world driving domains.}
}

@article{li2019locality,
	title={Locality preserving joint transfer for domain adaptation},
	author={Li, Jingjing and Jing, Mengmeng and Lu, Ke and Zhu, Lei and Shen, Heng Tao},
	journal={IEEE Transactions on Image Processing},
	volume={28},
	number={12},
	pages={6103--6115},
	year={2019},
	publisher={IEEE}
}


@article{long2013adaptation,
  title={Adaptation regularization: A general framework for transfer learning},
  author={Long, Mingsheng and Wang, Jianmin and Ding, Guiguang and Pan, Sinno Jialin and Philip, S Yu},
  journal={IEEE Transactions on Knowledge and Data Engineering},
  volume={26},
  number={5},
  pages={1076--1089},
  year={2013},
  publisher={IEEE}
}

@article{li2018heterogeneous,
  title={Heterogeneous domain adaptation through progressive alignment},
  author={Li, Jingjing and Lu, Ke and Huang, Zi and Zhu, Lei and Shen, Heng Tao},
  journal={IEEE transactions on neural networks and learning systems},
  volume={30},
  number={5},
  pages={1381--1391},
  year={2018},
  publisher={IEEE}
}

@article{li2018transfer,
  title={Transfer independently together: A generalized framework for domain adaptation},
  author={Li, Jingjing and Lu, Ke and Huang, Zi and Zhu, Lei and Shen, Heng Tao},
  journal={IEEE transactions on cybernetics},
  volume={49},
  number={6},
  pages={2144--2155},
  year={2018},
  publisher={IEEE}
}

@article{li2019heterogeneous,
  title={Heterogeneous domain adaptation via nonlinear matrix factorization},
  author={Li, Haoliang and Pan, Sinno Jialin and Wang, Shiqi and Kot, Alex C},
  journal={IEEE transactions on neural networks and learning systems},
  volume={31},
  number={3},
  pages={984--996},
  year={2019},
  publisher={IEEE}
}

@article{jing2020adaptive,
  title={Adaptive Component Embedding for Domain Adaptation},
  author={Jing, Mengmeng and Zhao, Jidong and Li, Jingjing and Zhu, Lei and Yang, Yang and Shen, Heng Tao},
  journal={IEEE Transactions on Cybernetics},
  year={2020},
  publisher={IEEE}
}

@article{zhang2019manifold,
  title={Manifold criterion guided transfer learning via intermediate domain generation},
  author={Zhang, Lei and Wang, Shanshan and Huang, Guang-Bin and Zuo, Wangmeng and Yang, Jian and Zhang, David},
  journal={IEEE Transactions on Neural Networks and Learning Systems},
  volume={30},
  number={12},
  pages={3759--3773},
  year={2019},
  publisher={IEEE}
}

@article{zhang2016robust,
  title={Robust visual knowledge transfer via extreme learning machine-based domain adaptation},
  author={Zhang, Lei and Zhang, David},
  journal={IEEE Transactions on Image Processing},
  volume={25},
  number={10},
  pages={4959--4973},
  year={2016},
  publisher={IEEE}
}


@article{li2020discriminative,
  title={Discriminative Transfer Feature and Label Consistency for Cross-Domain Image Classification},
  author={Li, Shuang and Liu, Chi Harold and Su, Limin and Xie, Binhui and Ding, Zhengming and Chen, CL Philip and Wu, Dapeng},
  journal={IEEE Transactions on Neural Networks and Learning Systems},
  year={2020},
  publisher={IEEE}
}

@book{fortin2000augmented,
	title={Augmented Lagrangian methods: applications to the numerical solution of boundary-value problems},
	author={Fortin, Michel and Glowinski, Roland},
	volume={15},
	year={2000},
	publisher={Elsevier}
}

@article{DBLP:journals/tip/ChenS0W20,
  author    = {Yiming Chen and
               Shiji Song and
               Shuang Li and
               Cheng Wu},
  title     = {A Graph Embedding Framework for Maximum Mean Discrepancy-Based Domain
               Adaptation Algorithms},
  journal   = {{IEEE} Trans. Image Process.},
  volume    = {29},
  pages     = {199--213},
  year      = {2020},
  url       = {https://doi.org/10.1109/TIP.2019.2928630},
  doi       = {10.1109/TIP.2019.2928630},
  timestamp = {Fri, 04 Jun 2021 14:45:43 +0200},
  biburl    = {https://dblp.org/rec/journals/tip/ChenS0W20.bib},
  bibsource = {dblp computer science bibliography, https://dblp.org}
}



@inproceedings{DBLP:conf/cvpr/GongLCG19,
  author    = {Rui Gong and
               Wen Li and
               Yuhua Chen and
               Luc Van Gool},
  title     = {{DLOW:} Domain Flow for Adaptation and Generalization},
  booktitle = {{IEEE} Conference on Computer Vision and Pattern Recognition, {CVPR}
               2019, Long Beach, CA, USA, June 16-20, 2019},
  pages     = {2477--2486},
  publisher = {Computer Vision Foundation / {IEEE}},
  year      = {2019},
  url       = {http://openaccess.thecvf.com/content\_CVPR\_2019/html/Gong\_DLOW\_Domain\_Flow\_for\_Adaptation\_and\_Generalization\_CVPR\_2019\_paper.html},
  doi       = {10.1109/CVPR.2019.00258},
  timestamp = {Thu, 27 Aug 2020 07:31:34 +0200},
  biburl    = {https://dblp.org/rec/conf/cvpr/GongLCG19.bib},
  bibsource = {dblp computer science bibliography, https://dblp.org}
}

@article{DBLP:journals/csur/LuLHWC20,
  author    = {Ying Lu and
               Lingkun Luo and
               Di Huang and
               Yunhong Wang and
               Liming Chen},
  title     = {Knowledge Transfer in Vision Recognition: {A} Survey},
  journal   = {{ACM} Comput. Surv.},
  volume    = {53},
  number    = {2},
  pages     = {37:1--37:35},
  year      = {2020},
  url       = {https://doi.org/10.1145/3379344},
  doi       = {10.1145/3379344},
  timestamp = {Fri, 17 Jul 2020 11:16:59 +0200},
  biburl    = {https://dblp.org/rec/journals/csur/LuLHWC20.bib},
  bibsource = {dblp computer science bibliography, https://dblp.org}
}

@article{DBLP:journals/pami/MartinezK01,
  author    = {Aleix M. Mart{\'{\i}}nez and
               Avinash C. Kak},
  title     = {{PCA} versus {LDA}},
  journal   = {{IEEE} Trans. Pattern Anal. Mach. Intell.},
  volume    = {23},
  number    = {2},
  pages     = {228--233},
  year      = {2001},
  url       = {https://doi.org/10.1109/34.908974},
  doi       = {10.1109/34.908974},
  timestamp = {Wed, 14 Nov 2018 10:51:18 +0100},
  biburl    = {https://dblp.org/rec/journals/pami/MartinezK01.bib},
  bibsource = {dblp computer science bibliography, https://dblp.org}
}


@inproceedings{DBLP:conf/cvpr/SaitoWUH18,
  author    = {Kuniaki Saito and
               Kohei Watanabe and
               Yoshitaka Ushiku and
               Tatsuya Harada},
  title     = {Maximum Classifier Discrepancy for Unsupervised Domain Adaptation},
  booktitle = {2018 {IEEE} Conference on Computer Vision and Pattern Recognition,
               {CVPR} 2018, Salt Lake City, UT, USA, June 18-22, 2018},
  pages     = {3723--3732},
  publisher = {Computer Vision Foundation / {IEEE} Computer Society},
  year      = {2018},
  url       = {http://openaccess.thecvf.com/content\_cvpr\_2018/html/Saito\_Maximum\_Classifier\_Discrepancy\_CVPR\_2018\_paper.html},
  doi       = {10.1109/CVPR.2018.00392},
  timestamp = {Tue, 31 Aug 2021 14:00:32 +0200},
  biburl    = {https://dblp.org/rec/conf/cvpr/SaitoWUH18.bib},
  bibsource = {dblp computer science bibliography, https://dblp.org}
}

@article{rakotomamonjy2021optimal,
  title={Optimal transport for conditional domain matching and label shift},
  author={Rakotomamonjy, Alain and Flamary, R{\'e}mi and Gasso, Gilles and Alaya, M El and Berar, Maxime and Courty, Nicolas},
  journal={Machine Learning},
  pages={1--20},
  year={2021},
  publisher={Springer}
}


@inproceedings{li2021cross,
  title={Cross-domain adaptive clustering for semi-supervised domain adaptation},
  author={Li, Jichang and Li, Guanbin and Shi, Yemin and Yu, Yizhou},
  booktitle={Proceedings of the IEEE/CVF Conference on Computer Vision and Pattern Recognition},
  pages={2505--2514},
  year={2021}
}

@inproceedings{yang2020fda,
  title={Fda: Fourier domain adaptation for semantic segmentation},
  author={Yang, Yanchao and Soatto, Stefano},
  booktitle={Proceedings of the IEEE/CVF Conference on Computer Vision and Pattern Recognition},
  pages={4085--4095},
  year={2020}
}
@inproceedings{lee2021dranet,
  title={Dranet: Disentangling representation and adaptation networks for unsupervised cross-domain adaptation},
  author={Lee, Seunghun and Cho, Sunghyun and Im, Sunghoon},
  booktitle={Proceedings of the IEEE/CVF Conference on Computer Vision and Pattern Recognition},
  pages={15252--15261},
  year={2021}
}

@inproceedings{liang2021domain,
  title={Domain adaptation with auxiliary target domain-oriented classifier},
  author={Liang, Jian and Hu, Dapeng and Feng, Jiashi},
  booktitle={Proceedings of the IEEE/CVF Conference on Computer Vision and Pattern Recognition},
  pages={16632--16642},
  year={2021}
}


@inproceedings{zhu2017unpaired,
  title={Unpaired image-to-image translation using cycle-consistent adversarial networks},
  author={Zhu, Jun-Yan and Park, Taesung and Isola, Phillip and Efros, Alexei A},
  booktitle={Proceedings of the IEEE international conference on computer vision},
  pages={2223--2232},
  year={2017}
}

@article{DBLP:journals/tkde/LongWDPY14,
  author    = {Mingsheng Long and
               Jianmin Wang and
               Guiguang Ding and
               Sinno Jialin Pan and
               Philip S. Yu},
  title     = {Adaptation Regularization: {A} General Framework for Transfer Learning},
  journal   = {{IEEE} Trans. Knowl. Data Eng.},
  volume    = {26},
  number    = {5},
  pages     = {1076--1089},
  year      = {2014},
  url       = {https://doi.org/10.1109/TKDE.2013.111},
  doi       = {10.1109/TKDE.2013.111},
  timestamp = {Thu, 08 Jun 2017 09:04:16 +0200},
  biburl    = {https://dblp.org/rec/journals/tkde/LongWDPY14.bib},
  bibsource = {dblp computer science bibliography, https://dblp.org}
}

@article{wei2021toalign,
  title={ToAlign: Task-oriented Alignment for Unsupervised Domain Adaptation},
  author={Wei, Guoqiang and Lan, Cuiling and Zeng, Wenjun and Chen, Zhibo},
  journal={arXiv preprint arXiv:2106.10812},
  year={2021}
}

@book{goodfellow2016deep,
  title={Deep learning},
  author={Goodfellow, Ian and Bengio, Yoshua and Courville, Aaron},
  year={2016},
  publisher={MIT press}
}

@article{belkin2003laplacian,
  title={Laplacian eigenmaps for dimensionality reduction and data representation},
  author={Belkin, Mikhail and Niyogi, Partha},
  journal={Neural computation},
  volume={15},
  number={6},
  pages={1373--1396},
  year={2003},
  publisher={MIT Press}
}

@article{roller2004max,
  title={Max-margin markov networks},
  author={Roller, BTCGD and Taskar, C and Guestrin, D},
  journal={Advances in neural information processing systems},
  volume={16},
  pages={25},
  year={2004}
}

@article{cho2022mcdal,
  title={Mcdal: Maximum classifier discrepancy for active learning},
  author={Cho, Jae Won and Kim, Dong-Jin and Jung, Yunjae and Kweon, In So},
  journal={IEEE Transactions on Neural Networks and Learning Systems},
  year={2022},
  publisher={IEEE}
}

@inproceedings{li2021bi,
  title={Bi-classifier determinacy maximization for unsupervised domain adaptation},
  author={Li, Shuang and Lv, Fangrui and Xie, Binhui and Liu, Chi Harold and Liang, Jian and Qin, Chen},
  booktitle={AAAI},
  year={2021}
}

@inproceedings{kim2019unsupervised,
  title={Unsupervised visual domain adaptation: A deep max-margin gaussian process approach},
  author={Kim, Minyoung and Sahu, Pritish and Gholami, Behnam and Pavlovic, Vladimir},
  booktitle={Proceedings of the IEEE/CVF Conference on Computer Vision and Pattern Recognition},
  pages={4380--4390},
  year={2019}
}

@article{wang2020transfer,
  title={Transfer learning with dynamic distribution adaptation},
  author={Wang, Jindong and Chen, Yiqiang and Feng, Wenjie and Yu, Han and Huang, Meiyu and Yang, Qiang},
  journal={ACM Transactions on Intelligent Systems and Technology (TIST)},
  volume={11},
  number={1},
  pages={1--25},
  year={2020},
  publisher={ACM New York, NY, USA}
}

@article{li2020maximum,
  title={Maximum density divergence for domain adaptation},
  author={Li, Jingjing and Chen, Erpeng and Ding, Zhengming and Zhu, Lei and Lu, Ke and Shen, Heng Tao},
  journal={IEEE transactions on pattern analysis and machine intelligence},
  volume={43},
  number={11},
  pages={3918--3930},
  year={2020},
  publisher={IEEE}
}

@inproceedings{heo2019knowledge,
  title={Knowledge distillation with adversarial samples supporting decision boundary},
  author={Heo, Byeongho and Lee, Minsik and Yun, Sangdoo and Choi, Jin Young},
  booktitle={Proceedings of the AAAI conference on artificial intelligence},
  volume={33},
  number={01},
  pages={3771--3778},
  year={2019}
}


@inproceedings{he2016deep,
  title={Deep residual learning for image recognition},
  author={He, Kaiming and Zhang, Xiangyu and Ren, Shaoqing and Sun, Jian},
  booktitle={Proceedings of the IEEE conference on computer vision and pattern recognition},
  pages={770--778},
  year={2016}
}

@inproceedings{lazarou2021iterative,
  title={Iterative label cleaning for transductive and semi-supervised few-shot learning},
  author={Lazarou, Michalis and Stathaki, Tania and Avrithis, Yannis},
  booktitle={Proceedings of the IEEE/CVF International Conference on Computer Vision},
  pages={8751--8760},
  year={2021}
}

@inproceedings{DBLP:conf/nips/LongC0J18,
  author    = {Mingsheng Long and
               Zhangjie Cao and
               Jianmin Wang and
               Michael I. Jordan},
  title     = {Conditional Adversarial Domain Adaptation},
  booktitle = {Neural Information Processing Systems 2018, NeurIPS 2018,},
  pages     = {1647--1657},
  year      = {2018},
  url       = {https://proceedings.neurips.cc/paper/2018/hash/ab88b15733f543179858600245108dd8-Abstract.html},
  timestamp = {Thu, 21 Jan 2021 15:15:20 +0100},
  biburl    = {https://dblp.org/rec/conf/nips/LongC0J18.bib},
  bibsource = {dblp computer science bibliography, https://dblp.org}
}


@inproceedings{wang2019transferable,
  title={Transferable attention for domain adaptation},
  author={Wang, Ximei and Li, Liang and Ye, Weirui and Long, Mingsheng and Wang, Jianmin},
  booktitle={Proceedings of the AAAI Conference on Artificial Intelligence},
  volume={33},
  number={01},
  pages={5345--5352},
  year={2019}
}

@inproceedings{hu2020unsupervised,
  title={Unsupervised domain adaptation with hierarchical gradient synchronization},
  author={Hu, Lanqing and Kan, Meina and Shan, Shiguang and Chen, Xilin},
  booktitle={Proceedings of the IEEE/CVF Conference on Computer Vision and Pattern Recognition},
  pages={4043--4052},
  year={2020}
}

@inproceedings{li2020enhanced,
  title={Enhanced transport distance for unsupervised domain adaptation},
  author={Li, Mengxue and Zhai, Yi-Ming and Luo, You-Wei and Ge, Peng-Fei and Ren, Chuan-Xian},
  booktitle={Proceedings of the IEEE/CVF Conference on Computer Vision and Pattern Recognition},
  pages={13936--13944},
  year={2020}
}

@article{van2008visualizing,
  title={Visualizing data using t-SNE.},
  author={Van der Maaten, Laurens and Hinton, Geoffrey},
  journal={Journal of machine learning research},
  volume={9},
  number={11},
  year={2008}
}

@article{luo2022attention,
  title={Attention Regularized Laplace Graph for Domain Adaptation},
  author={Luo, Lingkun and Chen, Liming and Hu, Shiqiang},
  journal={IEEE Transactions on Image Processing},
  volume={31},
  pages={7322--7337},
  year={2022},
  publisher={IEEE}
}



@article{luo2023discriminative,
  title={Discriminative noise robust sparse orthogonal label regression-based domain adaptation},
  author={Luo, Lingkun and Hu, Shiqiang and Chen, Liming},
  journal={International Journal of Computer Vision},
  pages={1--24},
  year={2023},
  publisher={Springer}
}


@article{cai2021learning,
  title={Learning smooth representation for unsupervised domain adaptation},
  author={Cai, Guanyu and He, Lianghua and Zhou, MengChu and Alhumade, Hesham and Hu, Die},
  journal={IEEE Transactions on Neural Networks and Learning Systems},
  year={2021},
  publisher={IEEE}
}

@article{wu2021entropy,
  title={Entropy minimization versus diversity maximization for domain adaptation},
  author={Wu, Xiaofu and Zhang, Suofei and Zhou, Quan and Yang, Zhen and Zhao, Chunming and Latecki, Longin Jan},
  journal={IEEE Transactions on Neural Networks and Learning Systems},
  year={2021},
  publisher={IEEE}
}


@article{peng2017visda,
  title={Visda: The visual domain adaptation challenge},
  author={Peng, Xingchao and Usman, Ben and Kaushik, Neela and Hoffman, Judy and Wang, Dequan and Saenko, Kate},
  journal={arXiv preprint arXiv:1710.06924},
  year={2017}
}