@article{baum2011long,
  title={How long until human-level AI? Results from an expert assessment},
  author={Baum, Seth D and Goertzel, Ben and Goertzel, Ted G},
  journal={Technological Forecasting and Social Change},
  volume={78},
  number={1},
  pages={185--195},
  year={2011},
  publisher={Elsevier}
}

@article{burg2021moore,
  title={Moore’s Law revisited through Intel chip density},
  author={Burg, David and Ausubel, Jesse H},
  journal={PloS one},
  volume={16},
  number={8},
  pages={e0256245},
  year={2021},
  publisher={Public Library of Science San Francisco, CA USA}
}

@article{dwivedi2023evolution,
  title={Evolution of artificial intelligence research in Technological Forecasting and Social Change: Research topics, trends, and future directions},
  author={Dwivedi, Yogesh K and Sharma, Anuj and Rana, Nripendra P and Giannakis, Mihalis and Goel, Pooja and Dutot, Vincent},
  journal={Technological Forecasting and Social Change},
  volume={192},
  pages={122579},
  year={2023},
  publisher={Elsevier}
}

@book{grubler1990rise,
  title={The rise and fall of infrastructures: dynamics of evolution and technological change in transport},
  author={Grubler, Arnulf},
  year={1990},
  publisher={Physica-Verlag}
}

@article{gruetzemacher2021forecasting,
  title={Forecasting AI progress: A research agenda},
  author={Gruetzemacher, Ross and Dorner, Florian E and Bernaola-Alvarez, Niko and Giattino, Charlie and Manheim, David},
  journal={Technological Forecasting and Social Change},
  volume={170},
  pages={120909},
  year={2021},
  publisher={Elsevier}
}

@article{halal2013forecasting,
  title={Forecasting the technology revolution: results and learnings from the TechCast project},
  author={Halal, William E},
  journal={Technological Forecasting and Social Change},
  volume={80},
  number={8},
  pages={1635--1643},
  year={2013},
  publisher={Elsevier}
}

@article{harris2018logistic,
  title={Logistic growth curve modeling of US energy production and consumption},
  author={Harris, Tyler M and Devkota, Jay P and Khanna, Vikas and Eranki, Pragnya L and Landis, Amy E},
  journal={Renewable and Sustainable Energy Reviews},
  volume={96},
  pages={46--57},
  year={2018},
  publisher={Elsevier}
}

@article{kirkwood2015deciphering,
  title={Deciphering death: a commentary on Gompertz (1825)‘On the nature of the function expressive of the law of human mortality, and on a new mode of determining the value of life contingencies’},
  author={Kirkwood, Thomas BL},
  journal={Philosophical Transactions of the Royal Society B: Biological Sciences},
  volume={370},
  number={1666},
  pages={20140379},
  year={2015},
  publisher={The Royal Society}
}

@article{laird1964dynamics,
  title={Dynamics of tumour growth},
  author={Laird, Anna Kane},
  journal={British journal of cancer},
  volume={18},
  number={3},
  pages={490},
  year={1964},
  publisher={Nature Publishing Group}
}

@article{lee2020estimation,
  title={Estimation of COVID-19 spread curves integrating global data and borrowing information},
  author={Lee, Se Yoon and Lei, Bowen and Mallick, Bani},
  journal={PloS one},
  volume={15},
  number={7},
  pages={e0236860},
  year={2020},
  publisher={Public Library of Science San Francisco, CA USA}
}

@article{levene2022skew,
  title={A Skew Logistic Distribution for Modelling COVID-19 Waves and Its Evaluation Using the Empirical Survival Jensen--Shannon Divergence},
  author={Levene, Mark},
  journal={Entropy},
  volume={24},
  number={5},
  pages={600},
  year={2022},
  publisher={MDPI}
}

@article{mckendrick1912xlv,
  title={XLV.—the rate of multiplication of micro-organisms: a mathematical study},
  author={McKendrick, AG and Pai, M Kesava},
  journal={Proceedings of the Royal Society of Edinburgh},
  volume={31},
  pages={649--655},
  year={1912}
}

@article{modis2022links,
  title={Links between entropy, complexity, and the technological singularity},
  author={Modis, Theodore},
  journal={Technological Forecasting and Social Change},
  volume={176},
  pages={121457},
  year={2022},
  publisher={Elsevier}
}

@book{perez2003technological,
  title={Technological revolutions and financial capital},
  author={Perez, Carlota},
  year={2003},
  publisher={Edward Elgar Publishing}
}

@article{richards1959flexible,
  title={A flexible growth function for empirical use},
  author={Richards, Francis J},
  journal={Journal of experimental Botany},
  volume={10},
  number={2},
  pages={290--301},
  year={1959},
  publisher={Oxford University Press}
}

@article{sepaskhah2011logistic,
  title={Logistic model application for prediction of maize yield under water and nitrogen management},
  author={Sepaskhah, Ali Reza and Fahandezh-Saadi, Saghar and Zand-Parsa, Shahrokh},
  journal={Agricultural Water Management},
  volume={99},
  number={1},
  pages={51--57},
  year={2011},
  publisher={Elsevier}
}

@article{shao2022tracing,
  title={Tracing the evolution of AI in the past decade and forecasting the emerging trends},
  author={Shao, Zhou and Zhao, Ruoyan and Yuan, Sha and Ding, Ming and Wang, Yongli},
  journal={Expert Systems with Applications},
  volume={209},
  pages={118221},
  year={2022},
  publisher={Elsevier}
}

@article{verhulst1845recherches,
  title={Recherches math{\'e}matiques sur la loi d’accroissement de la population},
  author={Verhulst, Pierre-Fran{\c{c}}ois},
  journal={M{\'e}moires de l'Acad{\'e}mie royale de Belgique},
  volume={18},
  number={1},
  pages={1--40},
  year={1845},
  publisher={Pers{\'e}e-Portail des revues scientifiques en SHS}
}

@article{villalobos2022will,
  title={Will we run out of data? an analysis of the limits of scaling datasets in machine learning},
  author={Villalobos, Pablo and Sevilla, Jaime and Heim, Lennart and Besiroglu, Tamay and Hobbhahn, Marius and Ho, Anson},
  journal={arXiv preprint arXiv:2211.04325},
  year={2022}
}

