@article{moor2006dartmouth,
  title={The Dartmouth College artificial intelligence conference: The next fifty years},
  author={Moor, James},
  journal={Ai Magazine},
  volume={27},
  number={4},
  pages={87--87},
  year={2006}
}

@article{abd2023large,
  title={Large language models in medical education: opportunities, challenges, and future directions},
  author={Abd-Alrazaq, Alaa and AlSaad, Rawan and Alhuwail, Dari and Ahmed, Arfan and Healy, Padraig Mark and Latifi, Syed and Aziz, Sarah and Damseh, Rafat and Alrazak, Sadam Alabed and Sheikh, Javaid and others},
  journal={JMIR Medical Education},
  volume={9},
  number={1},
  pages={e48291},
  year={2023},
  publisher={JMIR Publications Inc., Toronto, Canada}
}

@article{biever2023chatgpt,
  title={ChatGPT broke the Turing test-the race is on for new ways to assess AI},
  author={Biever, Celeste},
  journal={Nature},
  volume={619},
  number={7971},
  pages={686--689},
  year={2023}
}

@article{chang2024survey,
  title={A survey on evaluation of large language models},
  author={Chang, Yupeng and Wang, Xu and Wang, Jindong and Wu, Yuan and Yang, Linyi and Zhu, Kaijie and Chen, Hao and Yi, Xiaoyuan and Wang, Cunxiang and Wang, Yidong and others},
  journal={ACM Transactions on Intelligent Systems and Technology},
  volume={15},
  number={3},
  pages={1--45},
  year={2024},
  publisher={ACM New York, NY}
}

@article{vaswani2017attention,
  title={Attention is all you need},
  author={Vaswani, Ashish and Shazeer, Noam and Parmar, Niki and Uszkoreit, Jakob and Jones, Llion and Gomez, Aidan N and Kaiser, {\L}ukasz and Polosukhin, Illia},
  journal={Advances in neural information processing systems},
  volume={30},
  year={2017}
}

@inproceedings{kenton2019bert,
  title={BERT: Pre-training of Deep Bidirectional Transformers for Language Understanding},
  author={Kenton, Jacob Devlin Ming-Wei Chang and Toutanova, Lee Kristina},
  booktitle={Proceedings of NAACL-HLT},
  pages={4171--4186},
  year={2019}
}

@article{hadi2023survey,
  title={A survey on large language models: Applications, challenges, limitations, and practical usage},
  author={Hadi, Muhammad Usman and Qureshi, Rizwan and Shah, Abbas and Irfan, Muhammad and Zafar, Anas and Shaikh, Muhammad Bilal and Akhtar, Naveed and Wu, Jia and Mirjalili, Seyedali and others},
  journal={Authorea Preprints},
  year={2023},
  publisher={Authorea}
}

@article{liu2024sora,
  title={Sora: A Review on Background, Technology, Limitations, and Opportunities of Large Vision Models},
  author={Liu, Yixin and Zhang, Kai and Li, Yuan and Yan, Zhiling and Gao, Chujie and Chen, Ruoxi and Yuan, Zhengqing and Huang, Yue and Sun, Hanchi and Gao, Jianfeng and others},
  journal={arXiv preprint arXiv:2402.17177},
  year={2024}
}

@article{liu2023gpt,
  title={GPT understands, too},
  author={Liu, Xiao and Zheng, Yanan and Du, Zhengxiao and Ding, Ming and Qian, Yujie and Yang, Zhilin and Tang, Jie},
  journal={AI Open},
  year={2023},
  publisher={Elsevier}
}

@incollection{good1966speculations,
  title={Speculations concerning the first ultraintelligent machine},
  author={Good, Irving John},
  booktitle={Advances in computers},
  volume={6},
  pages={31--88},
  year={1966},
  publisher={Elsevier}
}

@article{yudkowsky1996staring,
  title={Staring into the Singularity},
  author={Yudkowsky, Eliezer},
  year={1996}
}

@article{vinge1993coming,
  title={The coming technological singularity: How to survive in the post-human era},
  author={Vinge, Vernor},
  journal={Science fiction criticism: An anthology of essential writings},
  volume={81},
  pages={352--363},
  year={1993},
  publisher={Bloomsbury Academic}
}

@incollection{kurzweil2005singularity,
  title={The singularity is near},
  author={Kurzweil, Ray},
  booktitle={Ethics and emerging technologies},
  pages={393--406},
  year={2005},
  publisher={Springer}
}

@article{grace2018will,
  title={When will AI exceed human performance? Evidence from AI experts},
  author={Grace, Katja and Salvatier, John and Dafoe, Allan and Zhang, Baobao and Evans, Owain},
  journal={Journal of Artificial Intelligence Research},
  volume={62},
  pages={729--754},
  year={2018}
}

@article{verhulst1845recherches,
  title={Recherches math{\'e}matiques sur la loi d’accroissement de la population},
  author={Verhulst, Pierre-Fran{\c{c}}ois},
  journal={M{\'e}moires de l'Acad{\'e}mie royale de Belgique},
  volume={18},
  number={1},
  pages={1--40},
  year={1845},
  publisher={Pers{\'e}e-Portail des revues scientifiques en SHS}
}

@article{mckendrick1912xlv,
  title={XLV.—the rate of multiplication of micro-organisms: a mathematical study},
  author={McKendrick, AG and Pai, M Kesava},
  journal={Proceedings of the Royal Society of Edinburgh},
  volume={31},
  pages={649--655},
  year={1912}
}

@article{sepaskhah2011logistic,
  title={Logistic model application for prediction of maize yield under water and nitrogen management},
  author={Sepaskhah, Ali Reza and Fahandezh-Saadi, Saghar and Zand-Parsa, Shahrokh},
  journal={Agricultural Water Management},
  volume={99},
  number={1},
  pages={51--57},
  year={2011},
  publisher={Elsevier}
}

@article{laird1964dynamics,
  title={Dynamics of tumour growth},
  author={Laird, Anna Kane},
  journal={British journal of cancer},
  volume={18},
  number={3},
  pages={490},
  year={1964},
  publisher={Nature Publishing Group}
}

@article{lee2020estimation,
  title={Estimation of COVID-19 spread curves integrating global data and borrowing information},
  author={Lee, Se Yoon and Lei, Bowen and Mallick, Bani},
  journal={PloS one},
  volume={15},
  number={7},
  pages={e0236860},
  year={2020},
  publisher={Public Library of Science San Francisco, CA USA}
}

@book{perez2003technological,
  title={Technological revolutions and financial capital},
  author={Perez, Carlota},
  year={2003},
  publisher={Edward Elgar Publishing}
}

@book{grubler1990rise,
  title={The rise and fall of infrastructures: dynamics of evolution and technological change in transport},
  author={Grubler, Arnulf},
  year={1990},
  publisher={Physica-Verlag}
}

@article{dvs2015new,
  title={A new skew logistic distribution: Properties and applications},
  author={Dvs, S and Deepesh, B},
  journal={Brazilian Journal of Probability and Statistics},
  year={2015}
}

@article{richards1959flexible,
  title={A flexible growth function for empirical use},
  author={Richards, Francis J},
  journal={Journal of experimental Botany},
  volume={10},
  number={2},
  pages={290--301},
  year={1959},
  publisher={Oxford University Press}
}

@article{kirkwood2015deciphering,
  title={Deciphering death: a commentary on Gompertz (1825)‘On the nature of the function expressive of the law of human mortality, and on a new mode of determining the value of life contingencies’},
  author={Kirkwood, Thomas BL},
  journal={Philosophical Transactions of the Royal Society B: Biological Sciences},
  volume={370},
  number={1666},
  pages={20140379},
  year={2015},
  publisher={The Royal Society}
}

@article{levene2022skew,
  title={A Skew Logistic Distribution for Modelling COVID-19 Waves and Its Evaluation Using the Empirical Survival Jensen--Shannon Divergence},
  author={Levene, Mark},
  journal={Entropy},
  volume={24},
  number={5},
  pages={600},
  year={2022},
  publisher={MDPI}
}

@article{harris2018logistic,
  title={Logistic growth curve modeling of US energy production and consumption},
  author={Harris, Tyler M and Devkota, Jay P and Khanna, Vikas and Eranki, Pragnya L and Landis, Amy E},
  journal={Renewable and Sustainable Energy Reviews},
  volume={96},
  pages={46--57},
  year={2018},
  publisher={Elsevier}
}

@article{burg2021moore,
  title={Moore’s Law revisited through Intel chip density},
  author={Burg, David and Ausubel, Jesse H},
  journal={PloS one},
  volume={16},
  number={8},
  pages={e0256245},
  year={2021},
  publisher={Public Library of Science San Francisco, CA USA}
}

%%%%%%%%%%%%%%

@article{gruetzemacher2021forecasting,
  title={Forecasting AI progress: A research agenda},
  author={Gruetzemacher, Ross and Dorner, Florian E and Bernaola-Alvarez, Niko and Giattino, Charlie and Manheim, David},
  journal={Technological Forecasting and Social Change},
  volume={170},
  pages={120909},
  year={2021},
  publisher={Elsevier}
}

@article{gruetzemacher2019holistic,
  title={A holistic framework for forecasting transformative AI},
  author={Gruetzemacher, Ross},
  journal={Big Data and Cognitive Computing},
  volume={3},
  number={3},
  pages={35},
  year={2019},
  publisher={MDPI}
}

@article{feng2022review,
  title={A review of technological forecasting from the perspective of complex systems},
  author={Feng, Lijie and Wang, Qinghua and Wang, Jinfeng and Lin, Kuo-Yi},
  journal={Entropy},
  volume={24},
  number={6},
  pages={787},
  year={2022},
  publisher={MDPI}
}

@article{shao2022tracing,
  title={Tracing the evolution of AI in the past decade and forecasting the emerging trends},
  author={Shao, Zhou and Zhao, Ruoyan and Yuan, Sha and Ding, Ming and Wang, Yongli},
  journal={Expert Systems with Applications},
  volume={209},
  pages={118221},
  year={2022},
  publisher={Elsevier}
}

@article{boden1984artificial,
  title={Artificial intelligence and social forecasting},
  author={Boden, Margaret A},
  journal={Journal of Mathematical Sociology},
  volume={9},
  number={4},
  pages={341--356},
  year={1984},
  publisher={Taylor \& Francis}
}

@article{halal2013forecasting,
  title={Forecasting the technology revolution: results and learnings from the TechCast project},
  author={Halal, William E},
  journal={Technological Forecasting and Social Change},
  volume={80},
  number={8},
  pages={1635--1643},
  year={2013},
  publisher={Elsevier}
}

@article{bengisu2006forecasting,
  title={Forecasting emerging technologies with the aid of science and technology databases},
  author={Bengisu, Murat and Nekhili, Ramzi},
  journal={Technological Forecasting and Social Change},
  volume={73},
  number={7},
  pages={835--844},
  year={2006},
  publisher={Elsevier}
}

@article{tsai2023quantitative,
  title={Quantitative Technology Forecasting: A Review of Trend Extrapolation Methods},
  author={Tsai, Peng-Hung and Berleant, Daniel and Segall, Richard S and Aboudja, Hyacinthe and Batthula, Venkata Jaipal Reddy and Duggirala, Sheela and Howell, Michael},
  journal={International Journal of Innovation and Technology Management},
  volume={20},
  number={04},
  pages={2330002},
  year={2023},
  publisher={World Scientific}
}

@article{baum2011long,
  title={How long until human-level AI? Results from an expert assessment},
  author={Baum, Seth D and Goertzel, Ben and Goertzel, Ted G},
  journal={Technological Forecasting and Social Change},
  volume={78},
  number={1},
  pages={185--195},
  year={2011},
  publisher={Elsevier}
}

@article{li2021exploring,
  title={Exploring the technology emergence related to artificial intelligence: A perspective of coupling analyses},
  author={Li, Munan and Wang, Wenshu and Zhou, Keyu},
  journal={Technological Forecasting and Social Change},
  volume={172},
  pages={121064},
  year={2021},
  publisher={Elsevier}
}

@article{villalobos2022will,
  title={Will we run out of data? an analysis of the limits of scaling datasets in machine learning},
  author={Villalobos, Pablo and Sevilla, Jaime and Heim, Lennart and Besiroglu, Tamay and Hobbhahn, Marius and Ho, Anson},
  journal={arXiv preprint arXiv:2211.04325},
  year={2022}
}

@article{modis2022links,
  title={Links between entropy, complexity, and the technological singularity},
  author={Modis, Theodore},
  journal={Technological Forecasting and Social Change},
  volume={176},
  pages={121457},
  year={2022},
  publisher={Elsevier}
}

@article{dwivedi2023evolution,
  title={Evolution of artificial intelligence research in Technological Forecasting and Social Change: Research topics, trends, and future directions},
  author={Dwivedi, Yogesh K and Sharma, Anuj and Rana, Nripendra P and Giannakis, Mihalis and Goel, Pooja and Dutot, Vincent},
  journal={Technological Forecasting and Social Change},
  volume={192},
  pages={122579},
  year={2023},
  publisher={Elsevier}
}

@article{kalem2021technology,
  title={Technology forecasting in the mobile telecommunication industry: A case study towards the 5G era},
  author={Kalem, Gokhan and Vayvay, Ozalp and Sennaroglu, Bahar and Tozan, Hakan},
  journal={Engineering Management Journal},
  volume={33},
  number={1},
  pages={15--29},
  year={2021},
  publisher={Taylor \& Francis}
}

@article{kucharavy2011logistic,
  title={Logistic substitution model and technological forecasting},
  author={Kucharavy, Dmitry and De Guio, Roland},
  journal={Procedia Engineering},
  volume={9},
  pages={402--416},
  year={2011},
  publisher={Elsevier}
}

@article{fletcher1971modified,
  title={A modified Marquardt subroutine for non-linear least squares},
  author={Fletcher, Roger},
  year={1971},
  publisher={Theoretical Physics Division, Atomic Energy Research Establishment Harwell, UK}
}

@incollection{kurzweil2001law,
  title={The law of accelerating returns},
  author={Kurzweil, Ray},
  booktitle={Alan Turing: Life and legacy of a great thinker},
  pages={381--416},
  year={2001},
  publisher={Springer}
}

@article{hochreiter1997long,
  title={Long short-term memory},
  author={Hochreiter, Sepp and Schmidhuber, J{\"u}rgen},
  journal={Neural computation},
  volume={9},
  number={8},
  pages={1735--1780},
  year={1997},
  publisher={MIT press}
}

@article{lecun1995convolutional,
  title={Convolutional networks for images, speech, and time series},
  author={LeCun, Yann and Bengio, Yoshua and others},
  journal={The handbook of brain theory and neural networks},
  volume={3361},
  number={10},
  pages={1995},
  year={1995},
  publisher={Citeseer}
}


@article{rumelhart1986learning,
  title={Learning representations by back-propagating errors},
  author={Rumelhart, David E and Hinton, Geoffrey E and Williams, Ronald J},
  journal={nature},
  volume={323},
  number={6088},
  pages={533--536},
  year={1986},
  publisher={Nature Publishing Group UK London}
}

@article{hsu1999ibm,
  title={IBM's deep blue chess grandmaster chips},
  author={Hsu, Feng-hsiung},
  journal={IEEE micro},
  volume={19},
  number={2},
  pages={70--81},
  year={1999},
  publisher={IEEE}
}

@inproceedings{fast2017long,
  title={Long-term trends in the public perception of artificial intelligence},
  author={Fast, Ethan and Horvitz, Eric},
  booktitle={Proceedings of the AAAI conference on artificial intelligence},
  volume={31},
  number={1},
  year={2017}
} 

@article{debecker1994determination,
  title={Determination of the uncertainties in S-curve logistic fits},
  author={Debecker, Alain and Modis, Theodore},
  journal={Technological Forecasting and Social Change},
  volume={46},
  number={2},
  pages={153--173},
  year={1994},
  publisher={Elsevier}
}	

@article{wang2021artificial,
  title={Artificial intelligence in product lifecycle management},
  author={Wang, Lei and Liu, Zhengchao and Liu, Ang and Tao, Fei},
  journal={The International Journal of Advanced Manufacturing Technology},
  volume={114},
  pages={771--796},
  year={2021},
  publisher={Springer}
}

@article{drozdz2003log,
  title={Log-periodic self-similarity: an emerging financial law?},
  author={Dro{\.z}d{\.z}, S and Gr{\"u}mmer, F and Ruf, F and Speth, J},
  journal={Physica A: Statistical Mechanics and its Applications},
  volume={324},
  number={1-2},
  pages={174--182},
  year={2003},
  publisher={Elsevier}
}

@article{jin2023spatio,
  title={Spatio-temporal graph neural networks for predictive learning in urban computing: A survey},
  author={Jin, Guangyin and Liang, Yuxuan and Fang, Yuchen and Shao, Zezhi and Huang, Jincai and Zhang, Junbo and Zheng, Yu},
  journal={IEEE Transactions on Knowledge and Data Engineering},
  year={2023},
  publisher={IEEE}
}

@inproceedings{jin2023con,
  title={Spatio-temporal graph neural point process for traffic congestion event prediction},
  author={Jin, Guangyin and Liu, Lingbo and Li, Fuxian and Huang, Jincai},
  booktitle={Proceedings of the AAAI Conference on Artificial Intelligence},
  volume={37},
  number={12},
  pages={14268--14276},
  year={2023}
}
