@inproceedings{arazo19,
    title={Unsupervised Label Noise Modeling and Loss Correction},
    author={E. Arazo and D. Ortego and P. Albert and N. E. O'Connor and K. McGuinness},
    booktitle={ICML},
    year={2019}
}

@inproceedings{bai2021understanding,
  title={Understanding and improving early stopping for learning with noisy labels},
  author={Y. Bai and E. Yang and B. Han and Y. Yang and J. Li and Y. Mao and G. Niu and T. Liu},
  booktitle={NeurIPS},
  year={2021}
}

@article{gao16knn,
  title   = {On the resistance of nearest neighbor to random noisy labels.},
  author  = {W. Gao and B. Yang and Z. Zhou},
  journal = {arXiv preprint arXiv:1607.07526},
  year    = {2016}
}

@inproceedings{han18coteaching,
    title={Co-teaching: Robust Training of Deep Neural Networks with Extremely Noisy Labels}, 
    author={B. Han and Q. Yao and X. Yu and G. Niu and M. Xu and W. Hu and I. Tsang and M. Sugiyama},
    booktitle={NeurIPS},
    year={2018}
}

@inproceedings{han20sigua,
    title={SIGUA: Forgetting May Make Learning with Noisy Labels More Robust},
    author={B. Han and G. Niu and X. Yu and Q. Yao and M. Xu and I. W. Tsang and M. Sugiyama},
    booktitle={ICML},
    year={2020}
}

@inproceedings{hendrycks18nips,
  title={Using trusted data to train deep networks on labels corrupted by severe noise},
  author={D. Hendrycks and M. Mazeika and D. Wilson and K. Gimpel},
  booktitle={NeurIPS},
  year={2018}
}

@inproceedings{hu20rdiaux,
    title={Simple and Effective Regularization Methods for Training on Noisily Labeled Data with Generalization Guarantee},
    author={W. Hu and Z. Li and D. Y},
    booktitle={ICLR},
    year={2020}
}

@inproceedings{huang2020self,
  title={Self-adaptive training: beyond empirical risk minimization},
  author={L. Huang and C. Zhang and H. Zhang},
  booktitle={NeurIPS},
  year={2020}
}

@inproceedings{karim2022unicon,
  title={Unicon: Combating label noise through uniform selection and contrastive learning},
  author={N. Karim and M. N. Rizve and N. Rahnavard and A. Mian and M. Shah},
  booktitle={CVPR},
  year={2022}
}

@inproceedings{kim21fine,
	author    = {T. Kim and J. Ko and S. Cho and J. Choi and S. Yun},
	title     = {FINE Samples for Learning with Noisy Labels.},
	year      = {2021},
	booktitle = {NeurIPS}
}

@inproceedings{kmlee19,
	author    = {K. Lee and S. Yun and K. Lee and H. Lee and B. Li and J. Shin},
	title     = {Robust Inference via Generative Classiﬁers for Handling Noisy Labels.},
	year      = {2019},
	booktitle = {ICML}
}

@inproceedings{li2020dividemix,
  title={Dividemix: Learning with noisy labels as semi-supervised learning},
  author={J. Li and R. Socher and S. C. Hoi},
  booktitle={ICLR},
  year={2020}
}

@inproceedings{li22neighbor,
  title={Neighborhood Collective Estimation for Noisy Label Identification and Correction},
  author={J. Li and G. Li and F. Liu and Y. Yu},
  booktitle={ECCV},
  year={2022}
}

@inproceedings{liu2020early,
  title={Early-learning regularization prevents memorization of noisy labels},
  author={S. Liu and J. Niles-Weed and N. Razavian and C. Fernandez-Granda},
  booktitle={NeurIPS},
  year={2020}
}

@inproceedings{ma18d2l,
    title={Dimensionality-Driven Learning with Noisy Labels},
    author={X. Ma and Y. Wang and M. E. Houle and S. Zhou and S. M. Erfani and S. T. Xia and S. Wijewickrema and J. Bailey},
    booktitle={ICML},
    year={2018}
}

@inproceedings{menon20phuber,
  title={Can gradient clipping mitigate label noise?},
  author={A. K. Menon and A. S. Rawat and S. J. Reddi and S. Kumar},
  booktitle={ICLR},
  year={2020}
}

@inproceedings{mirzasoleiman20crust,
    title={Coresets for Robust Training of Neural Networks against Noisy Labels},
    author={B. Mirzasoleiman and K. Cao and J. Leskovec},
    booktitle={NeurIPS},
    year={2020}
}

@inproceedings{patrini17,
    title={Making Deep Neural Networks Robust to Label Noise: a Loss Correction Approach},
    author={G. Patrini and A. Rozza and A. Menon and R. Nock and L. Qu},
    booktitle={CVPR},
    year={2017},
}

@inproceedings{pleiss20aum,
  title={Identifying Mislabeled Data using the Area Under the Margin Ranking},
  author={G. Pleiss and T. Zhang and E. R. Elenberg and K. Q. Weinberger},
  booktitle={NeurIPS},
  year={2020}
}

@inproceedings{song19b, 
    title = {SELFIE: Refurbishing Unclean Samples for Robust Deep Learning}, 
    author = {H. Song and M. Kim and J. Lee}, 
    booktitle = {ICML},
    year = {2019}
}

@inproceedings{wang18,
    title={Iterative Learning with Open-set Noisy Labels}, 
      author={Y. Wang and W. Liu and X. Ma and J. Bailey and H. Zha and L. Song and S. Xia},
      booktitle={CVPR},
      year={2018}
}

@inproceedings{wang19sce,
  title={Symmetric Cross Entropy for Robust Learning with Noisy Labels},
  author={Y. Wang and X. Ma and Z. Chen and Y. Luo and J. Yi and J. Bailey},
  booktitle={ICCV},
  year={2019}
}

@inproceedings{wang22spr,
    title={Scalable Penalized Regression for Noise Detection in Learning with Noisy Labels},
    author={Y. Wang and X. Sun and Y. Fu},
    booktitle={CVPR},
    year={2022}
}

@inproceedings{wu2021ngc,
  title={NGC: A Unified Framework for Learning with Open-World Noisy Data},
  author={Z. F. Wu and T. Wei and J. Jiang and C. Mao and M. Tang and Y. F. Li},
  booktitle={ICCV},
  year={2021}
}

@inproceedings{wu20topo,
  title={A topological ﬁlter for learning with label noise.},
  author={P. Wu and S. Zheng and M. Goswami and D. N. Metaxas and C. Chen},
  booktitle={NeurIPS},
  year={2020}
}

@inproceedings{xia21cdr,
    title={Robust Early-Learning: Hindering The Memorization of Noisy Labels},
    author={X. Xia and T. Liu and B. Han and C. Gong and N. Wang and Z. Ge and Y. Chang},
    booktitle={ICLR},
    year={2021}
}

@inproceedings{xia22,
    title={Sample Selection with Uncertainty of Losses for Learning with Noisy Labels},
    author={X. Xia and T. Liu and B. Han and M. Gong and J. Yu and G. Niu and M. Sugiyama},
    booktitle={ICLR},
    year={2022}
}

@inproceedings{yao22cmixup,
    title={C-Mixup: Improving Generalization in Regression},
    author={H. Yao and Y. Wang and L. Zhang and J. Zou and C. Finn},
    booktitle={NeurIPS},
    year={2022}
}

@inproceedings{zhang18mixup,
  title={mixup: Beyond empirical risk minimization},
  author={H. Zhang and M. Cisse and Y. N. Dauphin and D. Lopez-Paz},
  booktitle={ICLR},
  year={2018}
}

