@Article{article,
	author = "Author1 LastName1 and Author2 LastName2 and Author3 LastName3",
	title = "Article Title",
	volume = "30",
	number = "30",
	pages = "10127-10134",
	year = "2013",
	doi = "10.3389/fnins.2013.12345",
	URL = "http://www.frontiersin.org/Journal/10.3389/fnins.2013.12345/abstract",
	journal = "Frontiers in Neuroscience"
}

@book{book,
  author    = {Author Name}, 
  title     = {The title of the work},
  publisher = {The name of the publisher},
  address   = {The city},
  year      = 1993,
}

@incollection{chapter,
  author       = {Bauthor Surname}, 
  title        = {The title of the work},
  editor       = {Editor Name},
  booktitle    = {The title of the book},
  publisher    = {The name of the publisher},
  address      = {The city},
  year         = 2002,
  pages        = {201-213},
}

@InProceedings{conference,
  author = {Cauthor Name and Dauthor Surname and Fauthor LastName},
  title = {The title of the work},
  booktitle = {The title of the conference proceedings},
  year = 1996,
  publisher = {The name of the publisher},
  editor = {Editor Name1 and Editor Name2},
  pages = {41-50},
}

@book{cho,
  author       = {Gauthor Name1}, 
  title        = {The title of the work},
  publisher = {Country code and patent number},
  address      = {Patent Country},
  year = 2013
}

@book{patent,
  author    = {Hauthor Surname1}, 
  title     = {The title of the work},
  publisher = {Patent number},
  address   = {Patent country},
  year      = 2010,
}

% please use misc for datasets
@misc{dataset, 
	author = "Author1 LastName1 and Author2 LastName2 and Author3 LastName3",
	title = "Data Title",
	year = "2011",
	doi = "10.000/55555",
	URL = "http://www.frontiersin.org/",
}

@INPROCEEDINGS{aegnn,
  author={Schaefer, Simon and Gehrig, Daniel and Scaramuzza, Davide},
  booktitle={CVPR}, 
  title={{AEGNN}: Asynchronous Event-based Graph Neural Networks}, 
  year={2022},
  volume={},
  number={},
  keywords={Power demand;Object detection;Market research;Graph neural networks;Pattern recognition;Object recognition;Task analysis;Efficient learning and inferences; Low-level vision; Scene analysis and understanding},
  doi={10.1109/CVPR52688.2022.01205}}


@Inbook{raha_book_chapter,
author="Raha, Arnab
and Sung, Raymond
and Ghosh, Soumendu
and Gupta, Praveen Kumar
and Mathaikutty, Deepak A.
and Cheema, Umer I.
and Hyland, Kevin
and Brick, Cormac
and Raghunathan, Vijay",
editor="Pasricha, Sudeep
and Shafique, Muhammad",
title="Efficient Hardware Acceleration of Emerging Neural Networks for Embedded Machine Learning: An Industry Perspective",
bookTitle="Embedded Machine Learning for Cyber-Physical, IoT, and Edge Computing: Hardware Architectures",
year="2024",
publisher="Springer",
pages="121--172",
isbn="978-3-031-19568-6",
doi="10.1007/978-3-031-19568-6_5",
}


@inproceedings{gcn,
title={Semi-Supervised Classification with Graph Convolutional Networks},
author={Thomas N. Kipf and Max Welling},
booktitle={ICLR},
year={2017},
}


@inproceedings{gat,
title={Graph Attention Networks},
author={Petar Veličković and Guillem Cucurull and Arantxa Casanova and Adriana Romero and Pietro Liò and Yoshua Bengio},
booktitle={ICLR},
year={2018},
}

@inproceedings{sage,
author = {Hamilton, William L. and Ying, Rex and Leskovec, Jure},
title = {Inductive representation learning on large graphs},
year = {2017},
isbn = {9781510860964},
booktitle = {NeurIPS},
numpages = {11},
location = {Long Beach, California, USA}
}


@inproceedings{fast_gnn, title={Fast and Robust Resource-Constrained Scheduling with Graph Neural Networks}, DOI={10.1609/icaps.v33i1.27244}, booktitle={ICAPS}, author={Teichteil-Königsbuch, Florent and Povéda, Guillaume and González de Garibay Barba, Guillermo and Luchterhand, Tim and Thiébaux, Sylvie}, year={2023}}


@inproceedings{hls_gnn,
author = {Nunez-Yanez, Jose},
title = {Accelerating Graph Neural Networks in Pytorch with HLS and Deep Dataflows},
year = {2023},
isbn = {978-3-031-42920-0},
doi = {10.1007/978-3-031-42921-7_9},
booktitle = {ARC},
numpages = {15},
keywords = {neural network, FPGA, sparse, HLS, GNN, Pytorch},
location = {Cottbus, Germany}
}


@inproceedings{sharedGNN,
  author    = {Claire Savard and Nicholas Manganelli and Burt Holzman and Lindsey Gray and Alexx Perloff and Kevin Pedro and Kevin Stenson and Keith Ulmer},
  title     = {Optimizing High-Throughput Inference on Graph Neural Networks at Shared Computing Facilities with the NVIDIA Triton Inference Server},
  booktitle   = {Computing and Software for Big Science},
  year      = {2024},
  doi       = {10.1007/s41781-024-00123-2},
  issn      = {2510-2044},
}




@inproceedings{EnGN,
  author={Liang, Shengwen and Wang, Ying and Liu, Cheng and He, Lei and LI, Huawei and Xu, Dawen and Li, Xiaowei},
  booktitle={TC}, 
  title={{EnGN}: A High-Throughput and Energy-Efficient Accelerator for Large Graph Neural Networks}, 
  year={2021},
  keywords={Neural networks;Hardware;System-on-chip;Task analysis;Feature extraction;Memory management;Graph neural network;accelerator architecture;hardware acceleration},
  doi={10.1109/TC.2020.3014632}}


@inproceedings{flexnn,
      title={{FlexNN}: A Dataflow-aware Flexible Deep Learning Accelerator for Energy-Efficient Edge Devices}, 
      author={Arnab Raha and Deepak A. Mathaikutty and Soumendu K. Ghosh and Shamik Kundu},
      year={2024},
      eprint={2403.09026},
      booktitle={arXiv},
      archivePrefix={arXiv},
      primaryClass={cs.AR}, 
}

@article{gnn_ipu,
  title = {Acceleration of Graph Neural Network-Based Prediction Models in Chemistry via Co-Design Optimization on Intelligence Processing Units},
  author = {Helal, Hatem and Firoz, Jesun and Bilbrey, Jenna A. and Sprueill, Henry and Herman, Kristina M. and Krell, Mario Michael and Murray, Tom and Roldan, Manuel Lopez and Kraus, Mike and Li, Ang and Das, Payel and Xantheas, Sotiris S. and Choudhury, Sutanay},
  year = {2024},
  month = {Mar},
  day = {11},
  journal = {Journal of Chemical Information and Modeling},
  volume = {64},
  number = {5},
  pages = {1568--1580},
  publisher = {American Chemical Society},
  doi = {10.1021/acs.jcim.3c01312},
  issn = {1549-9596}
}


@article{gnn_survey_wu,
   title={A Comprehensive Survey on Graph Neural Networks},
   volume={32},
   ISSN={2162-2388},
   DOI={10.1109/tnnls.2020.2978386},
   number={1},
   journal={TNNLS},
   publisher={Institute of Electrical and Electronics Engineers (IEEE)},
   author={Wu, Zonghan and Pan, Shirui and Chen, Fengwen and Long, Guodong and Zhang, Chengqi and Yu, Philip S.},
   year={2021}}


@inproceedings{
gnn_rag,
title={{GNN}-{RAG}: Graph Neural Retrieval for Large Language Model Reasoning},
author={Costas Mavromatis and George Karypis},
booktitle={Submitted to ICLR},
year={2025},
note={under review}
}


@inproceedings{
g_retriever,
title={G-Retriever: Retrieval-Augmented Generation for Textual Graph Understanding and Question Answering},
author={Xiaoxin He and Yijun Tian and Yifei Sun and Nitesh V Chawla and Thomas Laurent and Yann LeCun and Xavier Bresson and Bryan Hooi},
booktitle={NeurIPS},
year={2024},
}


@inproceedings{evgnn,
      title={{EvGNN}: An Event-driven Graph Neural Network Accelerator for Edge Vision}, 
      author={Yufeng Yang and Adrian Kneip and Charlotte Frenkel},
      year={2024},
      eprint={2404.19489},
      booktitle={arXiv},
      archivePrefix={arXiv},
      primaryClass={cs.CV},
}


@INPROCEEDINGS{gnn_emotion,
  author={Chen, Feiyu and Shao, Jie and Zhu, Shuyuan and Shen, Heng Tao},
  booktitle={CVPR}, 
  title={Multivariate, Multi-Frequency and Multimodal: Rethinking Graph Neural Networks for Emotion Recognition in Conversation}, 
  year={2023},
  volume={},
  number={},
  keywords={Emotion recognition;Computer vision;Computational modeling;Graph neural networks;Pattern recognition;Task analysis;Context modeling;Multi-modal learning},
  doi={10.1109/CVPR52729.2023.01036}}


@inproceedings{gcode,
author = {Zhou, Ao and Yang, Jianlei and Qiao, Tong and Qi, Yingjie and Yang, Zhi and Zhao, Weisheng and Hu, Chunming},
title = {Graph Neural Networks Automated Design and Deployment on Device-Edge Co-Inference Systems},
year = {2024},
isbn = {9798400706011},
doi = {10.1145/3649329.3655938},
booktitle = {DAC},
articleno = {187},
numpages = {6},
keywords = {GNN, hardware-aware, neural architecture search, co-inference},
}


@INPROCEEDINGS{gcn_point_cloud,
  author={Li, Yawei and Chen, He and Cui, Zhaopeng and Timofte, Radu and Pollefeys, Marc and Chirikjian, Gregory and Van Gool, Luc},
  booktitle={ICCV}, 
  title={Towards Efficient Graph Convolutional Networks for Point Cloud Handling}, 
  year={2021},
  volume={},
  number={},
  keywords={Point cloud compression;Computer vision;Three-dimensional displays;Convolution;Memory management;Neural networks;Graphics processing units;Optimization and learning methods;Machine learning architectures and formulations},
  doi={10.1109/ICCV48922.2021.00373}}


@INPROCEEDINGS{gnn_edge_1,
  author={Zhou, Ao and Yang, Jianlei and Qi, Yingjie and Shi, Yumeng and Qiao, Tong and Zhao, Weisheng and Hu, Chunming},
  booktitle={DAC}, 
  title={Hardware-Aware Graph Neural Network Automated Design for Edge Computing Platforms}, 
  year={2023},
  volume={},
  number={},
  keywords={Performance evaluation;Computational modeling;Graphics processing units;Computer architecture;Predictive models;Search problems;Graph neural networks;Hardware-Aware;Graph Neural Network;Neural Architecture Search;Edge Devices},
  doi={10.1109/DAC56929.2023.10247875}}


@INPROCEEDINGS{gnn_fpga,
  author={Lu, Qing and Jiang, Weiwen and Jiang, Meng and Hu, Jingtong and Shi, Yiyu},
  booktitle={ISVLSI}, 
  title={Hardware/Software Co-Exploration for Graph Neural Architectures on FPGAs}, 
  year={2022},
  volume={},
  number={},
  keywords={Network topology;System performance;Computer architecture;Reinforcement learning;Very large scale integration;Search problems;Hardware;Neural Architecture Search;Graph Neural Networks;FPGA},
  doi={10.1109/ISVLSI54635.2022.00079}}


@ARTICLE{gnn_autonomous,
  author={Yu, Shih-Yuan and Malawade, Arnav Vaibhav and Muthirayan, Deepan and Khargonekar, Pramod P. and Faruque, Mohammad Abdullah Al},
  journal={T-ITS}, 
  title={Scene-Graph Augmented Data-Driven Risk Assessment of Autonomous Vehicle Decisions}, 
  year={2022},
  volume={23},
  number={7},
  keywords={Risk management;Autonomous vehicles;Training;Pipelines;Computational modeling;Automobiles;Testing;Autonomous vehicle;risk assessment;scene understanding;graph convolutional neural network},
  doi={10.1109/TITS.2021.3074854}}


@INPROCEEDINGS{g_cos,
  author={Zhang, Yongan and You, Haoran and Fu, Yonggan and Geng, Tong and Li, Ang and Lin, Yingyan},
  booktitle={ICCAD}, 
  title={{G-CoS}: {GNN}-Accelerator {C}o-{S}earch Towards Both Better Accuracy and Efficiency}, 
  year={2021},
  volume={},
  number={},
  keywords={Limiting;Design automation;Computer architecture;Boosting;Hardware;Graph neural networks;Task analysis;GNN-Accelerator;Neural Architecture Search},
  doi={10.1109/ICCAD51958.2021.9643549}}


@misc{lnl,
  title={Intel\textregistered\ Core\texttrademark\ Ultra series mobile processors product brief},
  author={{Intel}},
  year={2024},
  howpublished={\url{https://www.intel.com/content/www/us/en/products/docs/processors/core-ultra/core-ultra-series-2-mobile-product-brief.html}},
  note={Accessed: January 30, 2025}
}



@misc{mtl,
  title = {Intel\textregistered\ Core\texttrademark\ Ultra Series 1 Product Brief},
  author = {Intel},
  year = {2024},
  howpublished = {\url{https://www.intel.com/content/www/us/en/products/docs/processors/core-ultra/core-ultra-series-1-product-brief.html}},
  note = {Accessed: Jan. 30, 2025}
}


@misc{openvino_ops,
  author = {{OpenVINO Documentation}},
  title = {OpenVINO {IR} Format: Operation Sets and Specifications},
  year = {2024},
  url = {https://docs.openvino.ai/2024/documentation/openvino-ir-format/operation-sets/operation-specs.html},
  note = {Accessed: Jan. 30, 2025},
  howpublished = {\url{https://docs.openvino.ai/2024/documentation/openvino-ir-format/operation-sets/operation-specs.html}}
}


@INPROCEEDINGS{zvc,
  author={Rhu, Minsoo and O'Connor, Mike and Chatterjee, Niladrish and Pool, Jeff and Kwon, Youngeun and Keckler, Stephen W.},
  booktitle={HPCA}, 
  title={Compressing DMA Engine: Leveraging Activation Sparsity for Training Deep Neural Networks}, 
  year={2018},
  volume={},
  number={},
  keywords={Graphics processing units;Training;Feature extraction;Bandwidth;Neural networks;Resource management;Backpropagation;GPU;Compression},
  doi={10.1109/HPCA.2018.00017}}

@ARTICLE{bronstein2017geometric,
  author={Bronstein, Michael M. and Bruna, Joan and LeCun, Yann and Szlam, Arthur and Vandergheynst, Pierre},
  journal={IEEE Signal Processing Magazine}, 
  title={Geometric Deep Learning: Going beyond Euclidean data}, 
  year={2017},
  volume={34},
  number={4},
  keywords={Convolution;Computational modeling;Euclidean distance;Machine learning;Convolutional codes;Social network services;Computer architecture},
  doi={10.1109/MSP.2017.2693418}}


@inproceedings{
gu2022efficiently,
title={Efficiently Modeling Long Sequences with Structured State Spaces},
author={Albert Gu and Karan Goel and Christopher Re},
booktitle={ICLR},
year={2022},
}

@misc{openvino,
    author = {Intel},
    title      = {{Intel\textregistered\ Distribution of OpenVINO\texttrademark\ Toolkit}},
    url         = {https://www.intel.com/content/www/us/en/developer/tools/openvino-toolkit/overview.html},
    note = {Accessed: Jan. 30, 2025},
}

@ARTICLE{drax,
  author={Das, Arghadip and Ghosh, Soumendu Kumar and Raha, Arnab and Raghunathan, Vijay},
  journal={IOTJ}, 
  title={Toward Energy-Efficient Collaborative Inference Using Multisystem Approximations}, 
  year={2024},
  volume={11},
  number={10},
}

@article{axis_tecs,
author = {Ghosh, Soumendu Kumar and Raha, Arnab and Raghunathan, Vijay},
title = {Energy-Efficient Approximate Edge Inference Systems},
year = {2023},
volume = {22},
number = {4},
issn = {1539-9087},
journal = {ACM TECS},
month = jul,
articleno = {77},
}
