@inproceedings{aitchison2021statistical,
    title={A statistical theory of cold posteriors in deep neural networks},
    author={Aitchison, Laurence},
    booktitle={International Conference on Learning Representations (ICLR)},
    year={2021},
}

@article{antoniano2013bayesian,
    author={Antoniano-Villalobos, Isadora and Walker, Stephen G.},
    title={{Bayesian Nonparametric Inference for the Power Likelihood}},
    journal={Journal of Computational and Graphical Statistics},
    volume={22},
    number={4},
    pages={801--813},
    year={2013},
    url={http://www.tandfonline.com/doi/abs/10.1080/10618600.2012.728511},
}

@article{friel2008marginal,
    author={Friel, Nial and Pettitt, Anthony N.},
    title={{Marginal Likelihood Estimation via Power Posteriors}},
    journal={Journal of the Royal Statistical Society Series B: Statistical Methodology},
    volume={70},
    number={3},
    pages={589--607},
    year={2008},
    publisher={Oxford University Press},
    url={https://academic.oup.com/jrsssb/article/70/3/589/7109555},
}

@inproceedings{grunwald2012safe,
    author={Gr{\"u}nwald, Peter},
    title={{The Safe Bayesian: learning the learning rate via the mixability gap}},
    booktitle={International Conference on Algorithmic Learning Theory},
    pages={169--183},
    year={2012},
    organization={Springer},
}

@article{grunwald2017inconsistency,
    author={Gr{\"u}nwald, Peter and van Ommen, Thijs},
    title={{Inconsistency of Bayesian Inference for Misspecified Linear Models, and a Proposal for Repairing It}},
    journal={Bayesian Analysis},
    volume={12},
    number={4},
    pages={1069--1103},
    year={2017},
    publisher={International Society for Bayesian Analysis},
    url={https://projecteuclid.org/journals/bayesian-analysis/volume-12/issue-4/Inconsistency-of-Bayesian-Inference-for-Misspecified-Linear-Models-and-a/10.1214/17-BA1085.full},
}

@inproceedings{higginsBetaVAE2017,
    author={Higgins, Irina and Matthey, Loic and Pal, Arka and Burgess, Christopher and Glorot, Xavier and Botvinick, Matthew and Mohamed, Shakir and Lerchner, Alexander},
    title={{$\beta$-VAE: Learning Basic Visual Concepts with a Constrained Variational Framework}},
    booktitle={International Conference on Learning Representations (ICLR)},
    year={2017},
}

@inproceedings{kapoor2022uncertainty,
    author={Kapoor, Sanyam and Maddox, Wesley J. and Izmailov, Pavel and Wilson, Andrew G.},
    title={{On Uncertainty, Tempering, and Data Augmentation in Bayesian Classification}},
    booktitle={Advances in Neural Information Processing Systems (NeurIPS)},
    year={2022},
}

@inproceedings{mandt2016variational,
    author={Mandt, Stephan and McInerney, James and Abrol, Farhan and Ranganath, Rajesh and Blei, David},
    title={Variational Tempering},
    booktitle={International Conference on Artificial Intelligence and Statistics (AISTATS)},
    year={2016},
}

@article{miller2019robust,
    author={Miller, Jeffrey W. and Dunson, David B.},
    title={{Robust Bayesian Inference via Coarsening}},
    journal={Journal of the American Statistical Association},
    year={2019},
    publisher={Taylor \& Francis},
    url = {http://arxiv.org/abs/1506.06101},
}

@inproceedings{osawa2019practical,
    author={Osawa, Kazuki and Swaroop, Siddharth and Khan, Mohammad Emtiyaz E and Jain, Anirudh and Eschenhagen, Runa and Turner, Richard E and Yokota, Rio},
    title={{Practical Deep Learning with Bayesian Principles}},
    booktitle={Advances in Neural Information Processing Systems (NeurIPS)},
    year={2019},
}

@inproceedings{pitas2024fine,
    author={Pitas, Konstantinos and Arbel, Julyan},
    title={{The Fine Print on Tempered Posteriors}},
    booktitle={Asian Conference on Machine Learning},
    year={2024},
}

@inproceedings{wang2017robust,
    author={Wang, Yixin and Kucukelbir, Alp and Blei, David M},
    title={{Robust Probabilistic Modeling with Bayesian Data Reweighting}},
    booktitle={International Conference on Machine Learning (ICML)},
    year={2017},
    url={https://proceedings.mlr.press/v70/wang17g/wang17g.pdf},
}

@inproceedings{wenzel2020good,
    author={Wenzel, Florian and Roth, Kevin and Veeling, Bastiaan S. and {\'S}wi{\k{a}}tkowski, Jakub and Tran, Linh and Mandt, Stephan and Snoek, Jasper and Salimans, Tim and Jenatton, Rodolphe and Nowozin, Sebastian},
    title={{How Good is the Bayes Posterior in Deep Neural Networks Really?}},
    booktitle={International Conference on Machine Learning (ICML)},
    year={2020},
}

@inproceedings{zhang2015supervise,
    author={Zhang, Cheng and Kjellstr{\"o}m, Hedvig},
    title={How to Supervise Topic Models},
    booktitle={ECCV Workshop on Graphical Models in Computer Vision},
    year={2014},
}

@inproceedings{zhang2018noisy,
    author={Zhang, Guodong and Sun, Shengyang and Duvenaud, David and Grosse, Roger},
    title={{Noisy Natural Gradient as Variational Inference}},
    booktitle={International Conference on Machine Learning (ICML)},
    year={2018},
}
# TODO: fix \nocite{hinton1993keeping,graves2011practical,krishnan2019efficient,he2016deep,dosovitskiy2021vit,liu2022convnet}

