@inproceedings{aitchison2021statistical,
    title={A statistical theory of cold posteriors in deep neural networks},
    author={Aitchison, Laurence},
    booktitle={International Conference on Learning Representations (ICLR)},
    year={2021},
}
@article{antoniano2013bayesian,
    author={Antoniano-Villalobos, Isadora and Walker, Stephen G.},
    title={{Bayesian Nonparametric Inference for the Power Likelihood}},
    journal={Journal of Computational and Graphical Statistics},
    volume={22},
    number={4},
    pages={801--813},
    year={2013},
    url={http://www.tandfonline.com/doi/abs/10.1080/10618600.2012.728511},
}
@inbook{bishop2006Bayesian,
    author={Bishop, Christopher M.},
    title={Pattern Recognition and Machine Learning},
    publisher={Springer},
    year={2006},
    chapter={3.4 Bayesian Model Comparison},
}
@article{blei2017variational,
    author={Blei, David M. and Kucukelbir, Alp and McAuliffe, Jon D.},
    title={{Variational Inference: A Review for Statisticians}},
    journal={Journal of the American Statistical Association},
    volume={112},
    number={518},
    pages={859--877},
    year={2017},
    publisher={Taylor \& Francis},
}
@inproceedings{blundell2015weight,
    author={Blundell, Charles and Cornebise, Julien and Kavukcuoglu, Koray and Wierstra, Daan},
    title={{Weight Uncertainty in Neural Networks}},
    booktitle={International Conference on Machine Learning (ICML)},
    year={2015},
}
@inproceedings{burda2016importance,
    author={Burda, Yuri and Grosse, Roger and Salakhutdinov, Ruslan},
    title={{Importance Weighted Autoencoders}},
    booktitle={International Conference on Learning Representations (ICLR)},
    year={2016},
}
@article{chelba2006adaptation,
    author={Chelba, Ciprian and Acero, Alex},
    title={{Adaptation of Maximum Entropy Capitalizer: Little Data Can Help a Lot}},
    journal={Computer Speech \& Language},
    volume={20},
    number={4},
    pages={382--399},
    year={2006},
    publisher={Elsevier},
}
@inproceedings{cherief2019consistency,
    author={Cherief-Abdellatif, Badr-Eddine},
    title={{Consistency of ELBO maximization for model selection}},
    booktitle={Proceedings of The 1st Symposium on Advances in Approximate Bayesian Inference},
    year={2019},
    url={https://proceedings.mlr.press/v96/cherief-abdellatif19a.html},
}
@inproceedings{damianouDeepGaussianProcesses2013,
    author={Damianou, Andreas and Lawrence, Neil},
    title={{Deep Gaussian Processes}},
    booktitle={International Conference on Artificial Intelligence and Statistics (AISTATS)},
    year={2013},
    url={http://proceedings.mlr.press/v31/damianou13a.html},
}
@article{friel2008marginal,
    author={Friel, Nial and Pettitt, Anthony N.},
    title={{Marginal Likelihood Estimation via Power Posteriors}},
    journal={Journal of the Royal Statistical Society Series B: Statistical Methodology},
    volume={70},
    number={3},
    pages={589--607},
    year={2008},
    publisher={Oxford University Press},
    url={https://academic.oup.com/jrsssb/article/70/3/589/7109555},
}
@inbook{goodfellow2016Regularization,
    author={Ian Goodfellow and Yoshua Bengio and Aaron Courville},
    title={Deep Learning},
    publisher={MIT Press},
    year={2016},
    chapter={7 Regularization for Deep Learning},
    url={https://www.deeplearningbook.org/},
}
@inproceedings{grunwald2012safe,
    author={Gr{\"u}nwald, Peter},
    title={{The Safe Bayesian: learning the learning rate via the mixability gap}},
    booktitle={International Conference on Algorithmic Learning Theory},
    pages={169--183},
    year={2012},
    organization={Springer},
}
@article{grunwald2017inconsistency,
    author={Gr{\"u}nwald, Peter and van Ommen, Thijs},
    title={{Inconsistency of Bayesian Inference for Misspecified Linear Models, and a Proposal for Repairing It}},
    journal={Bayesian Analysis},
    volume={12},
    number={4},
    pages={1069--1103},
    year={2017},
    publisher={International Society for Bayesian Analysis},
    url={https://projecteuclid.org/journals/bayesian-analysis/volume-12/issue-4/Inconsistency-of-Bayesian-Inference-for-Misspecified-Linear-Models-and-a/10.1214/17-BA1085.full},
}
@article{harvey2024transfer,
    author={Ethan Harvey and Mikhail Petrov and Michael C. Hughes},
    title={{Transfer Learning with Informative Priors: Simple Baselines Better than Previously Reported}},
    journal={Transactions on Machine Learning Research (TMLR)},
    issn={2835-8856},
    year={2024},
    url={https://openreview.net/forum?id=BbvSU02jLg},
    note={Reproducibility Certification},
}
@inbook{hastie2009elements,
    author={Hastie, Trevor and Tibshirani, Robert and Friedman, Jerome},
    title={{The Elements of Statistical Learning}},
    publisher={Springer},
    year={2009},
    chapter={Sec. 3.4 Shrinkage Methods},
    series={Springer Series in Statistics},
    edition={Second},
    url = {https://web.stanford.edu/~hastie/ElemStatLearn/},
}
@inproceedings{higginsBetaVAE2017,
    author={Higgins, Irina and Matthey, Loic and Pal, Arka and Burgess, Christopher and Glorot, Xavier and Botvinick, Matthew and Mohamed, Shakir and Lerchner, Alexander},
    title={{$\beta$-VAE: Learning Basic Visual Concepts with a Constrained Variational Framework}},
    booktitle={International Conference on Learning Representations (ICLR)},
    year={2017},
}
@inproceedings{immer2021scalable,
    author={Immer, Alexander and Bauer, Matthias and Fortuin, Vincent and R{\"a}tsch, Gunnar and Emtiyaz, Khan Mohammad},
    title={{Scalable Marginal Likelihood Estimation for Model Selection in Deep Learning}},
    booktitle={International Conference on Machine Learning (ICML)},
    year={2021},
}
@book{jeffreys1939theory,
    author={Jeffreys, Harold},
    title={The Theory of Probability},
    publisher={The Clarendon Press, Oxford},
    year={1939},
}
@article{jordan1999introduction,
    author={Jordan, Michael I and Ghahramani, Zoubin and Jaakkola, Tommi S and Saul, Lawrence K},
    title={{An Introduction to Variational Methods for Graphical Models}},
    journal={Machine Learning},
    volume={37},
    pages={183--233},
    year={1999},
    publisher={Springer},
}
@inproceedings{kapoor2022uncertainty,
    author={Kapoor, Sanyam and Maddox, Wesley J. and Izmailov, Pavel and Wilson, Andrew G.},
    title={{On Uncertainty, Tempering, and Data Augmentation in Bayesian Classification}},
    booktitle={Advances in Neural Information Processing Systems (NeurIPS)},
    year={2022},
}
@article{kobak2020optimal,
    author={Kobak, Dmitry and Lomond, Jonathan and Sanchez, Benoit},
    title={{The Optimal Ridge Penalty for Real-world High-dimensional Data Can Be Zero or Negative due to the Implicit Ridge Regularization}},
    journal={Journal of Machine Learning Research (JMLR)},
    volume={21},
    number={169},
    pages={1--16},
    year={2020},
}
@article{krizhevsky2010cifar,
    author={Alex Krizhevsky and Vinod Nair and Geoffrey Hinton},
    title={{CIFAR-10 (Canadian Institute for Advanced Research)}},
    year={2010},
    url={http://www.cs.toronto.edu/~kriz/cifar.html},
}
@inproceedings{krogh1991simple,
    author={Krogh, Anders and Hertz, John A.},
    title={{A Simple Weight Decay Can Improve Generalization}},
    booktitle={Advances in Neural Information Processing Systems (NeurIPS)},
    year={1991},
}
@inproceedings{liu2020simple,
    author={Liu, Jeremiah and Lin, Zi and Padhy, Shreyas and Tran, Dustin and Bedrax Weiss, Tania and Lakshminarayanan, Balaji},
    title={{Simple and Principled Uncertainty Estimation with Deterministic Deep Learning via Distance Awareness}},
    booktitle={Advances in Neural Information Processing Systems (NeurIPS)},
    year={2020},
}
@article{liu2023simple,
    author={Liu, Jeremiah Zhe and Padhy, Shreyas and Ren, Jie and Lin, Zi and Wen, Yeming and Jerfel, Ghassen and Nado, Zachary and Snoek, Jasper and Tran, Dustin and Lakshminarayanan, Balaji},
    title={{A Simple Approach to Improve Single-Model Deep Uncertainty via Distance-Awareness}},
    journal={Journal of Machine Learning Research (JMLR)},
    volume={24},
    number={42},
    pages={1--63},
    year={2023},
}
@inproceedings{loshchilov2016sgdr,
    author={Loshchilov, Ilya and Hutter, Frank},
    title={{SGDR: Stochastic Gradient Descent with Warm Restarts}},
    booktitle={Proceedings of the International Conference on Learning Representations (ICLR)},
    year={2016},
}
@inproceedings{lotfi2022bayesian,
    author={Lotfi, Sanae and Izmailov, Pavel and Benton, Gregory and Goldblum, Micah and Wilson, Andrew Gordon},
    title={{Bayesian Model Selection, the Marginal Likelihood, and Generalization}},
    booktitle={International Conference on Machine Learning (ICML)},
    year={2022},
}
@inproceedings{mackay1991bayesian,
    author={MacKay, David},
    title={{Bayesian Model Comparison and Backprop Nets}},
    booktitle={Advances in Neural Information Processing Systems (NeurIPS)},
    year={1991},
}
@inproceedings{maddox2019simple,
    author={Maddox, Wesley J and Izmailov, Pavel and Garipov, Timur and Vetrov, Dmitry P and Wilson, Andrew Gordon},
    title={{A Simple Baseline for Bayesian Uncertainty in Deep Learning}},
    booktitle={Advances in Neural Information Processing Systems (NeurIPS)},
    year={2019},
}
@inproceedings{mandt2016variational,
    author={Mandt, Stephan and McInerney, James and Abrol, Farhan and Ranganath, Rajesh and Blei, David},
    title={Variational Tempering},
    booktitle={International Conference on Artificial Intelligence and Statistics (AISTATS)},
    year={2016},
}
@article{milios2018dirichlet,
    author={Milios, Dimitrios and Camoriano, Raffaello and Michiardi, Pietro and Rosasco, Lorenzo and Filippone, Maurizio},
    title={Dirichlet-based Gaussian Processes for Large-scale Calibrated Classification},
    journal={Advances in Neural Information Processing Systems (NeurIPS)},
    year={2018},
}
@article{miller2019robust,
    author={Miller, Jeffrey W. and Dunson, David B.},
    title={{Robust Bayesian Inference via Coarsening}},
    journal={Journal of the American Statistical Association},
    year={2019},
    publisher={Taylor \& Francis},
    url = {http://arxiv.org/abs/1506.06101},
}
@article{mohamed2020monte,
    author={Mohamed, Shakir and Rosca, Mihaela and Figurnov, Michael and Mnih, Andriy},
    title={{Monte Carlo Gradient Estimation in Machine Learning}},
    journal={Journal of Machine Learning Research (JMLR)},
    volume={21},
    number={132},
    year={2020},
    url={http://jmlr.org/papers/v21/19-346.html},
}
@inbook{murphy2022Example,
    author={Murphy, Kevin S.},
    title={Probabilistic Machine Learning: An Introduction},
    publisher={MIT Press},
    year={2022},
    chapter={6.2.3 Example: KL divergence between two Gaussians},
}
@inbook{murphy2022Picking,
    author={Murphy, Kevin S.},
    title={Probabilistic Machine Learning: An Introduction},
    publisher={MIT Press},
    year={2022},
    chapter={4.5.4 Picking the regularizer using a validation set},
}
@inbook{murphy2022Regularization,
    author={Murphy, Kevin S.},
    title={Probabilistic Machine Learning: An Introduction},
    publisher={MIT Press},
    year={2022},
    chapter={4.5 Regularization},
}
@inproceedings{nilsback2008automated,
    author={Nilsback, Maria-Elena and Zisserman, Andrew},
    title={{Automated Flower Classification over a Large Number of Classes}},
    booktitle={2008 Sixth Indian Conference on Computer Vision, Graphics \& Image Processing (ICVGIP)},
    year={2008},
}
@inproceedings{osawa2019practical,
    author={Osawa, Kazuki and Swaroop, Siddharth and Khan, Mohammad Emtiyaz E and Jain, Anirudh and Eschenhagen, Runa and Turner, Richard E and Yokota, Rio},
    title={{Practical Deep Learning with Bayesian Principles}},
    booktitle={Advances in Neural Information Processing Systems (NeurIPS)},
    year={2019},
}
@inproceedings{parkhi2012cats,
    author={Parkhi, Omkar M and Vedaldi, Andrea and Zisserman, Andrew and Jawahar, CV},
    title={{Cats And Dogs}},
    booktitle={Proceedings of the IEEE/CVF Conference on Computer Vision and Pattern Recognition (CVPR)},
    year={2012},
}
@inproceedings{pitas2024fine,
    author={Pitas, Konstantinos and Arbel, Julyan},
    title={{The Fine Print on Tempered Posteriors}},
    booktitle={Asian Conference on Machine Learning},
    year={2024},
}
@inproceedings{rahimi2007random,
    author={Rahimi, Ali and Recht, Benjamin},
    title={{Random Features for Large-Scale Kernel Machines}},
    booktitle={Advances in Neural Information Processing Systems (NeurIPS)},
    year={2007},
}
@article{raschka2018model,
    author={Raschka, Sebastian},
    title={{Model Evaluation, Model Selection, and Algorithm Selection in Machine Learning}},
    journal={arXiv preprint arXiv:1811.12808},
    year={2018},
    url = {http://arxiv.org/abs/1811.12808},
}
@book{rasmussen2006gaussian,
    author={Rasmussen, Carl Edward and Williams, Christopher KI},
    title={{Gaussian Processes for Machine Learning}},
    publisher={The MIT Press},
    year={2006},
}
@inbook{rasmussen2006Varying,
    author={Rasmussen, Carl Edward and Williams, Christopher KI},
    title={{Gaussian Processes for Machine Learning}},
    publisher={The MIT Press},
    year={2006},
    chapter={2.3 Varying the Hyperparameters},
}
@inproceedings{rudner2024finetuning,
    title={{Fine-Tuning with Uncertainty-Aware Priors Makes Vision and Language Foundation Models More Reliable}},
    author={Tim G. J. Rudner and Xiang Pan and Yucen Lily Li and Ravid Shwartz-Ziv and Andrew Gordon Wilson},
    booktitle={ICML Workshop on Structured Probabilistic Inference {\&} Generative Modeling (SPIGM@ICML)},
    year={2025},
    url={https://openreview.net/forum?id=37fM2QEBSE},
}
@inproceedings{sharif2014cnn,
    author={Sharif Razavian, Ali and Azizpour, Hossein and Sullivan, Josephine and Carlsson, Stefan},
    title={{CNN Features off-the-shelf: an Astounding Baseline for Recognition}},
    booktitle={Proceedings of the IEEE Conference on Computer Vision and Pattern Recognition Workshops (CVPRW)},
    year={2014},
}
@inproceedings{shwartz2022pre,
    author={Shwartz-Ziv, Ravid and Goldblum, Micah and Souri, Hossein and Kapoor, Sanyam and Zhu, Chen and LeCun, Yann and Wilson, Andrew G.},
    title={{Pre-Train Your Loss: Easy Bayesian Transfer Learning with Informative Priors}},
    booktitle={Advances in Neural Information Processing Systems (NeurIPS)},
    year={2022},
    url={https://proceedings.neurips.cc/paper_files/paper/2022/file/b1e7f61f40d68b2177857bfcb195a507-Paper-Conference.pdf},
}
@article{uedaBayesianModelSearch2002,
    author={Ueda, N. and Ghahramani, Z.},
    title={{Bayesian Model Search for Mixture Models Based on Optimizing Variational Bounds}},
    journal={Neural Networks},
    volume={15},
    number={1},
    pages={1223--1241},
    year={2002},
}
@inproceedings{wang2017robust,
    author={Wang, Yixin and Kucukelbir, Alp and Blei, David M},
    title={{Robust Probabilistic Modeling with Bayesian Data Reweighting}},
    booktitle={International Conference on Machine Learning (ICML)},
    year={2017},
    url={https://proceedings.mlr.press/v70/wang17g/wang17g.pdf},
}
@inproceedings{wenzel2020good,
    author={Wenzel, Florian and Roth, Kevin and Veeling, Bastiaan S. and {\'S}wi{\k{a}}tkowski, Jakub and Tran, Linh and Mandt, Stephan and Snoek, Jasper and Salimans, Tim and Jenatton, Rodolphe and Nowozin, Sebastian},
    title={{How Good is the Bayes Posterior in Deep Neural Networks Really?}},
    booktitle={International Conference on Machine Learning (ICML)},
    year={2020},
}
@book{woodbury1950inverting,
    author={Woodbury, Max A.},
    title={Inverting Modified Matrices},
    year={1950},
    publisher={Department of Statistics, Princeton University},
}
@inproceedings{xu2019variance,
    author={Xu, Ming and Quiroz, Matias and Kohn, Robert and Sisson, Scott A.},
    title={{Variance Reduction Properties of the Reparameterization Trick}},
    booktitle={International Conference on Artificial Intelligence and Statistics (AISTATS)},
    year={2019},
}
@inproceedings{xuhong2018explicit,
    author={Xuhong, Li and Grandvalet, Yves and Davoine, Franck},
    title={{Explicit Inductive Bias for Transfer Learning with Convolutional Networks}},
    booktitle={International Conference on Machine Learning (ICML)},
    year={2018},
}
@inproceedings{zhang2015supervise,
    author={Zhang, Cheng and Kjellstr{\"o}m, Hedvig},
    title={How to Supervise Topic Models},
    booktitle={ECCV Workshop on Graphical Models in Computer Vision},
    year={2014},
}
@inproceedings{zhang2018noisy,
    author={Zhang, Guodong and Sun, Shengyang and Duvenaud, David and Grosse, Roger},
    title={{Noisy Natural Gradient as Variational Inference}},
    booktitle={International Conference on Machine Learning (ICML)},
    year={2018},
}
# TODO: fix \nocite{hinton1993keeping,graves2011practical,krishnan2019efficient,he2016deep,dosovitskiy2021vit,liu2022convnet}
@inproceedings{hinton1993keeping,
    title={{Keeping Neural Networks Simple by Minimizing the Description Length of the Weights}},
    author={Hinton, Geoffrey E. and Van Camp, Drew},
    booktitle={Proceedings of the sixth annual conference on Computational Learning Theory},
    year={1993},
}
@inproceedings{graves2011practical,
    author={Graves, Alex},
    title={Practical Variational Inference for Neural Networks},
    booktitle={Advances in Neural Information Processing Systems (NeurIPS)},
    year={2011},
}
@inproceedings{krishnan2019efficient,
    author={Krishnan, Ranganath and Subedar, Mahesh and Tickoo, Omesh},
    title={{Efficient Priors for Scalable Variational Inference in Bayesian Deep Neural Networks}},
    booktitle={Proceedings of the IEEE/CVF International Conference on Computer Vision Workshops (ICCVW)},
    year={2019},
}
@inproceedings{he2016deep,
    author={He, Kaiming and Zhang, Xiangyu and Ren, Shaoqing and Sun, Jian},
    title={{Deep Residual Learning for Image Recognition}},
    booktitle={Proceedings of the IEEE/CVF Conference on Computer Vision and Pattern Recognition (CVPR)},
    year={2016},
}
@inproceedings{dosovitskiy2021vit,
    author={Dosovitskiy, Alexey and Beyer, Lucas and Kolesnikov, Alexander and Weissenborn, Dirk and Zhai, Xiaohua and Unterthiner, Thomas and  Dehghani, Mostafa and Minderer, Matthias and Heigold, Georg and Gelly, Sylvain and Uszkoreit, Jakob and Houlsby, Neil},
    title={{An Image is Worth 16x16 Words: Transformers for Image Recognition at Scale}},
    booktitle={International Conference on Learning Representations (ICLR)},
    year={2021},
}
@inproceedings{liu2022convnet,
    author={Liu, Zhuang and Mao, Hanzi and Wu, Chao-Yuan and Feichtenhofer, Christoph and Darrell, Trevor and Xie, Saining},
    title={A ConvNet for the 2020s},
    booktitle={Proceedings of the IEEE/CVF Conference on Computer Vision and Pattern Recognition (CVPR)},
    year={2022},
}
