@article{Wang2019CARAFECR,
  title={CARAFE: Content-Aware ReAssembly of FEatures},
  author={Jiaqi Wang and Kai Chen and Rui Xu and Ziwei Liu and Chen Change Loy and Dahua Lin},
  journal={2019 IEEE/CVF International Conference on Computer Vision (ICCV)},
  year={2019},
  pages={3007-3016},
  url={https://api.semanticscholar.org/CorpusID:146120936}
}

@misc{beyer2024paligemmaversatile3bvlm,
      title={PaliGemma: A versatile 3B VLM for transfer}, 
      author={Lucas Beyer and Andreas Steiner and André Susano Pinto and Alexander Kolesnikov and Xiao Wang and Daniel Salz and Maxim Neumann and Ibrahim Alabdulmohsin and Michael Tschannen and Emanuele Bugliarello and Thomas Unterthiner and Daniel Keysers and Skanda Koppula and Fangyu Liu and Adam Grycner and Alexey Gritsenko and Neil Houlsby and Manoj Kumar and Keran Rong and Julian Eisenschlos and Rishabh Kabra and Matthias Bauer and Matko Bošnjak and Xi Chen and Matthias Minderer and Paul Voigtlaender and Ioana Bica and Ivana Balazevic and Joan Puigcerver and Pinelopi Papalampidi and Olivier Henaff and Xi Xiong and Radu Soricut and Jeremiah Harmsen and Xiaohua Zhai},
      year={2024},
      eprint={2407.07726},
      archivePrefix={arXiv},
      primaryClass={cs.CV},
      url={https://arxiv.org/abs/2407.07726}, 
}

@article{chen2024internvl1p5,
author = {Chen, Zhe and Wang, Weiyun and Tian, Hao and Ye, Shenglong and Gao, Zhangwei and Cui, Erfei and Tong, Wenwen and Hu, Kongzhi and Luo, Jiapeng and Ma, Zheng and Ma, Ji and Wang, Jiaqi and Dong, Xiaoyi and Yan, Hang and Guo, Hewei and He, Conghui and Shi, Botian and Jin, Zhenjiang and Xu, Chao and Wang, Wenhai},
year = {2024},
month = {12},
pages = {},
title = {How far are we to GPT-4V? Closing the gap to commercial multimodal models with open-source suites},
volume = {67},
journal = {Science China Information Sciences},
doi = {10.1007/s11432-024-4231-5}
}

@misc{dai2024nvlm,
      title={NVLM: Open Frontier-Class Multimodal LLMs}, 
      author={Wenliang Dai and Nayeon Lee and Boxin Wang and Zhuolin Yang and Zihan Liu and Jon Barker and Tuomas Rintamaki and Mohammad Shoeybi and Bryan Catanzaro and Wei Ping},
      year={2024},
      eprint={2409.11402},
      archivePrefix={arXiv},
      primaryClass={cs.CL},
      url={https://arxiv.org/abs/2409.11402}, 
}

@article{dumoulin2016AGT,
  title={A guide to convolution arithmetic for deep learning},
  author={Vincent Dumoulin and Francesco Visin},
  journal={ArXiv},
  year={2016},
  volume={abs/1603.07285},
  url={https://api.semanticscholar.org/CorpusID:6662846}
}

@misc{heinrich2024radioamplifiedimprovedbaselines,
      title={RADIO Amplified: Improved Baselines for Agglomerative Vision Foundation Models}, 
      author={Greg Heinrich and Mike Ranzinger and Hongxu and Yin and Yao Lu and Jan Kautz and Andrew Tao and Bryan Catanzaro and Pavlo Molchanov},
      year={2024},
      eprint={2412.07679},
      archivePrefix={arXiv},
      primaryClass={cs.CV},
      url={https://arxiv.org/abs/2412.07679}, 
}

@misc{liu2024llavanext1p6,
    title={LLaVA-NeXT: Improved reasoning, OCR, and world knowledge},
    url={https://llava-vl.github.io/blog/2024-01-30-llava-next/},
    author={Liu, Haotian and Li, Chunyuan and Li, Yuheng and Li, Bo and Zhang, Yuanhan and Shen, Sheng and Lee, Yong Jae},
    month={January},
    year={2024}
}

@article{odena2016deconvcheck,
title	= {Deconvolution and Checkerboard Artifacts},
author	= {Augustus Odena and Vincent Dumoulin and Chris Olah},
year	= {2016},
URL	= {http://distill.pub/2016/deconv-checkerboard/},
journal	= {Distill}
}

@InProceedings{ranzinger2023amradio,
    author    = {Ranzinger, Mike and Heinrich, Greg and Kautz, Jan and Molchanov, Pavlo},
    title     = {AM-RADIO: Agglomerative Vision Foundation Model Reduce All Domains Into One},
    booktitle = {Proceedings of the IEEE/CVF Conference on Computer Vision and Pattern Recognition (CVPR)},
    month     = {June},
    year      = {2024},
    pages     = {12490-12500}
}

@misc{ranzinger2024phisdistributionbalancinglabelfree,
      title={PHI-S: Distribution Balancing for Label-Free Multi-Teacher Distillation}, 
      author={Mike Ranzinger and Jon Barker and Greg Heinrich and Pavlo Molchanov and Bryan Catanzaro and Andrew Tao},
      year={2024},
      eprint={2410.01680},
      archivePrefix={arXiv},
      primaryClass={cs.LG},
      url={https://arxiv.org/abs/2410.01680}, 
}

@misc{sariyildiz2024unic,
      title={UNIC: Universal Classification Models via Multi-teacher Distillation}, 
      author={Mert Bulent Sariyildiz and Philippe Weinzaepfel and Thomas Lucas and Diane Larlus and Yannis Kalantidis},
      year={2024},
      eprint={2408.05088},
      archivePrefix={arXiv},
      primaryClass={cs.CV},
      url={https://arxiv.org/abs/2408.05088}, 
}

@misc{shi2016deconv,
      title={Is the deconvolution layer the same as a convolutional layer?}, 
      author={Wenzhe Shi and Jose Caballero and Lucas Theis and Ferenc Huszar and Andrew Aitken and Christian Ledig and Zehan Wang},
      year={2016},
      eprint={1609.07009},
      archivePrefix={arXiv},
      primaryClass={cs.CV},
      url={https://arxiv.org/abs/1609.07009}, 
}

@misc{wang2024qwen2vlenhancingvisionlanguagemodels,
      title={Qwen2-VL: Enhancing Vision-Language Model's Perception of the World at Any Resolution}, 
      author={Peng Wang and Shuai Bai and Sinan Tan and Shijie Wang and Zhihao Fan and Jinze Bai and Keqin Chen and Xuejing Liu and Jialin Wang and Wenbin Ge and Yang Fan and Kai Dang and Mengfei Du and Xuancheng Ren and Rui Men and Dayiheng Liu and Chang Zhou and Jingren Zhou and Junyang Lin},
      year={2024},
      eprint={2409.12191},
      archivePrefix={arXiv},
      primaryClass={cs.CV},
      url={https://arxiv.org/abs/2409.12191}, 
}

@misc{yang2024denoising,
      title={Denoising Vision Transformers}, 
      author={Jiawei Yang and Katie Z Luo and Jiefeng Li and Kilian Q Weinberger and Yonglong Tian and Yue Wang},
      year={2024},
      eprint={2401.02957},
      archivePrefix={arXiv},
      primaryClass={cs.CV}
}

