% Use this file for citations not found in the ACL Anthology (contained in "anthology.bib").

@book{Aho:72,
    author  = {Alfred V. Aho and Jeffrey D. Ullman},
    title   = {The Theory of Parsing, Translation and Compiling},
    year    = "1972",
    volume  = "1",
    publisher = {Prentice-Hall},
    address = {Englewood Cliffs, NJ}
}

@book{APA:83,
    author  = {{American Psychological Association}},
    title   = {Publications Manual},
    year    = "1983",
    publisher = {American Psychological Association},
    address = {Washington, DC}
}

@article{Chandra:81,
	author = {Ashok K. Chandra and Dexter C. Kozen and Larry J. Stockmeyer},
	year = "1981",
	title = {Alternation},
	journal = {Journal of the Association for Computing Machinery},
	volume = "28",
	number = "1",
	pages = "114--133",
	doi = "10.1145/322234.322243",
}

@inproceedings{andrew2007scalable,
  title={Scalable training of {$L_1$}-regularized log-linear models},
  author={Andrew, Galen and Gao, Jianfeng},
  booktitle={Proceedings of the 24th International Conference on Machine Learning},
  pages={33--40},
  year={2007},
  url={https://dl.acm.org/doi/abs/10.1145/1273496.1273501}
}

@book{Gusfield:97,
    author  = {Dan Gusfield},
    title   = {Algorithms on Strings, Trees and Sequences},
    year    = "1997",
    publisher = {Cambridge University Press},
    address = {Cambridge, UK},
    url={https://www.cambridge.org/core/books/algorithms-on-strings-trees-and-sequences/F0B095049C7E6EF5356F0A26686C20D3}
}

@article{rasooli-tetrault-2015,
    author    = {Mohammad Sadegh Rasooli and Joel R. Tetreault},
    title     = {Yara Parser: {A} Fast and Accurate Dependency Parser},
    journal   = {Computing Research Repository},
    volume    = {arXiv:1503.06733},
    year      = {2015},
    url       = {http://arxiv.org/abs/1503.06733},
    note    = {version 2}
}

@article{Ando2005,
	Acmid = {1194905},
	Author = {Ando, Rie Kubota and Zhang, Tong},
	Issn = {1532-4435},
	Issue_Date = {12/1/2005},
	Journal = {Journal of Machine Learning Research},
	Month = dec,
	Numpages = {37},
	Pages = {1817--1853},
	Publisher = {JMLR.org},
	Title = {A Framework for Learning Predictive Structures from Multiple Tasks and Unlabeled Data},
	Volume = {6},
	Year = {2005},
	url={https://www.jmlr.org/papers/volume6/ando05a/ando05a.pdf}
}

@article{ct1965,
  title={An algorithm for the machine calculation of complex {F}ourier series},
  author={Cooley, James W. and Tukey, John W.},
  journal={Mathematics of Computation},
  volume={19},
  number={90},
  pages={297--301},
  year={1965},
  url={https://www.ams.org/journals/mcom/1965-19-090/S0025-5718-1965-0178586-1/S0025-5718-1965-0178586-1.pdf}
}


@inproceedings{Achiam2023GPT4TR,
  title={GPT-4 Technical Report},
  author={OpenAI},
  year={2023},
}

@article{Li2023Deceiving,
  title={Deceptive Semantic Shortcuts on Reasoning Chains: How Far Can Models Go without Hallucination?},
  author={Bangzheng Li and Ben Zhou and Fei Wang and Xingyu Fu and Dan Roth and Muhao Chen},
  journal={NAACL},
  year={2023},
}

@article{Zhou2023Symbolic,
  title={Conceptual and Unbiased Reasoning in Language Models},
  author={Zhou, Ben and Zhang, Hongming and Chen, Sihao and Yu, Dian and Wang, Hongwei and Peng, Baolin and Roth, Dan and Yu, Dong},
  journal={arXiv preprint arXiv:2404.00205},
  year={2024}
}

@article{hendrycks2020measuring,
  title={Measuring massive multitask language understanding},
  author={Hendrycks, Dan and Burns, Collin and Basart, Steven and Zou, Andy and Mazeika, Mantas and Song, Dawn and Steinhardt, Jacob},
  journal={arXiv preprint arXiv:2009.03300},
  year={2020}
}

@article{Clark2018ThinkYH,
  title={Think you have Solved Question Answering? Try ARC, the AI2 Reasoning Challenge},
  author={Peter Clark and Isaac Cowhey and Oren Etzioni and Tushar Khot and Ashish Sabharwal and Carissa Schoenick and Oyvind Tafjord},
  journal={ArXiv},
  year={2018},
  volume={abs/1803.05457},
  url={https://api.semanticscholar.org/CorpusID:3922816}
}

@article{talmor2018commonsenseqa,
  title={Commonsenseqa: A question answering challenge targeting commonsense knowledge},
  author={Talmor, Alon and Herzig, Jonathan and Lourie, Nicholas and Berant, Jonathan},
  journal={arXiv preprint arXiv:1811.00937},
  year={2018}
}

@article{cobbe2021training,
  title={Training verifiers to solve math word problems},
  author={Cobbe, Karl and Kosaraju, Vineet and Bavarian, Mohammad and Chen, Mark and Jun, Heewoo and Kaiser, Lukasz and Plappert, Matthias and Tworek, Jerry and Hilton, Jacob and Nakano, Reiichiro and others},
  journal={arXiv preprint arXiv:2110.14168},
  year={2021}
}

@article{brown2020language,
  title={Language models are few-shot learners},
  author={Brown, Tom and Mann, Benjamin and Ryder, Nick and Subbiah, Melanie and Kaplan, Jared D and Dhariwal, Prafulla and Neelakantan, Arvind and Shyam, Pranav and Sastry, Girish and Askell, Amanda and others},
  journal={Advances in neural information processing systems},
  volume={33},
  pages={1877--1901},
  year={2020}
}

@article{xu2023cognitive,
  title={Cognitive Overload: Jailbreaking Large Language Models with Overloaded Logical Thinking},
  author={Xu, Nan and Wang, Fei and Zhou, Ben and Li, Bang Zheng and Xiao, Chaowei and Chen, Muhao},
  journal={arXiv preprint arXiv:2311.09827},
  year={2023}
}

@article{almazrouei2023falcon,
  title={The falcon series of open language models},
  author={Almazrouei, Ebtesam and Alobeidli, Hamza and Alshamsi, Abdulaziz and Cappelli, Alessandro and Cojocaru, Ruxandra and Debbah, M{\'e}rouane and Goffinet, {\'E}tienne and Hesslow, Daniel and Launay, Julien and Malartic, Quentin and others},
  journal={arXiv preprint arXiv:2311.16867},
  year={2023}
}

@article{wei2022chain,
  title={Chain-of-thought prompting elicits reasoning in large language models},
  author={Wei, Jason and Wang, Xuezhi and Schuurmans, Dale and Bosma, Maarten and Xia, Fei and Chi, Ed and Le, Quoc V and Zhou, Denny and others},
  journal={Advances in Neural Information Processing Systems},
  volume={35},
  pages={24824--24837},
  year={2022}
}

@article{tang2023large,
  title={Large Language Models are In-Context Semantic Reasoners rather than Symbolic Reasoners},
  author={Tang, Xiaojuan and Zheng, Zilong and Li, Jiaqi and Meng, Fanxu and Zhu, Song-Chun and Liang, Yitao and Zhang, Muhan},
  journal={arXiv preprint arXiv:2305.14825},
  year={2023}
}

@inproceedings{gao2023pal,
  title={Pal: Program-aided language models},
  author={Gao, Luyu and Madaan, Aman and Zhou, Shuyan and Alon, Uri and Liu, Pengfei and Yang, Yiming and Callan, Jamie and Neubig, Graham},
  booktitle={International Conference on Machine Learning},
  pages={10764--10799},
  year={2023},
  organization={PMLR}
}

@article{chen2022program,
  title={Program of thoughts prompting: Disentangling computation from reasoning for numerical reasoning tasks},
  author={Chen, Wenhu and Ma, Xueguang and Wang, Xinyi and Cohen, William W},
  journal={arXiv preprint arXiv:2211.12588},
  year={2022}
}

@article{zhou2020temporal,
  title={Temporal reasoning on implicit events from distant supervision},
  author={Zhou, Ben and Richardson, Kyle and Ning, Qiang and Khot, Tushar and Sabharwal, Ashish and Roth, Dan},
  journal={arXiv preprint arXiv:2010.12753},
  year={2020}
}

@inproceedings{yang2018hotpotqa,
  title={HotpotQA: A Dataset for Diverse, Explainable Multi-hop Question Answering},
  author={Yang, Zhilin and Qi, Peng and Zhang, Saizheng and Bengio, Yoshua and Cohen, William and Salakhutdinov, Ruslan and Manning, Christopher D},
  booktitle={Proceedings of the 2018 Conference on Empirical Methods in Natural Language Processing},
  pages={2369--2380},
  year={2018}
}

@article{Yasunaga2023LargeLM,
  title={Large Language Models as Analogical Reasoners},
  author={Michihiro Yasunaga and Xinyun Chen and Yujia Li and Panupong Pasupat and Jure Leskovec and Percy Liang and Ed Huai-hsin Chi and Denny Zhou},
  journal={ICLR},
  year={2024}
}

@article{Yuan2023ANALOGYKBUA,
  title={ANALOGYKB: Unlocking Analogical Reasoning of Language Models with A Million-scale Knowledge Base},
  author={Siyu Yuan and Jiangjie Chen and Changzhi Sun and Jiaqing Liang and Yanghua Xiao and Deqing Yang},
  journal={ACL},
  year={2024}
}

@inproceedings{Hu2023InContextAR,
  title={In-Context Analogical Reasoning with Pre-Trained Language Models},
  author={Xiaoyang Hu and Shane Storks and Richard L. Lewis and Joyce Yue Chai},
  booktitle={ACL},
  year={2023}
}

@inproceedings{khashabi2020unifiedqa,
  title={UNIFIEDQA: Crossing Format Boundaries with a Single QA System},
  author={Khashabi, Daniel and Min, Sewon and Khot, Tushar and Sabharwal, Ashish and Tafjord, Oyvind and Clark, Peter and Hajishirzi, Hannaneh},
  booktitle={ACL (findings)},
  year={2020}
}

@inproceedings{hu2021lora,
  title={LoRA: Low-Rank Adaptation of Large Language Models},
  author={Hu, Edward J and Wallis, Phillip and Allen-Zhu, Zeyuan and Li, Yuanzhi and Wang, Shean and Wang, Lu and Chen, Weizhu and others},
  booktitle={ICLR},
  year={2021}
}

@inproceedings{hao2023reasoning,
  title={Reasoning with Language Model is Planning with World Model},
  author={Hao, Shibo and Gu, Yi and Ma, Haodi and Hong, Joshua and Wang, Zhen and Wang, Daisy and Hu, Zhiting},
  booktitle={EMNLP},
  year={2023}
}

@article{li2024famicom,
  title={FamiCom: Further Demystifying Prompts for Language Models with Task-Agnostic Performance Estimation},
  author={Li, Bangzheng and Zhou, Ben and Fu, Xingyu and Wang, Fei and Roth, Dan and Chen, Muhao},
  journal={arXiv preprint arXiv:2406.11243},
  year={2024}
}

@article{mirzadeh2024gsm,
  title={GSM-Symbolic: Understanding the Limitations of Mathematical Reasoning in Large Language Models},
  author={Mirzadeh, Iman and Alizadeh, Keivan and Shahrokhi, Hooman and Tuzel, Oncel and Bengio, Samy and Farajtabar, Mehrdad},
  journal={arXiv preprint arXiv:2410.05229},
  year={2024}
}

@inproceedings{lyu2023faithful,
  title={Faithful Chain-of-Thought Reasoning},
  author={Lyu, Qing and Havaldar, Shreya and Stein, Adam and Zhang, Li and Rao, Delip and Wong, Eric and Apidianaki, Marianna and Callison-Burch, Chris},
  booktitle={Proceedings of the 13th International Joint Conference on Natural Language Processing and the 3rd Conference of the Asia-Pacific Chapter of the Association for Computational Linguistics (Volume 1: Long Papers)},
  pages={305--329},
  year={2023}
}

@inproceedings{zhu2024pad,
  title={PaD: Program-aided Distillation Can Teach Small Models Reasoning Better than Chain-of-thought Fine-tuning},
  author={Zhu, Xuekai and Qi, Biqing and Zhang, Kaiyan and Long, Xinwei and Lin, Zhouhan and Zhou, Bowen},
  booktitle={Proceedings of the 2024 Conference of the North American Chapter of the Association for Computational Linguistics: Human Language Technologies (Volume 1: Long Papers)},
  pages={2571--2597},
  year={2024}
}

@article{zelikman2024quiet,
  title={Quiet-star: Language models can teach themselves to think before speaking},
  author={Zelikman, Eric and Harik, Georges and Shao, Yijia and Jayasiri, Varuna and Haber, Nick and Goodman, Noah D},
  journal={arXiv preprint arXiv:2403.09629},
  year={2024}
}

@article{feng2024bird,
  title={BIRD: A Trustworthy Bayesian Inference Framework for Large Language Models},
  author={Feng, Yu and Zhou, Ben and Lin, Weidong and Roth, Dan},
  journal={arXiv preprint arXiv:2404.12494},
  year={2024}
}

@inproceedings{yaoreact,
  title={ReAct: Synergizing Reasoning and Acting in Language Models},
  author={Yao, Shunyu and Zhao, Jeffrey and Yu, Dian and Du, Nan and Shafran, Izhak and Narasimhan, Karthik R and Cao, Yuan},
  booktitle={The Eleventh International Conference on Learning Representations},
  year={2023}
}

@article{khattab2022demonstrate,
  title={Demonstrate-search-predict: Composing retrieval and language models for knowledge-intensive nlp},
  author={Khattab, Omar and Santhanam, Keshav and Li, Xiang Lisa and Hall, David and Liang, Percy and Potts, Christopher and Zaharia, Matei},
  journal={arXiv preprint arXiv:2212.14024},
  year={2022}
}

@inproceedings{weifinetuned,
  title={Finetuned Language Models are Zero-Shot Learners},
  author={Wei, Jason and Bosma, Maarten and Zhao, Vincent and Guu, Kelvin and Yu, Adams Wei and Lester, Brian and Du, Nan and Dai, Andrew M and Le, Quoc V},
  booktitle={International Conference on Learning Representations},
  year={2022}
}