@article{Gan2020eeg,
  title={EEG-based emotion recognition using regularized graph neural networks},
  author={Zhong, Peixiang and Wang, Di and Miao, Chunyan},
  journal={IEEE Transactions on Affective Computing},
  volume={13},
  number={3},
  pages={1290--1301},
  year={2020},
  publisher={IEEE}
}

@inproceedings{amil,
  title={Attention-based deep multiple instance learning},
  author={Ilse, Maximilian and Tomczak, Jakub and Welling, Max},
  booktitle={International conference on machine learning},
  pages={2127--2136},
  year={2018},
  organization={PMLR}
}

@article{breuer2017deep,
  title={A deep learning perspective on the origin of facial expressions},
  author={Breuer, Ran and Kimmel, Ron},
  journal={arXiv preprint arXiv:1705.01842},
  year={2017}
}

@article{eegReview,
  title={Emotion recognition in EEG signals using deep learning methods: A review},
  author={Jafari, Mahboobeh and Shoeibi, Afshin and Khodatars, Marjane and Bagherzadeh, Sara and Shalbaf, Ahmad and Garc{\'\i}a, David L{\'o}pez and Gorriz, Juan M and Acharya, U Rajendra},
  journal={Computers in Biology and Medicine},
  pages={107450},
  year={2023},
  publisher={Elsevier}
}

@article{facialReview,
  title={A survey on facial emotion recognition techniques: A state-of-the-art literature review},
  author={Canal, Felipe Zago and M{\"u}ller, Tobias Rossi and Matias, Jhennifer Cristine and Scotton, Gustavo Gino and de Sa Junior, Antonio Reis and Pozzebon, Eliane and Sobieranski, Antonio Carlos},
  journal={Information Sciences},
  volume={582},
  pages={593--617},
  year={2022},
  publisher={Elsevier}
}

@inproceedings{fan2016video,
  title={Video-based emotion recognition using CNN-RNN and C3D hybrid networks},
  author={Fan, Yin and Lu, Xiangju and Li, Dian and Liu, Yuanliu},
  booktitle={Proceedings of the 18th ACM international conference on multimodal interaction},
  pages={445--450},
  year={2016}
}

@article{greatHelp,
  title={Deep learning model for simultaneous recognition of quantitative and qualitative emotion using visual and bio-sensing data},
  author={Hosseini, Iman and Hossain, Md Zakir and Zhang, Yuhao and Rahman, Shafin},
  journal={Computer Vision and Image Understanding},
  volume={248},
  pages={104121},
  year={2024},
  publisher={Elsevier}
}

@inproceedings{huang2018end,
  title={End-to-end continuous emotion recognition from video using 3D ConvLSTM networks},
  author={Huang, Jian and Li, Ya and Tao, Jianhua and Lian, Zheng and Yi, Jiangyan},
  booktitle={2018 IEEE International Conference on Acoustics, Speech and Signal Processing (ICASSP)},
  pages={6837--6841},
  year={2018},
  organization={IEEE}
}

@article{huang2021facial,
  title={Facial expression recognition with grid-wise attention and visual transformer},
  author={Huang, Qionghao and Huang, Changqin and Wang, Xizhe and Jiang, Fan},
  journal={Information Sciences},
  volume={580},
  pages={35--54},
  year={2021},
  publisher={Elsevier}
}

@article{huangEnhance,
  title={Combining facial expressions and electroencephalography to enhance emotion recognition},
  author={Huang, Yongrui and Yang, Jianhao and Liu, Siyu and Pan, Jiahui},
  journal={Future Internet},
  volume={11},
  number={5},
  pages={105},
  year={2019},
  publisher={MDPI}
}

@article{husformer,
  title={Husformer: A multi-modal transformer for multi-modal human state recognition},
  author={Wang, Ruiqi and Jo, Wonse and Zhao, Dezhong and Wang, Weizheng and Gupte, Arjun and Yang, Baijian and Chen, Guohua and Min, Byung-Cheol},
  journal={IEEE Transactions on Cognitive and Developmental Systems},
  year={2024},
  publisher={IEEE}
}

@article{jung2019utilizing,
  title={Utilizing deep learning towards multi-modal bio-sensing and vision-based affective computing},
  author={Jung, Tzyy-Ping and Sejnowski, Terrence J and others},
  journal={IEEE Transactions on Affective Computing},
  volume={13},
  number={1},
  pages={96--107},
  year={2019},
  publisher={IEEE}
}

@article{liang2024fetcheeg,
  title={FetchEEG: a hybrid approach combining feature extraction and temporal-channel joint attention for EEG-based emotion classification},
  author={Liang, Yu and Zhang, Chenlong and An, Shan and Wang, Zaitian and Shi, Kaize and Peng, Tianhao and Ma, Yuqing and Xie, Xiaoyang and He, Jian and Zheng, Kun},
  journal={Journal of Neural Engineering},
  volume={21},
  number={3},
  pages={036011},
  year={2024},
  publisher={IOP Publishing}
}

@article{liu2018efficient,
  title={Efficient low-rank multimodal fusion with modality-specific factors},
  author={Liu, Zhun and Shen, Ying and Lakshminarasimhan, Varun Bharadhwaj and Liang, Paul Pu and Zadeh, Amir and Morency, Louis-Philippe},
  journal={arXiv preprint arXiv:1806.00064},
  year={2018}
}

@article{muhammad2023bimodal,
  title={A bimodal emotion recognition approach through the fusion of electroencephalography and facial sequences},
  author={Muhammad, Farah and Hussain, Muhammad and Aboalsamh, Hatim},
  journal={Diagnostics},
  volume={13},
  number={5},
  pages={977},
  year={2023},
  publisher={MDPI}
}

@inproceedings{rao2016multi,
  title={Multi-scale blocks based image emotion classification using multiple instance learning},
  author={Rao, Tianrong and Xu, Min and Liu, Huiying and Wang, Jinqiao and Burnett, Ian},
  booktitle={2016 IEEE International Conference on Image Processing (ICIP)},
  pages={634--638},
  year={2016},
  organization={IEEE}
}

@article{romeo2019multiple,
  title={Multiple instance learning for emotion recognition using physiological signals},
  author={Romeo, Luca and Cavallo, Andrea and Pepa, Lucia and Bianchi-Berthouze, Nadia and Pontil, Massimiliano},
  journal={IEEE Transactions on affective computing},
  volume={13},
  number={1},
  pages={389--407},
  year={2019},
  publisher={IEEE}
}

@article{schirrmeister2017deep,
  title={Deep learning with convolutional neural networks for EEG decoding and visualization},
  author={Schirrmeister, Robin Tibor and Springenberg, Jost Tobias and Fiederer, Lukas Dominique Josef and Glasstetter, Martin and Eggensperger, Katharina and Tangermann, Michael and Hutter, Frank and Burgard, Wolfram and Ball, Tonio},
  journal={Human brain mapping},
  volume={38},
  number={11},
  pages={5391--5420},
  year={2017},
  publisher={Wiley Online Library}
}

@article{startingArticle,
  title={Fusion of facial expressions and EEG for multimodal emotion recognition},
  author={Huang, Yongrui and Yang, Jianhao and Liao, Pengkai and Pan, Jiahui},
  journal={Computational intelligence and neuroscience},
  volume={2017},
  number={1},
  pages={2107451},
  year={2017},
  publisher={Wiley Online Library}
}

@article{tan2021multimodal,
  title={A multimodal emotion recognition method based on facial expressions and electroencephalography},
  author={Tan, Ying and Sun, Zhe and Duan, Feng and Sol{\'e}-Casals, Jordi and Caiafa, Cesar F},
  journal={Biomedical Signal Processing and Control},
  volume={70},
  pages={103029},
  year={2021},
  publisher={Elsevier}
}

@article{wang2022eegtransformers,
  title={Transformers for EEG-based emotion recognition: A hierarchical spatial information learning model},
  author={Wang, Zhe and Wang, Yongxiong and Hu, Chuanfei and Yin, Zhong and Song, Yu},
  journal={IEEE Sensors Journal},
  volume={22},
  number={5},
  pages={4359--4368},
  year={2022},
  publisher={IEEE}
}

@inproceedings{zhao2021former,
  title={Former-dfer: Dynamic facial expression recognition transformer},
  author={Zhao, Zengqun and Liu, Qingshan},
  booktitle={Proceedings of the 29th ACM International Conference on Multimedia},
  pages={1553--1561},
  year={2021}
}

@article{zheng2017identifying,
  title={Identifying stable patterns over time for emotion recognition from EEG},
  author={Zheng, Wei-Long and Zhu, Jia-Yi and Lu, Bao-Liang},
  journal={IEEE transactions on affective computing},
  volume={10},
  number={3},
  pages={417--429},
  year={2017},
  publisher={IEEE}
}

