@String(PAMI = {IEEE Trans. Pattern Anal. Mach. Intell.})
@String(IJCV = {Int. J. Comput. Vis.})
@String(CVPR= {IEEE Conf. Comput. Vis. Pattern Recog.})
@String(ICCV= {Int. Conf. Comput. Vis.})
@String(ECCV= {Eur. Conf. Comput. Vis.})
@String(NIPS= {Adv. Neural Inform. Process. Syst.})
@String(ICPR = {Int. Conf. Pattern Recog.})
@String(BMVC= {Brit. Mach. Vis. Conf.})
@String(TOG= {ACM Trans. Graph.})
@String(TIP  = {IEEE Trans. Image Process.})
@String(TVCG  = {IEEE Trans. Vis. Comput. Graph.})
@String(TMM  = {IEEE Trans. Multimedia})
@String(ACMMM= {ACM Int. Conf. Multimedia})
@String(ICME = {Int. Conf. Multimedia and Expo})
@String(ICASSP=	{ICASSP})
@String(ICIP = {IEEE Int. Conf. Image Process.})
@String(ACCV  = {ACCV})
@String(ICLR = {Int. Conf. Learn. Represent.})
@String(IJCAI = {IJCAI})
@String(PR   = {Pattern Recognition})
@String(AAAI = {AAAI})
@String(CVPRW= {IEEE Conf. Comput. Vis. Pattern Recog. Worksh.})
@String(CSVT = {IEEE Trans. Circuit Syst. Video Technol.})

@String(SPL	= {IEEE Sign. Process. Letters})
@String(VR   = {Vis. Res.})
@String(JOV	 = {J. Vis.})
@String(TVC  = {The Vis. Comput.})
@String(JCST  = {J. Comput. Sci. Tech.})
@String(CGF  = {Comput. Graph. Forum})
@String(CVM = {Computational Visual Media})


@String(PAMI  = {IEEE TPAMI})
@String(IJCV  = {IJCV})
@String(CVPR  = {CVPR})
@String(ICCV  = {ICCV})
@String(ECCV  = {ECCV})
@String(NIPS  = {NeurIPS})
@String(ICPR  = {ICPR})
@String(BMVC  =	{BMVC})
@String(TOG   = {ACM TOG})
@String(TIP   = {IEEE TIP})
@String(TVCG  = {IEEE TVCG})
@String(TCSVT = {IEEE TCSVT})
@String(TMM   =	{IEEE TMM})
@String(ACMMM = {ACM MM})
@String(ICME  =	{ICME})
@String(ICASSP=	{ICASSP})
@String(ICIP  = {ICIP})
@String(ACCV  = {ACCV})
@String(ICLR  = {ICLR})
@String(IJCAI = {IJCAI})
@String(PR = {PR})
@String(AAAI = {AAAI})
@String(CVPRW= {CVPRW})
@String(CSVT = {IEEE TCSVT})



@inproceedings{li2023exploring,
  title={Exploring model transferability through the lens of potential energy},
  author={Li, Xiaotong and Hu, Zixuan and Ge, Yixiao and Shan, Ying and Duan, Ling-Yu},
  booktitle={Proceedings of the IEEE/CVF International Conference on Computer Vision},
  pages={5429--5438},
  year={2023}
}


% Common papers

@article{russakovsky2015imagenet,
  title={Imagenet large scale visual recognition challenge},
  author={Russakovsky, Olga and Deng, Jia and Su, Hao and Krause, Jonathan and Satheesh, Sanjeev and Ma, Sean and Huang, Zhiheng and Karpathy, Andrej and Khosla, Aditya and Bernstein, Michael and others},
  journal={International journal of computer vision},
  volume={115},
  pages={211--252},
  year={2015},
  publisher={Springer}
}

% previous methods

@article{nguyen2020leep,
  title={LEEP: A New Measure to Evaluate Transferability of Learned Representations},
  author={Nguyen, Cuong V. and Hassner, Tal and Seeger, Matthias and Archambeau, Cedric},
  journal={Proceedings of the 37th International Conference on Machine Learning (ICML 2020)},
  volume={119},
  pages={7479--7489},
  year={2020}
}

@inproceedings{tran2019transferability,
  title={Transferability and Hardness of Supervised Classification Tasks},
  author={Tran, Anh T. and Nguyen, Cuong V. and Hassner, Tal},
  booktitle={Proceedings of the IEEE/CVF International Conference on Computer Vision (ICCV)},
  pages={1395--1405},
  year={2019}
}

@inproceedings{li2021ranking,
  title={Ranking Neural Checkpoints},
  author={Li, Yihao and Jia, Xiaogang and Sang, Rongjie and Zhu, Yi and Green, Bryan and Song, Le and Gong, Boqing},
  booktitle={Proceedings of the IEEE/CVF Conference on Computer Vision and Pattern Recognition (CVPR)},
  pages={2663--2673},
  year={2021}
}

@inproceedings{you2021logme,
  title={LogME: Practical Assessment of Pre-trained Models for Transfer Learning},
  author={You, Kun and Liu, Yinhan and Wang, Jianbo and Long, Minglong},
  booktitle={Proceedings of the 38th International Conference on Machine Learning (ICML)},
  pages={12133–12143},
  publisher={PMLR},
  year={2021}
}

@inproceedings{ding2023pactran,
  title={PACTran: PAC-Bayesian Metrics for Estimating the Transferability of Pretrained Models to Classification Tasks},
  author={Ding, Nan and Chen, Xi and Levinboim, Tomer and Changpinyo, Soravit and Soricut, Radu},
  booktitle={Proceedings of the 2023 European Conference on Computer Vision (ECCV)},
  year={2023}
}

@inproceedings{shao2022not,
  title={Not all models are equal: predicting model transferability in a self-challenging fisher space},
  author={Shao, Wenqi and Zhao, Xun and Ge, Yixiao and Zhang, Zhaoyang and Yang, Lei and Wang, Xiaogang and Shan, Ying and Luo, Ping},
  booktitle={European Conference on Computer Vision},
  pages={286--302},
  year={2022},
  organization={Springer}
}

@inproceedings{Pandy2022TransferabilityEstimation,
  title={Transferability Estimation Using Bhattacharyya Class Separability},
  author={Michal Pandy and Andrea Agostinelli and Jasper Uijlings and Vittorio Ferrari and Thomas Mensink},
  booktitle={Proceedings of the IEEE/CVF Conference on Computer Vision and Pattern Recognition},
  pages={9172--9182},
  year={2022}
}

@inproceedings{DBLP:conf/iccv/WangLZHB23,
  author       = {Zijian Wang and
                  Yadan Luo and
                  Liang Zheng and
                  Zi Huang and
                  Mahsa Baktashmotlagh},
  title        = {How Far Pre-trained Models Are from Neural Collapse on the Target
                  Dataset Informs their Transferability},
  booktitle    = {{IEEE/CVF} International Conference on Computer Vision, {ICCV} 2023,
                  Paris, France, October 1-6, 2023},
  pages        = {5526--5535},
  publisher    = {{IEEE}},
  year         = {2023},
  url          = {https://doi.org/10.1109/ICCV51070.2023.00511},
  doi          = {10.1109/ICCV51070.2023.00511},
  timestamp    = {Mon, 22 Jan 2024 17:21:08 +0100},
  biburl       = {https://dblp.org/rec/conf/iccv/WangLZHB23.bib},
  bibsource    = {dblp computer science bibliography, https://dblp.org}
}

@article{zhang2024model,
  title={Model spider: Learning to rank pre-trained models efficiently},
  author={Zhang, Yi-Kai and Huang, Ting-Ji and Ding, Yao-Xiang and Zhan, De-Chuan and Ye, Han-Jia},
  journal={Advances in Neural Information Processing Systems},
  volume={36},
  year={2024}
}

@inproceedings{Tan2021OTCE,
  title={A Transferability Metric for Cross-Domain Cross-Task Representations},
  author={Yang Tan and Yang Li and Shao-Lun Huang},
  booktitle={Proceedings of the IEEE/CVF Conference on Computer Vision and Pattern Recognition},
  pages={9163--9171},
  year={2021}
}


%% evaluation -  kendall coefficient

@article{Kendall1938NewMeasureRankCorrelation,
  title={A New Measure of Rank Correlation},
  author={Maurice G. Kendall},
  journal={Biometrika},
  volume={30},
  number={1-2},
  pages={81--93},
  year={1938},
  doi={10.1093/biomet/30.1-2.81}
}

%% tsne

@article{vanDerMaaten2008,
  title={Visualizing Data using t-SNE},
  author={van der Maaten, Laurens and Hinton, Geoffrey},
  journal={Journal of Machine Learning Research},
  volume={9},
  number={Nov},
  pages={2579--2605},
  year={2008}
}

@article{wold1987principal,
  title={Principal component analysis},
  author={Wold, Svante and Esbensen, Kim and Geladi, Paul},
  journal={Chemometrics and intelligent laboratory systems},
  volume={2},
  number={1-3},
  pages={37--52},
  year={1987},
  publisher={Elsevier}
}

@article{reynolds2009gaussian,
  title={Gaussian mixture models.},
  author={Reynolds, Douglas A and others},
  journal={Encyclopedia of biometrics},
  volume={741},
  number={659-663},
  year={2009},
  publisher={Berlin, Springer}
}

@inproceedings{mika1999fisher,
  title={Fisher discriminant analysis with kernels},
  author={Mika, Sebastian and Ratsch, Gunnar and Weston, Jason and Scholkopf, Bernhard and Mullers, Klaus-Robert},
  booktitle={Neural networks for signal processing IX: Proceedings of the 1999 IEEE signal processing society workshop (cat. no. 98th8468)},
  pages={41--48},
  year={1999},
  organization={Ieee}
}

## domain generalization

@book{DatasetShiftInMachineLearning,
  title={Dataset Shift in Machine Learning},
  author={Joaquin Quiñonero-Candela and Masashi Sugiyama and Anton Schwaighofer and Neil D. Lawrence},
  publisher={MIT Press},
  year={2009},
  address={Cambridge, Massachusetts}
}

@inproceedings{torralba2011unbiased,
  title={Unbiased look at dataset bias},
  author={Torralba, Antonio and Efros, Alexei A},
  booktitle={CVPR 2011},
  pages={1521--1528},
  year={2011},
  organization={IEEE}
}

@inproceedings{dai2018dark,
  title={Dark model adaptation: Semantic image segmentation from daytime to nighttime},
  author={Dai, Dengxin and Van Gool, Luc},
  booktitle={2018 21st International Conference on Intelligent Transportation Systems (ITSC)},
  pages={3819--3824},
  year={2018},
  organization={IEEE}
}


% Kendall correlation

@inproceedings{vigna2015weighted,
  title={A weighted correlation index for rankings with ties},
  author={Vigna, Sebastiano},
  booktitle={Proceedings of the 24th international conference on World Wide Web},
  pages={1166--1176},
  year={2015}
}

@article{kendall1938new,
  title={A new measure of rank correlation},
  author={Kendall, Maurice G},
  journal={Biometrika},
  volume={30},
  number={1/2},
  pages={81--93},
  year={1938},
  publisher={JSTOR}
}

@article{paszke2019pytorch,
  title={Pytorch: An imperative style, high-performance deep learning library},
  author={Paszke, Adam and Gross, Sam and Massa, Francisco and Lerer, Adam and Bradbury, James and Chanan, Gregory and Killeen, Trevor and Lin, Zeming and Gimelshein, Natalia and Antiga, Luca and others},
  journal={Advances in neural information processing systems},
  volume={32},
  year={2019}
}


% dataset

@article{maji2013fine,
  title={Fine-grained visual classification of aircraft},
  author={Maji, Subhransu and Rahtu, Esa and Kannala, Juho and Blaschko, Matthew and Vedaldi, Andrea},
  journal={arXiv preprint arXiv:1306.5151},
  year={2013}
}

@inproceedings{fei2004learning,
  title={Learning generative visual models from few training examples},
  author={Fei-Fei, Li},
  booktitle={Workshop on Generative-Model Based Vision, IEEE Proc. CVPR, 2004},
  year={2004}
}
@article{cars,
  title={Collecting a large-scale dataset of fine-grained cars},
  author={Krause, Jonathan and Deng, Jia and Stark, Michael and Fei-Fei, Li},
  year={2013}
}

@article{cifar,
  title={Learning multiple layers of features from tiny images},
  author={Krizhevsky, Alex and Hinton, Geoffrey and others},
  year={2009},
  publisher={Citeseer}
}


@inproceedings{cimpoi2014describing,
  title={Describing textures in the wild},
  author={Cimpoi, Mircea and Maji, Subhransu and Kokkinos, Iasonas and Mohamed, Sammy and Vedaldi, Andrea},
  booktitle={Proceedings of the IEEE conference on computer vision and pattern recognition},
  pages={3606--3613},
  year={2014}
}

@inproceedings{bossard2014food,
  title={Food-101--mining discriminative components with random forests},
  author={Bossard, Lukas and Guillaumin, Matthieu and Van Gool, Luc},
  booktitle={Computer Vision--ECCV 2014: 13th European Conference, Zurich, Switzerland, September 6-12, 2014, Proceedings, Part VI 13},
  pages={446--461},
  year={2014},
  organization={Springer}
}

@inproceedings{xiao2010sun,
  title={Sun database: Large-scale scene recognition from abbey to zoo},
  author={Xiao, Jianxiong and Hays, James and Ehinger, Krista A and Oliva, Aude and Torralba, Antonio},
  booktitle={2010 IEEE computer society conference on computer vision and pattern recognition},
  pages={3485--3492},
  year={2010},
  organization={IEEE}
}

@misc{pascal-voc-2007,
	author = "Everingham, M. and Van~Gool, L. and Williams, C. K. I. and Winn, J. and Zisserman, A.",
	title = "The {PASCAL} {V}isual {O}bject {C}lasses {C}hallenge 2007 {(VOC2007)} {R}esults",
	howpublished = "http://www.pascal-network.org/challenges/VOC/voc2007/workshop/index.html"}	

@inproceedings{parkhi2012cats,
  title={Cats and dogs},
  author={Parkhi, Omkar M and Vedaldi, Andrea and Zisserman, Andrew and Jawahar, CV},
  booktitle={2012 IEEE conference on computer vision and pattern recognition},
  pages={3498--3505},
  year={2012},
  organization={IEEE}
}

@inproceedings{nilsback2008automated,
  title={Automated flower classification over a large number of classes},
  author={Nilsback, Maria-Elena and Zisserman, Andrew},
  booktitle={2008 Sixth Indian conference on computer vision, graphics \& image processing},
  pages={722--729},
  year={2008},
  organization={IEEE}
}

@inproceedings{goingdeeperwithconvolutions,
  author       = {Christian Szegedy and
                  Wei Liu and
                  Yangqing Jia and
                  Pierre Sermanet and
                  Scott E. Reed and
                  Dragomir Anguelov and
                  Dumitru Erhan and
                  Vincent Vanhoucke and
                  Andrew Rabinovich},
  title        = {Going deeper with convolutions},
  booktitle    = {{IEEE} Conference on Computer Vision and Pattern Recognition, {CVPR}
                  2015, Boston, MA, USA, June 7-12, 2015},
  pages        = {1--9},
  publisher    = {{IEEE} Computer Society},
  year         = {2015},
  url          = {https://doi.org/10.1109/CVPR.2015.7298594},
  doi          = {10.1109/CVPR.2015.7298594}
}

@inproceedings{rethinkingtheinceptionarchitectureforcv,
  author       = {Christian Szegedy and
                  Vincent Vanhoucke and
                  Sergey Ioffe and
                  Jonathon Shlens and
                  Zbigniew Wojna},
  title        = {Rethinking the Inception Architecture for Computer Vision},
  booktitle    = {2016 {IEEE} Conference on Computer Vision and Pattern Recognition,
                  {CVPR} 2016, Las Vegas, NV, USA, June 27-30, 2016},
  pages        = {2818--2826},
  publisher    = {{IEEE} Computer Society},
  year         = {2016},
  url          = {https://doi.org/10.1109/CVPR.2016.308},
  doi          = {10.1109/CVPR.2016.308}
}

@inproceedings{deepresidulalearningforimagerecognition,
  author       = {Kaiming He and
                  Xiangyu Zhang and
                  Shaoqing Ren and
                  Jian Sun},
  title        = {Deep Residual Learning for Image Recognition},
  booktitle    = {2016 {IEEE} Conference on Computer Vision and Pattern Recognition,
                  {CVPR} 2016, Las Vegas, NV, USA, June 27-30, 2016},
  pages        = {770--778},
  publisher    = {{IEEE} Computer Society},
  year         = {2016},
  url          = {https://doi.org/10.1109/CVPR.2016.90},
  doi          = {10.1109/CVPR.2016.90}}
@inproceedings{denselyconnectedconvolutionalnetworks,
  author       = {Gao Huang and
                  Zhuang Liu and
                  Laurens van der Maaten and
                  Kilian Q. Weinberger},
  title        = {Densely Connected Convolutional Networks},
  booktitle    = {2017 {IEEE} Conference on Computer Vision and Pattern Recognition,
                  {CVPR} 2017, Honolulu, HI, USA, July 21-26, 2017},
  pages        = {2261--2269},
  publisher    = {{IEEE} Computer Society},
  year         = {2017},
  url          = {https://doi.org/10.1109/CVPR.2017.243},
  doi          = {10.1109/CVPR.2017.243}}

@inproceedings{mobilenetv2invertedresidualsandlinearbottlenecks,
  author       = {Mark Sandler and
                  Andrew G. Howard and
                  Menglong Zhu and
                  Andrey Zhmoginov and
                  Liang{-}Chieh Chen},
  title        = {MobileNetV2: Inverted Residuals and Linear Bottlenecks},
  booktitle    = {2018 {IEEE} Conference on Computer Vision and Pattern Recognition,
                  {CVPR} 2018, Salt Lake City, UT, USA, June 18-22, 2018},
  pages        = {4510--4520},
  publisher    = {Computer Vision Foundation / {IEEE} Computer Society},
  year         = {2018},
  doi          = {10.1109/CVPR.2018.00474}}

@inproceedings{mnasnetplatformawareneuralarchitecturesearchformobile,
  author       = {Mingxing Tan and
                  Bo Chen and
                  Ruoming Pang and
                  Vijay Vasudevan and
                  Mark Sandler and
                  Andrew Howard and
                  Quoc V. Le},
  title        = {MnasNet: Platform-Aware Neural Architecture Search for Mobile},
  booktitle    = {{IEEE} Conference on Computer Vision and Pattern Recognition, {CVPR}
                  2019, Long Beach, CA, USA, June 16-20, 2019},
  pages        = {2820--2828},
  publisher    = {Computer Vision Foundation / {IEEE}},
  year         = {2019},
  doi          = {10.1109/CVPR.2019.00293}}

% common


@article{balakrishnama1998linear,
  title={Linear discriminant analysis-a brief tutorial},
  author={Balakrishnama, Suresh and Ganapathiraju, Aravind},
  journal={Institute for Signal and information Processing},
  volume={18},
  number={1998},
  pages={1--8},
  year={1998},
  publisher={Mississippi}
}

% supervised and self-supervised

@inproceedings{DBLP:conf/cvpr/KornblithSL19,
  author       = {Simon Kornblith and
                  Jonathon Shlens and
                  Quoc V. Le},
  title        = {Do Better ImageNet Models Transfer Better?},
  booktitle    = {{IEEE} Conference on Computer Vision and Pattern Recognition, {CVPR}
                  2019, Long Beach, CA, USA, June 16-20, 2019},
  pages        = {2661--2671},
  publisher    = {Computer Vision Foundation / {IEEE}},
  year         = {2019},
  doi          = {10.1109/CVPR.2019.00277},
  timestamp    = {Mon, 30 Aug 2021 17:01:14 +0200},
  biburl       = {https://dblp.org/rec/conf/cvpr/KornblithSL19.bib},
  bibsource    = {dblp computer science bibliography, https://dblp.org}
}

@inproceedings{DBLP:conf/nips/YosinskiCBL14,
  author       = {Jason Yosinski and
                  Jeff Clune and
                  Yoshua Bengio and
                  Hod Lipson},
  editor       = {Zoubin Ghahramani and
                  Max Welling and
                  Corinna Cortes and
                  Neil D. Lawrence and
                  Kilian Q. Weinberger},
  title        = {How transferable are features in deep neural networks?},
  booktitle    = {Advances in Neural Information Processing Systems 27: Annual Conference
                  on Neural Information Processing Systems 2014, December 8-13 2014,
                  Montreal, Quebec, Canada},
  pages        = {3320--3328},
  year         = {2014},
  timestamp    = {Mon, 16 May 2022 15:41:51 +0200},
  biburl       = {https://dblp.org/rec/conf/nips/YosinskiCBL14.bib},
  bibsource    = {dblp computer science bibliography, https://dblp.org}
}

@article{DBLP:journals/ss-transfer,
  author       = {Linus Ericsson and
                  Henry Gouk and
                  Timothy M. Hospedales},
  title        = {How Well Do Self-Supervised Models Transfer?},
  journal      = {CoRR},
  volume       = {abs/2011.13377},
  year         = {2020},
  url          = {https://arxiv.org/abs/2011.13377},
  eprinttype    = {arXiv},
  eprint       = {2011.13377},
  timestamp    = {Tue, 01 Dec 2020 14:59:59 +0100},
  biburl       = {https://dblp.org/rec/journals/corr/abs-2011-13377.bib},
  bibsource    = {dblp computer science bibliography, https://dblp.org}
}


% self-supervised models

@article{sela,
  title={Self-labelling via simultaneous clustering and representation learning},
  author={Asano, Yuki Markus and Rupprecht, Christian and Vedaldi, Andrea},
  journal={arXiv preprint arXiv:1911.05371},
  year={2019}
}
@article{simclr-v2,
  title={Big self-supervised models are strong semi-supervised learners},
  author={Chen, Ting and Kornblith, Simon and Swersky, Kevin and Norouzi, Mohammad and Hinton, Geoffrey E},
  journal={NeurIPS},
  pages={22243--22255},
  year={2020}
}
@inproceedings{simclr-v1,
  title={A simple framework for contrastive learning of visual representations},
  author={Chen, Ting and Kornblith, Simon and Norouzi, Mohammad and Hinton, Geoffrey},
  booktitle={ICML},
  year={2020},
}
@article{pcl,
  title={Prototypical contrastive learning of unsupervised representations},
  author={Li, Junnan and Zhou, Pan and Xiong, Caiming and Hoi, Steven CH},
  journal={arXiv preprint arXiv:2005.04966},
  year={2020}
}
@inproceedings{moco-v1,
  title={Momentum contrast for unsupervised visual representation learning},
  author={He, Kaiming and Fan, Haoqi and Wu, Yuxin and Xie, Saining and Girshick, Ross},
  booktitle={CVPR},
  pages={9729--9738},
  year={2020}
}
@article{byol,
  title={Bootstrap your own latent-a new approach to self-supervised learning},
  author={Grill, Jean-Bastien and Strub, Florian and Altch{\'e}, Florent and Tallec, Corentin and Richemond, Pierre and Buchatskaya, Elena and Doersch, Carl and Avila Pires, Bernardo and Guo, Zhaohan and Gheshlaghi Azar, Mohammad and others},
  journal={NeurIPS},
  pages={21271--21284},
  year={2020}
}

@article{moco-v2,
  title={Improved baselines with momentum contrastive learning},
  author={Chen, Xinlei and Fan, Haoqi and Girshick, Ross and He, Kaiming},
  journal={arXiv preprint arXiv:2003.04297},
  year={2020}
}
@article{swav,
  title={Unsupervised learning of visual features by contrasting cluster assignments},
  author={Caron, Mathilde and Misra, Ishan and Mairal, Julien and Goyal, Priya and Bojanowski, Piotr and Joulin, Armand},
  journal={NeurIPS},
  volume={33},
  pages={9912--9924},
  year={2020}
}

@article{grill2020bootstrap,
  title={Bootstrap your own latent-a new approach to self-supervised learning},
  author={Grill, Jean-Bastien and Strub, Florian and Altch{\'e}, Florent and Tallec, Corentin and Richemond, Pierre and Buchatskaya, Elena and Doersch, Carl and Avila Pires, Bernardo and Guo, Zhaohan and Gheshlaghi Azar, Mohammad and others},
  journal={NeurIPS},
  volume={33},
  pages={21271--21284},
  year={2020}
}
@inproceedings{moco,
  title={Momentum contrast for unsupervised visual representation learning},
  author={He, Kaiming and Fan, Haoqi and Wu, Yuxin and Xie, Saining and Girshick, Ross},
  booktitle={CVPR},
  pages={9729--9738},
  year={2020}
}
@inproceedings{deepcluster,
  title={Deep clustering for unsupervised learning of visual features},
  author={Caron, Mathilde and Bojanowski, Piotr and Joulin, Armand and Douze, Matthijs},
  booktitle={ECCV},
  pages={132--149},
  year={2018}
}
@inproceedings{indis,
  title={Unsupervised feature learning via non-parametric instance discrimination},
  author={Wu, Zhirong and Xiong, Yuanjun and Yu, Stella X and Lin, Dahua},
  booktitle={CVPR},
  pages={3733--3742},
  year={2018}
}
@article{infomin,
  title={What makes for good views for contrastive learning?},
  author={Tian, Yonglong and Sun, Chen and Poole, Ben and Krishnan, Dilip and Schmid, Cordelia and Isola, Phillip},
  journal={NeurIPS},
  volume={33},
  pages={6827--6839},
  year={2020}
}
%%%%%%%%%%%%%%%%%%%%%%%%%%%%%%%%%%%%%%%%%%%%%%%%%%%%%%%%

## Justification to Convo fine-tune

@article{kirichenko2022dfr,
  title={Last Layer Re-Training is Sufficient for Robustness to Spurious Correlations},
  author={Kirichenko, Polina and Izmailov, Pavel and Wilson, Andrew Gordon},
  journal={arXiv preprint arXiv:2204.02937},
  year={2022}
}

@article{kumar2022fine,
  title={Fine-tuning can distort pretrained features and underperform out-of-distribution},
  author={Kumar, Ananya and Raghunathan, Aditi and Jones, Robbie and Ma, Tengyu and Liang, Percy},
  journal={arXiv preprint arXiv:2202.10054},
  year={2022}
}

## representation learning

@article{bengio2013representation,
  title={Representation learning: A review and new perspectives},
  author={Bengio, Yoshua and Courville, Aaron and Vincent, Pascal},
  journal={IEEE transactions on pattern analysis and machine intelligence},
  volume={35},
  number={8},
  pages={1798--1828},
  year={2013},
  publisher={IEEE}
}

## transfer learning

@article{zhuang2020comprehensive,
  title={A comprehensive survey on transfer learning},
  author={Zhuang, Fuzhen and Qi, Zhiyuan and Duan, Keyu and Xi, Dongbo and Zhu, Yongchun and Zhu, Hengshu and Xiong, Hui and He, Qing},
  journal={Proceedings of the IEEE},
  volume={109},
  number={1},
  pages={43--76},
  year={2020},
  publisher={Ieee}
}

## enhancing transferability estimation

@inproceedings{menta2024active,
  title={Active Transferability Estimation},
  author={Menta, Tarun Ram and Jandial, Surgan and Patil, Akash and Bachu, Saketh and KB, Vimal and Krishnamurthy, Balaji and Balasubramanian, Vineeth N and Sarkar, Mausoom and Agarwal, Chirag},
  booktitle={Proceedings of the IEEE/CVF Conference on Computer Vision and Pattern Recognition},
  pages={2659--2670},
  year={2024}
}

## supplemetary material reference

@article{ghojogh2019eigenvalue,
  title={Eigenvalue and generalized eigenvalue problems: Tutorial},
  author={Ghojogh, Benyamin and Karray, Fakhri and Crowley, Mark},
  journal={arXiv preprint arXiv:1903.11240},
  year={2019}
}

@article{ghojogh2019fisher,
  title={Fisher and kernel Fisher discriminant analysis: Tutorial},
  author={Ghojogh, Benyamin and Karray, Fakhri and Crowley, Mark},
  journal={arXiv preprint arXiv:1906.09436},
  year={2019}
}