@inproceedings{DBLP:conf/iccv/WangLZHB23,
  author       = {Zijian Wang and
                  Yadan Luo and
                  Liang Zheng and
                  Zi Huang and
                  Mahsa Baktashmotlagh},
  title        = {How Far Pre-trained Models Are from Neural Collapse on the Target
                  Dataset Informs their Transferability},
  booktitle    = {{IEEE/CVF} International Conference on Computer Vision, {ICCV} 2023,
                  Paris, France, October 1-6, 2023},
  pages        = {5526--5535},
  publisher    = {{IEEE}},
  year         = {2023},
  url          = {https://doi.org/10.1109/ICCV51070.2023.00511},
  doi          = {10.1109/ICCV51070.2023.00511},
  timestamp    = {Mon, 22 Jan 2024 17:21:08 +0100},
  biburl       = {https://dblp.org/rec/conf/iccv/WangLZHB23.bib},
  bibsource    = {dblp computer science bibliography, https://dblp.org}
}

@inproceedings{Pandy2022TransferabilityEstimation,
  title={Transferability Estimation Using Bhattacharyya Class Separability},
  author={Michal Pandy and Andrea Agostinelli and Jasper Uijlings and Vittorio Ferrari and Thomas Mensink},
  booktitle={Proceedings of the IEEE/CVF Conference on Computer Vision and Pattern Recognition},
  pages={9172--9182},
  year={2022}
}

@inproceedings{li2021ranking,
  title={Ranking Neural Checkpoints},
  author={Li, Yihao and Jia, Xiaogang and Sang, Rongjie and Zhu, Yi and Green, Bryan and Song, Le and Gong, Boqing},
  booktitle={Proceedings of the IEEE/CVF Conference on Computer Vision and Pattern Recognition (CVPR)},
  pages={2663--2673},
  year={2021}
}

@inproceedings{li2023exploring,
  title={Exploring model transferability through the lens of potential energy},
  author={Li, Xiaotong and Hu, Zixuan and Ge, Yixiao and Shan, Ying and Duan, Ling-Yu},
  booktitle={Proceedings of the IEEE/CVF International Conference on Computer Vision},
  pages={5429--5438},
  year={2023}
}

@inproceedings{menta2024active,
  title={Active Transferability Estimation},
  author={Menta, Tarun Ram and Jandial, Surgan and Patil, Akash and Bachu, Saketh and KB, Vimal and Krishnamurthy, Balaji and Balasubramanian, Vineeth N and Sarkar, Mausoom and Agarwal, Chirag},
  booktitle={Proceedings of the IEEE/CVF Conference on Computer Vision and Pattern Recognition},
  pages={2659--2670},
  year={2024}
}

@inproceedings{mika1999fisher,
  title={Fisher discriminant analysis with kernels},
  author={Mika, Sebastian and Ratsch, Gunnar and Weston, Jason and Scholkopf, Bernhard and Mullers, Klaus-Robert},
  booktitle={Neural networks for signal processing IX: Proceedings of the 1999 IEEE signal processing society workshop (cat. no. 98th8468)},
  pages={41--48},
  year={1999},
  organization={Ieee}
}

@article{nguyen2020leep,
  title={LEEP: A New Measure to Evaluate Transferability of Learned Representations},
  author={Nguyen, Cuong V. and Hassner, Tal and Seeger, Matthias and Archambeau, Cedric},
  journal={Proceedings of the 37th International Conference on Machine Learning (ICML 2020)},
  volume={119},
  pages={7479--7489},
  year={2020}
}

@article{reynolds2009gaussian,
  title={Gaussian mixture models.},
  author={Reynolds, Douglas A and others},
  journal={Encyclopedia of biometrics},
  volume={741},
  number={659-663},
  year={2009},
  publisher={Berlin, Springer}
}

@inproceedings{shao2022not,
  title={Not all models are equal: predicting model transferability in a self-challenging fisher space},
  author={Shao, Wenqi and Zhao, Xun and Ge, Yixiao and Zhang, Zhaoyang and Yang, Lei and Wang, Xiaogang and Shan, Ying and Luo, Ping},
  booktitle={European Conference on Computer Vision},
  pages={286--302},
  year={2022},
  organization={Springer}
}

@inproceedings{tran2019transferability,
  title={Transferability and Hardness of Supervised Classification Tasks},
  author={Tran, Anh T. and Nguyen, Cuong V. and Hassner, Tal},
  booktitle={Proceedings of the IEEE/CVF International Conference on Computer Vision (ICCV)},
  pages={1395--1405},
  year={2019}
}

@article{wold1987principal,
  title={Principal component analysis},
  author={Wold, Svante and Esbensen, Kim and Geladi, Paul},
  journal={Chemometrics and intelligent laboratory systems},
  volume={2},
  number={1-3},
  pages={37--52},
  year={1987},
  publisher={Elsevier}
}

@inproceedings{you2021logme,
  title={LogME: Practical Assessment of Pre-trained Models for Transfer Learning},
  author={You, Kun and Liu, Yinhan and Wang, Jianbo and Long, Minglong},
  booktitle={Proceedings of the 38th International Conference on Machine Learning (ICML)},
  pages={12133â€“12143},
  publisher={PMLR},
  year={2021}
}

