

@inproceedings{li2024lecardv2,
  title={Lecardv2: A large-scale chinese legal case retrieval dataset},
  author={Li, Haitao and Shao, Yunqiu and Wu, Yueyue and Ai, Qingyao and Ma, Yixiao and Liu, Yiqun},
  booktitle={Proceedings of the 47th International ACM SIGIR Conference on Research and Development in Information Retrieval},
  pages={2251--2260},
  year={2024}
}

@inproceedings{li2023sailer,
  title={SAILER: structure-aware pre-trained language model for legal case retrieval},
  author={Li, Haitao and Ai, Qingyao and Chen, Jia and Dong, Qian and Wu, Yueyue and Liu, Yiqun and Chen, Chong and Tian, Qi},
  booktitle={Proceedings of the 46th International ACM SIGIR Conference on Research and Development in Information Retrieval},
  pages={1035--1044},
  year={2023}
}

@misc{li2024deltapretraindiscriminativeencoder,
      title={DELTA: Pre-train a Discriminative Encoder for Legal Case Retrieval via Structural Word Alignment}, 
      author={Haitao Li and Qingyao Ai and Xinyan Han and Jia Chen and Qian Dong and Yiqun Liu and Chong Chen and Qi Tian},
      year={2024},
      eprint={2403.18435},
      archivePrefix={arXiv},
      primaryClass={cs.IR},
      url={https://arxiv.org/abs/2403.18435}, 
}

@article{branting1998techniques,
  title={Techniques for automated drafting of judicial documents},
  author={Branting, L Karl},
  journal={International Journal of Law and Information Technology},
  volume={6},
  number={2},
  pages={214--229},
  year={1998},
  publisher={Oxford University Press}
}

@article{kirk1971legal,
  title={Legal Drafting: How Should a Document Begin},
  author={Kirk, Maurice B},
  journal={Tex. Tech L. Rev.},
  volume={3},
  pages={233},
  year={1971},
  publisher={HeinOnline}
}

@article{achiam2023gpt,
  title={Gpt-4 technical report},
  author={Achiam, Josh and Adler, Steven and Agarwal, Sandhini and Ahmad, Lama and Akkaya, Ilge and Aleman, Florencia Leoni and Almeida, Diogo and Altenschmidt, Janko and Altman, Sam and Anadkat, Shyamal and others},
  journal={arXiv preprint arXiv:2303.08774},
  year={2023}
}

@inproceedings{perkovic2024hallucinations,
  title={Hallucinations in llms: Understanding and addressing challenges},
  author={Perkovi{\'c}, Gabrijela and Drobnjak, Antun and Boti{\v{c}}ki, Ivica},
  booktitle={2024 47th MIPRO ICT and Electronics Convention (MIPRO)},
  pages={2084--2088},
  year={2024},
  organization={IEEE}
}

@inproceedings{lilexeval,
  title={LexEval: A Comprehensive Chinese Legal Benchmark for Evaluating Large Language Models},
  author={Li, Haitao and Chen, You and Ai, Qingyao and Yueyue, WU and Zhang, Ruizhe and Yiqun, LIU},
  booktitle={The Thirty-eight Conference on Neural Information Processing Systems Datasets and Benchmarks Track},
  year={2024}
}



@article{huang2024c,
  title={C-eval: A multi-level multi-discipline chinese evaluation suite for foundation models},
  author={Huang, Yuzhen and Bai, Yuzhuo and Zhu, Zhihao and Zhang, Junlei and Zhang, Jinghan and Su, Tangjun and Liu, Junteng and Lv, Chuancheng and Zhang, Yikai and Fu, Yao and others},
  journal={Advances in Neural Information Processing Systems},
  volume={36},
  year={2024}
}

@article{wang2024mmlu,
  title={Mmlu-pro: A more robust and challenging multi-task language understanding benchmark},
  author={Wang, Yubo and Ma, Xueguang and Zhang, Ge and Ni, Yuansheng and Chandra, Abhranil and Guo, Shiguang and Ren, Weiming and Arulraj, Aaran and He, Xuan and Jiang, Ziyan and others},
  journal={arXiv preprint arXiv:2406.01574},
  year={2024}
}

@article{xiao2018cail2018,
  title={Cail2018: A large-scale legal dataset for judgment prediction},
  author={Xiao, Chaojun and Zhong, Haoxi and Guo, Zhipeng and Tu, Cunchao and Liu, Zhiyuan and Sun, Maosong and Feng, Yansong and Han, Xianpei and Hu, Zhen and Wang, Heng and others},
  journal={arXiv preprint arXiv:1807.02478},
  year={2018}
}

@inproceedings{ma2021lecard,
  title={LeCaRD: a legal case retrieval dataset for Chinese law system},
  author={Ma, Yixiao and Shao, Yunqiu and Wu, Yueyue and Liu, Yiqun and Zhang, Ruizhe and Zhang, Min and Ma, Shaoping},
  booktitle={Proceedings of the 44th international ACM SIGIR conference on research and development in information retrieval},
  pages={2342--2348},
  year={2021}
}

@article{li2024llms,
  title={Llms-as-judges: a comprehensive survey on llm-based evaluation methods},
  author={Li, Haitao and Dong, Qian and Chen, Junjie and Su, Huixue and Zhou, Yujia and Ai, Qingyao and Ye, Ziyi and Liu, Yiqun},
  journal={arXiv preprint arXiv:2412.05579},
  year={2024}
}

@article{wei2022chain,
  title={Chain-of-thought prompting elicits reasoning in large language models},
  author={Wei, Jason and Wang, Xuezhi and Schuurmans, Dale and Bosma, Maarten and Xia, Fei and Chi, Ed and Le, Quoc V and Zhou, Denny and others},
  journal={Advances in neural information processing systems},
  volume={35},
  pages={24824--24837},
  year={2022}
}

@article{katz2024gpt,
  title={Gpt-4 passes the bar exam},
  author={Katz, Daniel Martin and Bommarito, Michael James and Gao, Shang and Arredondo, Pablo},
  journal={Philosophical Transactions of the Royal Society A},
  volume={382},
  number={2270},
  pages={20230254},
  year={2024},
  publisher={The Royal Society}
}


@misc{LexiLaw,
      title={Lexilaw: A Scalable Legal Language Model for Comprehensive Legal Understanding}, 
      author={Haitao Li and Qingyao Ai and Qian Dong and Yiqun Liu},
      year={2024},
      url={https://github.com/CSHaitao/LexiLaw},
}

@article{cui2023chatlaw,
  title={ChatLaw: Open-Source Legal Large Language Model with Integrated External Knowledge Bases},
  author={Cui, Jiaxi and Li, Zongjian and Yan, Yang and Chen, Bohua and Yuan, Li},
  journal={arXiv e-prints},
  pages={arXiv--2306},
  year={2023}
}

@article{guha2024legalbench,
  title={Legalbench: A collaboratively built benchmark for measuring legal reasoning in large language models},
  author={Guha, Neel and Nyarko, Julian and Ho, Daniel and R{\'e}, Christopher and Chilton, Adam and Chohlas-Wood, Alex and Peters, Austin and Waldon, Brandon and Rockmore, Daniel and Zambrano, Diego and others},
  journal={Advances in Neural Information Processing Systems},
  volume={36},
  year={2024}
}

@article{fei2023lawbench,
  title={Lawbench: Benchmarking legal knowledge of large language models},
  author={Fei, Zhiwei and Shen, Xiaoyu and Zhu, Dawei and Zhou, Fengzhe and Han, Zhuo and Zhang, Songyang and Chen, Kai and Shen, Zongwen and Ge, Jidong},
  journal={arXiv preprint arXiv:2309.16289},
  year={2023}
}

@article{dai2023laiw,
  title={LAiW: A Chinese legal large language models benchmark (a technical report)},
  author={Dai, Yongfu and Feng, Duanyu and Huang, Jimin and Jia, Haochen and Xie, Qianqian and Zhang, Yifang and Han, Weiguang and Tian, Wei and Wang, Hao},
  journal={arXiv preprint arXiv:2310.05620},
  year={2023}
}

@article{li2024legalagentbench,
  title={LegalAgentBench: Evaluating LLM Agents in Legal Domain},
  author={Li, Haitao and Chen, Junjie and Yang, Jingli and Ai, Qingyao and Jia, Wei and Liu, Youfeng and Lin, Kai and Wu, Yueyue and Yuan, Guozhi and Hu, Yiran and others},
  journal={arXiv preprint arXiv:2412.17259},
  year={2024}
}

@misc{bge_embedding,
      title={C-Pack: Packaged Resources To Advance General Chinese Embedding}, 
      author={Shitao Xiao and Zheng Liu and Peitian Zhang and Niklas Muennighoff},
      year={2023},
      eprint={2309.07597},
      archivePrefix={arXiv},
      primaryClass={cs.CL}
}

@article{ahmed2020k,
  title={The k-means algorithm: A comprehensive survey and performance evaluation},
  author={Ahmed, Mohiuddin and Seraj, Raihan and Islam, Syed Mohammed Shamsul},
  journal={Electronics},
  volume={9},
  number={8},
  pages={1295},
  year={2020},
  publisher={MDPI}
}


@inproceedings{papineni2002bleu,
  title={Bleu: a method for automatic evaluation of machine translation},
  author={Papineni, Kishore and Roukos, Salim and Ward, Todd and Zhu, Wei-Jing},
  booktitle={Proceedings of the 40th annual meeting of the Association for Computational Linguistics},
  pages={311--318},
  year={2002}
}

@inproceedings{lin2004rouge,
  title={Rouge: A package for automatic evaluation of summaries},
  author={Lin, Chin-Yew},
  booktitle={Text summarization branches out},
  pages={74--81},
  year={2004}
}

@article{zhang2019bertscore,
  title={Bertscore: Evaluating text generation with bert},
  author={Zhang, Tianyi and Kishore, Varsha and Wu, Felix and Weinberger, Kilian Q and Artzi, Yoav},
  journal={arXiv preprint arXiv:1904.09675},
  year={2019}
}

@inproceedings{10.1145/3627673.3679677,
author = {Chu, Zhumin and Ai, Qingyao and Tu, Yiteng and Li, Haitao and Liu, Yiqun},
title = {Automatic Large Language Model Evaluation via Peer Review},
year = {2024},
isbn = {9798400704369},
publisher = {Association for Computing Machinery},
address = {New York, NY, USA},
url = {https://doi.org/10.1145/3627673.3679677},
doi = {10.1145/3627673.3679677},
booktitle = {Proceedings of the 33rd ACM International Conference on Information and Knowledge Management},
pages = {384â€“393},
numpages = {10},
keywords = {automatic evaluation, large language model, peer review},
location = {Boise, ID, USA},
series = {CIKM '24}
}


@article{li2024calibraeval,
  title={Calibraeval: Calibrating prediction distribution to mitigate selection bias in llms-as-judges},
  author={Li, Haitao and Chen, Junjie and Ai, Qingyao and Chu, Zhumin and Zhou, Yujia and Dong, Qian and Liu, Yiqun},
  journal={arXiv preprint arXiv:2410.15393},
  year={2024}
}


@inproceedings{wang2024user,
  title={A User-Centric Multi-Intent Benchmark for Evaluating Large Language Models},
  author={Wang, Jiayin and Mo, Fengran and Ma, Weizhi and Sun, Peijie and Zhang, Min and Nie, Jian-Yun},
  booktitle={Proceedings of the 2024 Conference on Empirical Methods in Natural Language Processing},
  pages={3588--3612},
  year={2024}
}

@article{glm2024chatglm,
  title={Chatglm: A family of large language models from glm-130b to glm-4 all tools},
  author={GLM, Team and Zeng, Aohan and Xu, Bin and Wang, Bowen and Zhang, Chenhui and Yin, Da and Zhang, Dan and Rojas, Diego and Feng, Guanyu and Zhao, Hanlin and others},
  journal={arXiv preprint arXiv:2406.12793},
  year={2024}
}

@article{yang2024qwen2,
  title={Qwen2. 5 technical report},
  author={Yang, An and Yang, Baosong and Zhang, Beichen and Hui, Binyuan and Zheng, Bo and Yu, Bowen and Li, Chengyuan and Liu, Dayiheng and Huang, Fei and Wei, Haoran and others},
  journal={arXiv preprint arXiv:2412.15115},
  year={2024}
}

@article{touvron2023llama,
  title={Llama: Open and efficient foundation language models},
  author={Touvron, Hugo and Lavril, Thibaut and Izacard, Gautier and Martinet, Xavier and Lachaux, Marie-Anne and Lacroix, Timoth{\'e}e and Rozi{\`e}re, Baptiste and Goyal, Naman and Hambro, Eric and Azhar, Faisal and others},
  journal={arXiv preprint arXiv:2302.13971},
  year={2023}
}

@article{warrens2015five,
  title={Five ways to look at Cohen's kappa},
  author={Warrens, Matthijs J},
  journal={Journal of Psychology \& Psychotherapy},
  volume={5},
  year={2015},
  publisher={OMICS International}
}

@article{lai2024large,
  title={Large language models in law: A survey},
  author={Lai, Jinqi and Gan, Wensheng and Wu, Jiayang and Qi, Zhenlian and Philip, S Yu},
  journal={AI Open},
  year={2024},
  publisher={Elsevier}
}

@article{zar2005spearman,
  title={Spearman rank correlation},
  author={Zar, Jerrold H},
  journal={Encyclopedia of biostatistics},
  volume={7},
  year={2005},
  publisher={Wiley Online Library}
}

@article{abdi2007kendall,
  title={The Kendall rank correlation coefficient},
  author={Abdi, Herv{\'e}},
  journal={Encyclopedia of measurement and statistics},
  volume={2},
  pages={508--510},
  year={2007},
  publisher={Sage Thousand Oaks, CA}
}

@article{sedgwick2012pearson,
  title={Pearsonâ€™s correlation coefficient},
  author={Sedgwick, Philip},
  journal={Bmj},
  volume={345},
  year={2012},
  publisher={British Medical Journal Publishing Group}
}

@misc{li2024bladeenhancingblackboxlarge,
      title={BLADE: Enhancing Black-box Large Language Models with Small Domain-Specific Models}, 
      author={Haitao Li and Qingyao Ai and Jia Chen and Qian Dong and Zhijing Wu and Yiqun Liu and Chong Chen and Qi Tian},
      year={2024},
      eprint={2403.18365},
      archivePrefix={arXiv},
      primaryClass={cs.CL},
      url={https://arxiv.org/abs/2403.18365}, 
}



@article{10.1145/3626093,
author = {Shao, Yunqiu and Li, Haitao and Wu, Yueyue and Liu, Yiqun and Ai, Qingyao and Mao, Jiaxin and Ma, Yixiao and Ma, Shaoping},
title = {An Intent Taxonomy of Legal Case Retrieval},
year = {2023},
issue_date = {March 2024},
publisher = {Association for Computing Machinery},
address = {New York, NY, USA},
volume = {42},
number = {2},
issn = {1046-8188},
url = {https://doi.org/10.1145/3626093},
doi = {10.1145/3626093},
journal = {ACM Trans. Inf. Syst.},
month = dec,
articleno = {62},
numpages = {27},
keywords = {Legal case retrieval, search intent, taxonomy, user behavior, user satisfaction}
}

@inproceedings{li2024towards,
  title={Towards an In-Depth Comprehension of Case Relevance for Better Legal Retrieval},
  author={Li, Haitao and Chen, You and Ge, Zhekai and Ai, Qingyao and Liu, Yiqun and Zhou, Quan and Huo, Shuai},
  booktitle={JSAI International Symposium on Artificial Intelligence},
  pages={212--227},
  year={2024},
  organization={Springer}
}