@misc{LexiLaw,
      title={Lexilaw: A Scalable Legal Language Model for Comprehensive Legal Understanding}, 
      author={Haitao Li and Qingyao Ai and Qian Dong and Yiqun Liu},
      year={2024},
      url={https://github.com/CSHaitao/LexiLaw},
}

@article{cui2023chatlaw,
  title={ChatLaw: Open-Source Legal Large Language Model with Integrated External Knowledge Bases},
  author={Cui, Jiaxi and Li, Zongjian and Yan, Yang and Chen, Bohua and Yuan, Li},
  journal={arXiv e-prints},
  pages={arXiv--2306},
  year={2023}
}

@article{dai2023laiw,
  title={LAiW: A Chinese legal large language models benchmark (a technical report)},
  author={Dai, Yongfu and Feng, Duanyu and Huang, Jimin and Jia, Haochen and Xie, Qianqian and Zhang, Yifang and Han, Weiguang and Tian, Wei and Wang, Hao},
  journal={arXiv preprint arXiv:2310.05620},
  year={2023}
}

@article{fei2023lawbench,
  title={Lawbench: Benchmarking legal knowledge of large language models},
  author={Fei, Zhiwei and Shen, Xiaoyu and Zhu, Dawei and Zhou, Fengzhe and Han, Zhuo and Zhang, Songyang and Chen, Kai and Shen, Zongwen and Ge, Jidong},
  journal={arXiv preprint arXiv:2309.16289},
  year={2023}
}

@article{guha2024legalbench,
  title={Legalbench: A collaboratively built benchmark for measuring legal reasoning in large language models},
  author={Guha, Neel and Nyarko, Julian and Ho, Daniel and R{\'e}, Christopher and Chilton, Adam and Chohlas-Wood, Alex and Peters, Austin and Waldon, Brandon and Rockmore, Daniel and Zambrano, Diego and others},
  journal={Advances in Neural Information Processing Systems},
  volume={36},
  year={2024}
}

@article{katz2024gpt,
  title={Gpt-4 passes the bar exam},
  author={Katz, Daniel Martin and Bommarito, Michael James and Gao, Shang and Arredondo, Pablo},
  journal={Philosophical Transactions of the Royal Society A},
  volume={382},
  number={2270},
  pages={20230254},
  year={2024},
  publisher={The Royal Society}
}

@article{lai2024large,
  title={Large language models in law: A survey},
  author={Lai, Jinqi and Gan, Wensheng and Wu, Jiayang and Qi, Zhenlian and Philip, S Yu},
  journal={AI Open},
  year={2024},
  publisher={Elsevier}
}

@misc{li2024bladeenhancingblackboxlarge,
      title={BLADE: Enhancing Black-box Large Language Models with Small Domain-Specific Models}, 
      author={Haitao Li and Qingyao Ai and Jia Chen and Qian Dong and Zhijing Wu and Yiqun Liu and Chong Chen and Qi Tian},
      year={2024},
      eprint={2403.18365},
      archivePrefix={arXiv},
      primaryClass={cs.CL},
      url={https://arxiv.org/abs/2403.18365}, 
}

@article{li2024legalagentbench,
  title={LegalAgentBench: Evaluating LLM Agents in Legal Domain},
  author={Li, Haitao and Chen, Junjie and Yang, Jingli and Ai, Qingyao and Jia, Wei and Liu, Youfeng and Lin, Kai and Wu, Yueyue and Yuan, Guozhi and Hu, Yiran and others},
  journal={arXiv preprint arXiv:2412.17259},
  year={2024}
}

@inproceedings{lilexeval,
  title={LexEval: A Comprehensive Chinese Legal Benchmark for Evaluating Large Language Models},
  author={Li, Haitao and Chen, You and Ai, Qingyao and Yueyue, WU and Zhang, Ruizhe and Yiqun, LIU},
  booktitle={The Thirty-eight Conference on Neural Information Processing Systems Datasets and Benchmarks Track},
  year={2024}
}

