@article{parinandi_investigating_2024,
	title = {Investigating the politics and content of {US} {State} artificial intelligence legislation},
	volume = {26},
	issn = {1469-3569},
	doi = {10.1017/bap.2023.40},
	number = {2},
	urldate = {2025-01-07},
	journal = {Business and Politics},
	author = {Parinandi, Srinivas and Crosson, Jesse and Peterson, Kai and Nadarevic, Sinan},
	month = jun,
	year = {2024},
	pages = {240--262},
}

@article{jobin_global_2019,
	title = {The global landscape of {AI} ethics guidelines},
	volume = {1},
	issn = {2522-5839},
	doi = {10.1038/s42256-019-0088-2},
	language = {en},
	number = {9},
	urldate = {2025-01-07},
	journal = {Nature Machine Intelligence},
	author = {Jobin, Anna and Ienca, Marcello and Vayena, Effy},
	month = sep,
	year = {2019},
	pages = {389--399},
}

@article{aler_tubella_how_2023,
	title = {How to teach responsible {AI} in {Higher} {Education}: challenges and opportunities},
	volume = {26},
	doi = {10.1007/s10676-023-09733-7},
	journal = {Ethics and Information Technology},
	author = {Aler Tubella, Andrea and Mora-Cantallops, Marçal and Nieves, Juan Carlos},
	month = dec,
	year = {2023},
}

@article{shaw_knowing_2019,
	title = {Knowing is half the battle: {Assessments} of both student perception and performance are necessary to successfully evaluate curricular transformation},
	volume = {14},
	doi = {10.1371/journal.pone.0210030},
	number = {1},
	journal = {PLoS ONE},
	author = {Shaw, Terren J. and Yang, Suann and Nash, Troy R. and Pigg, Rachel M. and Grim, Jeffrey M.},
	year = {2019},
}

@article{vogt,
author = {Gayle Vogt and Catherine Atwong and Jean Fuller},
title ={Student Assessment of Learning Gains (SALGains): An Online Instrument},

journal = {Business Communication Quarterly},
volume = {68},
number = {1},
pages = {36-43},
year = {2005},
doi = {10.1177/1080569904273332},
}


@inproceedings{weichert_computer_2024,
	address = {Puebla, Mexico},
	title = {Computer {Science} {Student} {Attitudes} {Towards} {AI} {Ethics} and {Policy}: {A} {Preliminary} {Investigation}},
	booktitle = {Proceedings of the 2024 {IEEE} {International} {Symposium} on {Technology} and {Society}},
	author = {Weichert, James and Eldardiry, Hoda},
	year = {2024},
}

@misc{exec_order,note={Exec. Order No. 14110, 88 CFR 75191. 2023. Available: \url{https://www.federalregister.gov/documents/2023/11/01/2023-24283/safe-secure-and-trustworthy-development-and-use-of-artificial-intelligence}}}

@misc{weichert_eval,note={J. Weichert, M. Cheng, D. Kim, Q. Zhu, and H. Eldardiry. ``Exploring the Evolution of AI Ethics in CS Ethics Courses,'' Forthcoming.}}

@inproceedings{weichert_i_2025,
	address = {Pittsburgh, PA, USA},
	title = {'{Do} {I} {Have} to {Take} {This} {Class}?': {A} {Review} of {Ethics} {Requirements} in {Computer} {Science} {Curricula}},
	booktitle = {Proceedings of the {ACM} {Technical} {Symposium} on {Computer} {Science} {Education}},
	publisher = {Association for Computing Machinery},
	author = {Weichert, James and Kim, Dayoung and Zhu, Qin and Eldardiry, Hoda},
	year = {2025},
}

@article{freeman,
author = {Scott Freeman  and Sarah L. Eddy  and Miles McDonough  and Michelle K. Smith  and Nnadozie Okoroafor  and Hannah Jordt  and Mary Pat Wenderoth },
title = {Active learning increases student performance in science, engineering, and mathematics},
journal = {Proceedings of the National Academy of Sciences},
volume = {111},
number = {23},
pages = {8410-8415},
year = {2014},
doi = {10.1073/pnas.1319030111},
}

@misc{noauthor_playable_nodate,
	title = {Playable {City} {Sandbox}: {How} (not) to get hit by a self-driving car},
	url = {https://www.playablecity.com/projects/playable-city-sandbox-how-not-to/},
	journal = {Playable City},
}

@article{awad_moral_2018,
	title = {The {Moral} {Machine} experiment},
	volume = {563},
	issn = {0028-0836, 1476-4687},
	doi = {10.1038/s41586-018-0637-6},
	language = {en},
	number = {7729},
	urldate = {2025-01-10},
	journal = {Nature},
	author = {Awad, Edmond and Dsouza, Sohan and Kim, Richard and Schulz, Jonathan and Henrich, Joseph and Shariff, Azim and Bonnefon, Jean-François and Rahwan, Iyad},
	month = nov,
	year = {2018},
	pages = {59--64},
}

@inproceedings{haq_deepfakes,
author = {Haq, Ehsan-Ul and Zhu, Yiming and Hui, Pan and Tyson, Gareth},
title = {History in Making: Political Campaigns in the Era of Artificial Intelligence-Generated Content},
year = {2024},
isbn = {9798400701726},
publisher = {Association for Computing Machinery},
address = {New York, NY, USA},
doi = {10.1145/3589335.3652000},
booktitle = {Companion Proceedings of the ACM Web Conference 2024},
pages = {1115–1118},
numpages = {4},
keywords = {artificial intelligence-generated content, political campaigns, web},
location = {Singapore, Singapore},
series = {WWW '24}
}

@article{floridi_unified_2019,
	title = {A {Unified} {Framework} of {Five} {Principles} for {AI} in {Society}},
	doi = {10.1162/99608f92.8cd550d1},
	language = {en},
	urldate = {2025-01-10},
	journal = {Harvard Data Science Review},
	author = {Floridi, Luciano and Cowls, Josh},
	month = jun,
	year = {2019},
}

@inproceedings{kim_exploring_2023,
	address = {West Lafayette, IN, USA},
	title = {Exploring {Approaches} to {Artificial} {Intelligence} {Governance}: {From} {Ethics} to {Policy}},
	copyright = {https://doi.org/10.15223/policy-029},
	isbn = {9781665457132},
	shorttitle = {Exploring {Approaches} to {Artificial} {Intelligence} {Governance}},
	doi = {10.1109/ETHICS57328.2023.10155067},
	urldate = {2025-01-10},
	booktitle = {2023 {IEEE} {International} {Symposium} on {Ethics} in {Engineering}, {Science}, and {Technology} ({ETHICS})},
	publisher = {IEEE},
	author = {Kim, Dayoung and Zhu, Qin and Eldardiry, Hoda},
	month = may,
	year = {2023},
	pages = {1--5},
}

@inproceedings{schiff_whats_2020,
	address = {New York NY USA},
	title = {What's {Next} for {AI} {Ethics}, {Policy}, and {Governance}? {A} {Global} {Overview}},
	isbn = {9781450371100},
	shorttitle = {What's {Next} for {AI} {Ethics}, {Policy}, and {Governance}?},
	url = {https://dl.acm.org/doi/10.1145/3375627.3375804},
	doi = {10.1145/3375627.3375804},
	language = {en},
	urldate = {2025-01-10},
	booktitle = {Proceedings of the {AAAI}/{ACM} {Conference} on {AI}, {Ethics}, and {Society}},
	publisher = {ACM},
	author = {Schiff, Daniel and Biddle, Justin and Borenstein, Jason and Laas, Kelly},
	month = feb,
	year = {2020},
	pages = {153--158},
}

@article{floridi_translating_2019,
	title = {Translating {Principles} into {Practices} of {Digital} {Ethics}: {Five} {Risks} of {Being} {Unethical}},
	volume = {32},
	issn = {2210-5433, 2210-5441},
	shorttitle = {Translating {Principles} into {Practices} of {Digital} {Ethics}},
	doi = {10.1007/s13347-019-00354-x},
	language = {en},
	number = {2},
	urldate = {2025-01-10},
	journal = {Philosophy \& Technology},
	author = {Floridi, Luciano},
	month = jun,
	year = {2019},
	pages = {185--193},
}

@article{auld_governing_2022,
	title = {Governing {AI} through ethical standards: learning from the experiences of other private governance initiatives},
	volume = {29},
	issn = {1350-1763, 1466-4429},
	shorttitle = {Governing {AI} through ethical standards},
	doi = {10.1080/13501763.2022.2099449},
	language = {en},
	number = {11},
	urldate = {2025-01-10},
	journal = {Journal of European Public Policy},
	author = {Auld, Graeme and Casovan, Ashley and Clarke, Amanda and Faveri, Benjamin},
	month = nov,
	year = {2022},
	pages = {1822--1844},
}

@misc{weichert_policies,note={J. Weichert, Q. Zhu, D. Kim, and H. Eldardiry. ``Perceptions of AI Ethics Policies Among Scientists and Engineers in Policy-Related Roles: An Exploratory Investigation,'' \emph{Digital Society} (2025). Forthcoming.}}

@misc{eu_ai_act,note={EU AI Act, Regulation (EU) 2024/1689. 2024. Available: \url{https://eur-lex.europa.eu/eli/reg/2024/1689/oj/eng}}}

@inproceedings{fiesler_what_2020,
	address = {Portland OR USA},
	title = {What {Do} {We} {Teach} {When} {We} {Teach} {Tech} {Ethics}?: {A} {Syllabi} {Analysis}},
	isbn = {9781450367936},
	shorttitle = {What {Do} {We} {Teach} {When} {We} {Teach} {Tech} {Ethics}?},
	doi = {10.1145/3328778.3366825},
	language = {en},
	urldate = {2025-01-11},
	booktitle = {Proceedings of the 51st {ACM} {Technical} {Symposium} on {Computer} {Science} {Education}},
	publisher = {ACM},
	author = {Fiesler, Casey and Garrett, Natalie and Beard, Nathan},
	month = feb,
	year = {2020},
	pages = {289--295},
}

@article{brown_teaching_2024,
	title = {Teaching {Ethics} in {Computing}: {A} {Systematic} {Literature} {Review} of {ACM} {Computer} {Science} {Education} {Publications}},
	volume = {24},
	issn = {1946-6226},
	shorttitle = {Teaching {Ethics} in {Computing}},
	doi = {10.1145/3634685},
	language = {en},
	number = {1},
	urldate = {2025-01-11},
	journal = {ACM Transactions on Computing Education},
	author = {Brown, Noelle and Xie, Benjamin and Sarder, Ella and Fiesler, Casey and Wiese, Eliane S.},
	month = mar,
	year = {2024},
	pages = {1--36},
}

@inproceedings{garrett_more_2020,
	address = {New York NY USA},
	title = {More {Than} "{If} {Time} {Allows}": {The} {Role} of {Ethics} in {AI} {Education}},
	isbn = {9781450371100},
	shorttitle = {More {Than} "{If} {Time} {Allows}"},
	doi = {10.1145/3375627.3375868},
	language = {en},
	urldate = {2025-01-11},
	booktitle = {Proceedings of the {AAAI}/{ACM} {Conference} on {AI}, {Ethics}, and {Society}},
	publisher = {ACM},
	author = {Garrett, Natalie and Beard, Nathan and Fiesler, Casey},
	month = feb,
	year = {2020},
	pages = {272--278},
}

@inproceedings{raji_you_2021,
	address = {Virtual Event Canada},
	title = {You {Can}'t {Sit} {With} {Us}: {Exclusionary} {Pedagogy} in {AI} {Ethics} {Education}},
	isbn = {9781450383097},
	shorttitle = {You {Can}'t {Sit} {With} {Us}},
	doi = {10.1145/3442188.3445914},
	language = {en},
	urldate = {2025-01-11},
	booktitle = {Proceedings of the 2021 {ACM} {Conference} on {Fairness}, {Accountability}, and {Transparency}},
	publisher = {ACM},
	author = {Raji, Inioluwa Deborah and Scheuerman, Morgan Klaus and Amironesei, Razvan},
	month = mar,
	year = {2021},
	pages = {515--525},
}

@article{furey_ai_2019,
	title = {{AI} education matters: a modular approach to {AI} ethics education},
	volume = {4},
	shorttitle = {{AI} education matters},

	doi = {10.1145/3299758.3299764},
	
	number = {4},
	urldate = {2025-01-11},
	journal = {AI Matters},
	author = {Furey, Heidi and Martin, Fred},
	month = jan,
	year = {2019},
	pages = {13--15},
}

@article{burton_ethical_2017,
	title = {Ethical {Considerations} in {Artificial} {Intelligence} {Courses}},
	volume = {38},
	copyright = {http://onlinelibrary.wiley.com/termsAndConditions\#vor},
	issn = {0738-4602, 2371-9621},
	
	doi = {10.1609/aimag.v38i2.2731},

	language = {en},
	number = {2},
	urldate = {2025-01-11},
	journal = {AI Magazine},
	author = {Burton, Emanuelle and Goldsmith, Judy and Koenig, Sven and Kuipers, Benjamin and Mattei, Nicholas and Walsh, Toby},
	month = jun,
	year = {2017},
	pages = {22--34},
}

@article{borenstein_emerging_2021,
	title = {Emerging challenges in {AI} and the need for {AI} ethics education},
	volume = {1},
	issn = {2730-5953, 2730-5961},
	doi = {10.1007/s43681-020-00002-7},
	language = {en},
	number = {1},
	urldate = {2025-01-11},
	journal = {AI and Ethics},
	author = {Borenstein, Jason and Howard, Ayanna},
	month = feb,
	year = {2021},
	pages = {61--65},
}

@inproceedings{skirpan_ethics_2018,
	address = {Baltimore Maryland USA},
	title = {Ethics {Education} in {Context}: {A} {Case} {Study} of {Novel} {Ethics} {Activities} for the {CS} {Classroom}},
	isbn = {9781450351034},
	shorttitle = {Ethics {Education} in {Context}},
	doi = {10.1145/3159450.3159573},
	language = {en},
	urldate = {2025-01-11},
	booktitle = {Proceedings of the 49th {ACM} {Technical} {Symposium} on {Computer} {Science} {Education}},
	publisher = {ACM},
	author = {Skirpan, Michael and Beard, Nathan and Bhaduri, Srinjita and Fiesler, Casey and Yeh, Tom},
	month = feb,
	year = {2018},
	pages = {940--945},
}

@misc{larson_how_2016,
	title = {How {We} {Analyzed} the {COMPAS} {Recidivism} {Algorithm}},
	url = {https://www.propublica.org/article/how-we-analyzed-the-compas-recidivism-algorithm},
	abstract = {ProPublica is an independent, non-profit newsroom that produces investigative journalism in the public interest.},
	journal = {ProPublica},
	author = {Larson, Jeff and Mattu, Surya and Kirchner, Lauren and Angwin, Julia},
	year = {2016},
}

@book{bonwell_active_1991,
	series = {{ASHE}-{ERIC} Higher Education Research Report},
	title = {Active Learning: Creating Excitement in the Classroom},
	isbn = {9781878380081},
	number = {1},
	publisher = {School of Education and Human Development, George Washington Univ},
	author = {Bonwell, Charles C. and Eison, James A.},
	year = {1991},
}

