@article{borenstein_emerging_2021,
	title = {Emerging challenges in {AI} and the need for {AI} ethics education},
	volume = {1},
	issn = {2730-5953, 2730-5961},
	doi = {10.1007/s43681-020-00002-7},
	language = {en},
	number = {1},
	urldate = {2025-01-11},
	journal = {AI and Ethics},
	author = {Borenstein, Jason and Howard, Ayanna},
	month = feb,
	year = {2021},
	pages = {61--65},
}

@article{brown_teaching_2024,
	title = {Teaching {Ethics} in {Computing}: {A} {Systematic} {Literature} {Review} of {ACM} {Computer} {Science} {Education} {Publications}},
	volume = {24},
	issn = {1946-6226},
	shorttitle = {Teaching {Ethics} in {Computing}},
	doi = {10.1145/3634685},
	language = {en},
	number = {1},
	urldate = {2025-01-11},
	journal = {ACM Transactions on Computing Education},
	author = {Brown, Noelle and Xie, Benjamin and Sarder, Ella and Fiesler, Casey and Wiese, Eliane S.},
	month = mar,
	year = {2024},
	pages = {1--36},
}

@article{burton_ethical_2017,
	title = {Ethical {Considerations} in {Artificial} {Intelligence} {Courses}},
	volume = {38},
	copyright = {http://onlinelibrary.wiley.com/termsAndConditions\#vor},
	issn = {0738-4602, 2371-9621},
	
	doi = {10.1609/aimag.v38i2.2731},

	language = {en},
	number = {2},
	urldate = {2025-01-11},
	journal = {AI Magazine},
	author = {Burton, Emanuelle and Goldsmith, Judy and Koenig, Sven and Kuipers, Benjamin and Mattei, Nicholas and Walsh, Toby},
	month = jun,
	year = {2017},
	pages = {22--34},
}

@inproceedings{fiesler_what_2020,
	address = {Portland OR USA},
	title = {What {Do} {We} {Teach} {When} {We} {Teach} {Tech} {Ethics}?: {A} {Syllabi} {Analysis}},
	isbn = {9781450367936},
	shorttitle = {What {Do} {We} {Teach} {When} {We} {Teach} {Tech} {Ethics}?},
	doi = {10.1145/3328778.3366825},
	language = {en},
	urldate = {2025-01-11},
	booktitle = {Proceedings of the 51st {ACM} {Technical} {Symposium} on {Computer} {Science} {Education}},
	publisher = {ACM},
	author = {Fiesler, Casey and Garrett, Natalie and Beard, Nathan},
	month = feb,
	year = {2020},
	pages = {289--295},
}

@article{furey_ai_2019,
	title = {{AI} education matters: a modular approach to {AI} ethics education},
	volume = {4},
	shorttitle = {{AI} education matters},

	doi = {10.1145/3299758.3299764},
	
	number = {4},
	urldate = {2025-01-11},
	journal = {AI Matters},
	author = {Furey, Heidi and Martin, Fred},
	month = jan,
	year = {2019},
	pages = {13--15},
}

@inproceedings{garrett_more_2020,
	address = {New York NY USA},
	title = {More {Than} "{If} {Time} {Allows}": {The} {Role} of {Ethics} in {AI} {Education}},
	isbn = {9781450371100},
	shorttitle = {More {Than} "{If} {Time} {Allows}"},
	doi = {10.1145/3375627.3375868},
	language = {en},
	urldate = {2025-01-11},
	booktitle = {Proceedings of the {AAAI}/{ACM} {Conference} on {AI}, {Ethics}, and {Society}},
	publisher = {ACM},
	author = {Garrett, Natalie and Beard, Nathan and Fiesler, Casey},
	month = feb,
	year = {2020},
	pages = {272--278},
}

@misc{larson_how_2016,
	title = {How {We} {Analyzed} the {COMPAS} {Recidivism} {Algorithm}},
	url = {https://www.propublica.org/article/how-we-analyzed-the-compas-recidivism-algorithm},
	abstract = {ProPublica is an independent, non-profit newsroom that produces investigative journalism in the public interest.},
	journal = {ProPublica},
	author = {Larson, Jeff and Mattu, Surya and Kirchner, Lauren and Angwin, Julia},
	year = {2016},
}

@inproceedings{raji_you_2021,
	address = {Virtual Event Canada},
	title = {You {Can}'t {Sit} {With} {Us}: {Exclusionary} {Pedagogy} in {AI} {Ethics} {Education}},
	isbn = {9781450383097},
	shorttitle = {You {Can}'t {Sit} {With} {Us}},
	doi = {10.1145/3442188.3445914},
	language = {en},
	urldate = {2025-01-11},
	booktitle = {Proceedings of the 2021 {ACM} {Conference} on {Fairness}, {Accountability}, and {Transparency}},
	publisher = {ACM},
	author = {Raji, Inioluwa Deborah and Scheuerman, Morgan Klaus and Amironesei, Razvan},
	month = mar,
	year = {2021},
	pages = {515--525},
}

@inproceedings{schiff_whats_2020,
	address = {New York NY USA},
	title = {What's {Next} for {AI} {Ethics}, {Policy}, and {Governance}? {A} {Global} {Overview}},
	isbn = {9781450371100},
	shorttitle = {What's {Next} for {AI} {Ethics}, {Policy}, and {Governance}?},
	url = {https://dl.acm.org/doi/10.1145/3375627.3375804},
	doi = {10.1145/3375627.3375804},
	language = {en},
	urldate = {2025-01-10},
	booktitle = {Proceedings of the {AAAI}/{ACM} {Conference} on {AI}, {Ethics}, and {Society}},
	publisher = {ACM},
	author = {Schiff, Daniel and Biddle, Justin and Borenstein, Jason and Laas, Kelly},
	month = feb,
	year = {2020},
	pages = {153--158},
}

@misc{weichert_eval,note={J. Weichert, M. Cheng, D. Kim, Q. Zhu, and H. Eldardiry. ``Exploring the Evolution of AI Ethics in CS Ethics Courses,'' Forthcoming.}}

@inproceedings{weichert_i_2025,
	address = {Pittsburgh, PA, USA},
	title = {'{Do} {I} {Have} to {Take} {This} {Class}?': {A} {Review} of {Ethics} {Requirements} in {Computer} {Science} {Curricula}},
	booktitle = {Proceedings of the {ACM} {Technical} {Symposium} on {Computer} {Science} {Education}},
	publisher = {Association for Computing Machinery},
	author = {Weichert, James and Kim, Dayoung and Zhu, Qin and Eldardiry, Hoda},
	year = {2025},
}

@misc{weichert_policies,note={J. Weichert, Q. Zhu, D. Kim, and H. Eldardiry. ``Perceptions of AI Ethics Policies Among Scientists and Engineers in Policy-Related Roles: An Exploratory Investigation,'' \emph{Digital Society} (2025). Forthcoming.}}

