@misc{Apple2019,
      title={Product environmental report Mac Pro}, 
      author={Apple},
      year={2019},
      url={https://www.apple.com/environment/pdf/products/desktops/Mac_Pro_PER_Dec2019.pdf}, 
}

@misc{Davy2021,
  author    = {Davy, Benjamin},
  title     = {Building an {AWS} {EC2} carbon emissions dataset},
  year      = {2021},
  url       = {https://medium.com/teads-engineering/
building-an-aws-ec2-carbon-emissions-dataset-3f0fd76c98ac}
}

@inproceedings{Gupta2021,
  title={Chasing carbon: The elusive environmental footprint of computing},
  author={Gupta, Udit and Kim, Young Geun and Lee, Sylvia and Tse, Jordan and Lee, Hsien-Hsin S and Wei, Gu-Yeon and Brooks, David and Wu, Carole-Jean},
  booktitle={2021 IEEE International Symposium on High-Performance Computer Architecture (HPCA)},
  pages={854--867},
  year={2021},
}
%  organization={IEEE}

@inproceedings{Gupta2022,
  title={ACT: Designing sustainable computer systems with an architectural carbon modeling tool},
  author={Gupta, Udit and Elgamal, Mariam and Hills, Gage and Wei, Gu-Yeon and Lee, Hsien-Hsin S and Brooks, David and Wu, Carole-Jean},
  booktitle={Proc. of 49th Annual International Symposium on Computer Architecture (ISCA)},
  pages={784--799},
  location = {New York City, NY, USA},
  year={2022}
}

@inproceedings{Ji2024,
  title={SCARIF: Towards Carbon Modeling of Cloud Servers with Accelerators},
  author={Ji, Shixin and Yang, Zhuoping and Chen, Xingzhen and Cahoon, Stephen and Hu, Jingtong and Shi, Yiyu and Jones, Alex K and Zhou, Peipei},
  booktitle={2024 IEEE Computer Society Annual Symposium on VLSI (ISVLSI)},
  pages={496--501},
  year={2024},
}
%  organization={IEEE}

@inproceedings{Jouppi2023,
  author = {Jouppi, Norman P. and Kurian, George and Li, Sheng and Ma, Peter and Nagarajan, Rahul and Nai, Lifeng and Patil, Nishant and Subramanian, Suvinay and Swing, Andy and Towles, Brian and Young, Clifford and Zhou, Xiang and Zhou, Zongwei and Patterson, David},
  title = {{TPU} v4: An Optically Reconfigurable Supercomputer for Machine Learning with Hardware Support for Embeddings},
  year = {2023},
  doi = {10.1145/3579371.3589350},
  booktitle = {Proc. of 50th Annual International Symposium on Computer Architecture},
  location = {Orlando, FL, USA},
  series = {ISCA}
}

%  numpages = {14},
% publisher = {Association for Computing Machinery},
% address = {New York, NY, USA},
%  articleno = {82}

@article{Kuo2022,
  author = {Tsai-Chi Kuo and Chien-Yun Kuo and Liang-Wei Chen},
  title = {Assessing environmental impacts of nanoscale semi-conductor manufacturing from the life cycle assessment perspective},
  journal = {Resources, Conservation and Recycling},
  volume = {182},
  year = {2022},
  issn = {0921-3449},
  doi = {https://doi.org/10.1016/j.resconrec.2022.106289}
}

@article{Luccioni2022,
  author    = {Luccioni, Alexandra Sasha and Viguier, Sylvain and Ligozat, Anne-Laure},
  title     = {Estimating the Carbon Footprint of {BLOOM}, a 176{B} Parameter Language Model},
  journal   = {Journal of Machine Learning Research 24},
  year      = {2023},
  pages     = {1--15},
  doi       = {10.48550/arXiv.2211.02001}
}

@misc{Luccioni2023,
      title={Counting Carbon: A Survey of Factors Influencing the Emissions of Machine Learning}, 
      author={Alexandra Sasha Luccioni and Alex Hernandez-Garcia},
      year={2023},
      eprint={2302.08476},
      url={https://arxiv.org/abs/2302.08476}, 
}

@misc{Patterson2021,
  title={Carbon Emissions and Large Neural Network Training}, 
  author={David Patterson and Joseph Gonzalez and Quoc Le and Chen Liang and Lluis-Miquel Munguia and Daniel Rothchild and David So and Maud Texier and Jeff Dean},
  year={2021},
  archivePrefix={arXiv},
  url={https://arxiv.org/abs/2104.10350} 
}
%  primaryClass={cs.LG},
%  eprint={2104.10350}

@article{Patterson2022,
  author    = {Patterson, David and Gonzalez, Joseph and H{\"o}lzle, Urs and Le, Quoc and Liang, Chen and Munguia, Lluis-Miquel and Rothchild, Daniel and So, David R and Texier, Maud and Dean, Jeff},
  title     = {The Carbon Footprint of Machine Learning Training Will Plateau, Then Shrink},
  journal   = {{IEEE} Computer},
  volume    = {55},
  number    = {7},
  year      = {2022},
  pages     = {18--28},
  doi       = {10.1109/MC.2022.3148714}
}

@misc{Strubell2019,
      title={Energy and Policy Considerations for Deep Learning in {NLP}},
      author={Emma Strubell and Ananya Ganesh and Andrew McCallum},
      year={2019},
      eprint={1906.02243},
      url={https://arxiv.org/abs/1906.02243}, 
}

@article{Touvron2023,
  title={Llama 2: Open foundation and fine-tuned chat models},
  author={Touvron, Hugo and Martin, Louis and Stone, Kevin and Albert, Peter and Almahairi, Amjad and Babaei, Yasmine and Bashlykov, Nikolay and Batra, Soumya and Bhargava, Prajjwal and Bhosale, Shruti and others},
  journal={arXiv preprint arXiv:2307.09288},
  year={2023}
}

@article{Vahdat2024,
  author = {Vahdat, Amin and Ma, Xiaoyu and Patterson, David},
  title = {New Computer Evaluation Metrics for a Changing World},
  year = {2024},
  issue_date = {October 2024},
  journal = {Communications of the {ACM}},
  address = {New York, NY, USA},
  volume = {67},
  number = {10},
  doi = {10.1145/3637867},
  month = sep,
  pages = {31–33}
}

@inproceedings{Wang2024,
  author={Wang, Jaylen and Berger, Daniel S. and Kazhamiaka, Fiodar and Irvene, Celine and Zhang, Chaojie and Choukse, Esha and Frost, Kali and Fonseca, Rodrigo and Warrier, Brijesh and Bansal, Chetan and Stern, Jonathan and Bianchini, Ricardo and Sriraman, Akshitha},
  booktitle={Proc. of 51st Annual International Symposium on Computer Architecture (ISCA)}, 
  title={Designing Cloud Servers for Lower Carbon}, 
  year={2024},
  location = {Buenos Aires, Argentina},
  pages={452-470},
  doi={10.1109/ISCA59077.2024.00041}}

@inproceedings{Wu2022,
  author    = {Wu, Carole-Jean and Raghavendra, Ramya and Gupta, Udit and Acun, Bilge and Ardalani, Newsha and Maeng, Kiwan and Chang, Gloria and Aga, Fiona and Huang, Jinshi and Bai, Charles and others},
  title     = {Sustainable {AI}: Environmental Implications, Challenges and Opportunities},
  booktitle = {Proc. of Machine Learning and Systems},
  year      = {2022},
  volume    = {4},
  pages     = {795--813},
  doi       = {10.48550/arXiv.2111.00364}
}

@article{bouza2023estimate,
  title={How to estimate carbon footprint when training deep learning models? A guide and review},
  author={Bouza, Luc{\'\i}a and Bugeau, Aur{\'e}lie and Lannelongue, Lo{\"\i}c},
  journal={Environmental Research Communications},
  volume={5},
  number={11},
  pages={115014},
  year={2023},
  publisher={IOP Publishing}
}

@article{hernandez2020measuring,
  title={Measuring the algorithmic efficiency of neural networks},
  author={Hernandez, Danny and Brown, Tom B},
  journal={arXiv preprint arXiv:2005.04305},
  year={2020}
}

@article{ho2024algorithmic,
  title={Algorithmic progress in language models},
  author={Ho, Anson and Besiroglu, Tamay and Erdil, Ege and Owen, David and Rahman, Robi and Guo, Zifan Carl and Atkinson, David and Thompson, Neil and Sevilla, Jaime},
  journal={arXiv preprint arXiv:2403.05812},
  year={2024}
}

@article{lannelongue2021green,
  title={Green algorithms: quantifying the carbon footprint of computation},
  author={Lannelongue, Lo{\"\i}c and Grealey, Jason and Inouye, Michael},
  journal={Advanced science},
  volume={8},
  number={12},
  pages={2100707},
  year={2021},
  publisher={Wiley Online Library}
}

@article{patterson2024energy,
  title={Energy and Emissions of Machine Learning on Smartphones vs. the Cloud},
  author={Patterson, David and Gilbert, Jeffrey M and Gruteser, Marco and Robles, Efren and Sekar, Krishna and Wei, Yong and Zhu, Tenghui},
  journal={Communications of the ACM},
  volume={67},
  number={2},
  pages={86--97},
  year={2024}
}
%  publisher={ACM New York, NY, USA}

@misc{trebaol2020cumulator,
  title={CUMULATOR—a tool to quantify and report the carbon footprint of machine learning computations and communication in academia and healthcare},
  author={Tr{\'e}baol, Tristan},
  year={2020}
}

