@misc{Rahman2024,
  title={Tracking {L}arge-{S}cale {AI} {M}odels},
  author={Robi Rahman and David Owen and Josh You},
  year={2024},
  url={https://epoch.ai/blog/tracking-large-scale-ai-models}
}

@misc{Vahdat2023,
  author    = {Vahdat, Amin and Lohmeyer, Mark},
  title     = {Enabling next-generation {AI} workloads: {A}nnouncing {TPU} v5p and {AI} {H}ypercomputer},
  year      = {2023},
  url       = {https://cloud.google.com/blog/products/ai-machine-learning/introducing-cloud-tpu-v5p-and-ai-hypercomputer}
}

@book{GreenhouseGasProtocol2004,
  title     = {The Greenhouse Gas Protocol: A Corporate Accounting and Reporting Standard},
  author    = {{Greenhouse Gas Protocol}},
  year      = {2004},
  publisher = {World Resources Institute and World Business Council for Sustainable Development}
}

@incollection{Myhre2013,
 author={Myhre, Gunnar and Shindell, Drew and Br{\'e}on, F-M and Collins, William and Fuglestvedt, Jan and Huang, Jianping and Koch, Dorothy and Lamarque, J-F and Lee, David and Mendoza, Blanca and others},
  title={Anthropogenic and natural radiative forcing},
  booktitle={Climate Change 2013: The Physical Science Basis. Contribution of Working Group I to the Fifth Assessment Report of the Intergovernmental Panel on Climate Change},
  year={2013},
  pages={659--740},
  publisher={Cambridge University Press},
  address={Cambridge, UK},
  doi={10.1017/CBO9781107415324.018},
}

@article{Vahdat2024,
  author = {Vahdat, Amin and Ma, Xiaoyu and Patterson, David},
  title = {New Computer Evaluation Metrics for a Changing World},
  year = {2024},
  issue_date = {October 2024},
  journal = {Communications of the {ACM}},
  address = {New York, NY, USA},
  volume = {67},
  number = {10},
  doi = {10.1145/3637867},
  month = sep,
  pages = {31–33}
}

@inproceedings{Fan2007,
  author = {Fan, Xiaobo and Weber, Wolf-Dietrich and Barroso, Luiz Andre},
  booktitle={Proc. 34th Annual International Symposium on Computer Architecture (ISCA)},
  title = {Power provisioning for a warehouse-sized computer},
  year={2007},
  pages={13--23},
  location = {San Diego, CA, USA},
}

@misc{Patterson2021,
  title={Carbon Emissions and Large Neural Network Training}, 
  author={David Patterson and Joseph Gonzalez and Quoc Le and Chen Liang and Lluis-Miquel Munguia and Daniel Rothchild and David So and Maud Texier and Jeff Dean},
  year={2021},
  archivePrefix={arXiv},
  url={https://arxiv.org/abs/2104.10350} 
}
%  primaryClass={cs.LG},
%  eprint={2104.10350},

@inproceedings{Jouppi2021,
  author={Jouppi, Norman P. and Hyun Yoon, Doe and Ashcraft, Matthew and Gottscho, Mark and Jablin, Thomas B. and Kurian, George and Laudon, James and Li, Sheng and Ma, Peter and Ma, Xiaoyu and Norrie, Thomas and Patil, Nishant and Prasad, Sushma and Young, Cliff and Zhou, Zongwei and Patterson, David},
  booktitle={Proc. of 48th Annual International Symposium on Computer Architecture (ISCA)}, 
  title={Ten {L}essons {F}rom {T}hree {G}enerations {S}haped {G}oogle’s {TPU}v4i}, 
  year={2021},
  pages={1-14},
   location = {Valencia, Spain},
  doi={10.1109/ISCA52012.2021.00010}}

@inproceedings{Wang2024,
  author={Wang, Jaylen and Berger, Daniel S. and Kazhamiaka, Fiodar and Irvene, Celine and Zhang, Chaojie and Choukse, Esha and Frost, Kali and Fonseca, Rodrigo and Warrier, Brijesh and Bansal, Chetan and Stern, Jonathan and Bianchini, Ricardo and Sriraman, Akshitha},
  booktitle={Proc. of 51st Annual International Symposium on Computer Architecture (ISCA)}, 
  title={Designing Cloud Servers for Lower Carbon}, 
  year={2024},
  location = {Buenos Aires, Argentina},
  pages={452-470},
  doi={10.1109/ISCA59077.2024.00041}}
  
@article{Kuo2022,
  author = {Tsai-Chi Kuo and Chien-Yun Kuo and Liang-Wei Chen},
  title = {Assessing environmental impacts of nanoscale semi-conductor manufacturing from the life cycle assessment perspective},
  journal = {Resources, Conservation and Recycling},
  volume = {182},
  year = {2022},
  issn = {0921-3449},
  doi = {https://doi.org/10.1016/j.resconrec.2022.106289}
}

@article{Luccioni2022,
  author    = {Luccioni, Alexandra Sasha and Viguier, Sylvain and Ligozat, Anne-Laure},
  title     = {Estimating the Carbon Footprint of {BLOOM}, a 176{B} Parameter Language Model},
  journal   = {Journal of Machine Learning Research 24},
  year      = {2023},
  pages     = {1--15},
  doi       = {10.48550/arXiv.2211.02001}
}

@misc{Davy2021,
  author    = {Davy, Benjamin},
  title     = {Building an {AWS} {EC2} carbon emissions dataset},
  year      = {2021},
  url       = {https://medium.com/teads-engineering/
building-an-aws-ec2-carbon-emissions-dataset-3f0fd76c98ac}
}

@misc{Strubell2019,
      title={Energy and Policy Considerations for Deep Learning in {NLP}},
      author={Emma Strubell and Ananya Ganesh and Andrew McCallum},
      year={2019},
      eprint={1906.02243},
      url={https://arxiv.org/abs/1906.02243}, 
}

@misc{Luccioni2023,
      title={Counting Carbon: A Survey of Factors Influencing the Emissions of Machine Learning}, 
      author={Alexandra Sasha Luccioni and Alex Hernandez-Garcia},
      year={2023},
      eprint={2302.08476},
      url={https://arxiv.org/abs/2302.08476}, 
}

@article{Touvron2023,
  title={Llama 2: Open foundation and fine-tuned chat models},
  author={Touvron, Hugo and Martin, Louis and Stone, Kevin and Albert, Peter and Almahairi, Amjad and Babaei, Yasmine and Bashlykov, Nikolay and Batra, Soumya and Bhargava, Prajjwal and Bhosale, Shruti and others},
  journal={arXiv preprint arXiv:2307.09288},
  year={2023}
}

@article{Patterson2022,
  author    = {Patterson, David and Gonzalez, Joseph and H{\"o}lzle, Urs and Le, Quoc and Liang, Chen and Munguia, Lluis-Miquel and Rothchild, Daniel and So, David R and Texier, Maud and Dean, Jeff},
  title     = {The Carbon Footprint of Machine Learning Training Will Plateau, Then Shrink},
  journal   = {{IEEE} Computer},
  volume    = {55},
  number    = {7},
  year      = {2022},
  pages     = {18--28},
  doi       = {10.1109/MC.2022.3148714}
}

@inproceedings{Wu2022,
  author    = {Wu, Carole-Jean and Raghavendra, Ramya and Gupta, Udit and Acun, Bilge and Ardalani, Newsha and Maeng, Kiwan and Chang, Gloria and Aga, Fiona and Huang, Jinshi and Bai, Charles and others},
  title     = {Sustainable {AI}: Environmental Implications, Challenges and Opportunities},
  booktitle = {Proc. of Machine Learning and Systems},
  year      = {2022},
  volume    = {4},
  pages     = {795--813},
  doi       = {10.48550/arXiv.2111.00364}
}

@inproceedings{Jouppi2023,
  author = {Jouppi, Norman P. and Kurian, George and Li, Sheng and Ma, Peter and Nagarajan, Rahul and Nai, Lifeng and Patil, Nishant and Subramanian, Suvinay and Swing, Andy and Towles, Brian and Young, Clifford and Zhou, Xiang and Zhou, Zongwei and Patterson, David},
  title = {{TPU} v4: An Optically Reconfigurable Supercomputer for Machine Learning with Hardware Support for Embeddings},
  year = {2023},
  doi = {10.1145/3579371.3589350},
  booktitle = {Proc. of 50th Annual International Symposium on Computer Architecture},
  location = {Orlando, FL, USA},
  series = {ISCA}
}

%  numpages = {14},
% publisher = {Association for Computing Machinery},
% address = {New York, NY, USA},
%  articleno = {82},


@techreport{Google2024,
  title     = {Google 2024 {Environmental} {Report}},
  author    = {Google},
  year      = {2024},
  institution = {Google}
}

@misc{IMEC2024,
  title     = {IMEC.netzero virtual fab},
  author    = {IMEC},
  year      = {2024},
  url       = {https://netzero.imec-int.com/}
}

@software{Sphera2024,
  author = {Sphera},
  title = {LCA for Experts},
  url = {https://sphera.com/solutions/product-stewardship/life-cycle-assessment-software-and-data/lca-for-experts/},
  version = {10.9},
  year  = {2024},
  date = {2024-11-06}
}

@inbook{Baitz2017,
  author = {Baitz, Martin},
  year = {2017},
  month = {09},
  pages = {123-143},
  title = {Attributional Life Cycle Assessment},
  isbn = {978-94-024-0854-6},
  doi = {10.1007/978-94-024-0855-3_3}
}

@article{Frischknecht2005,
  title={The ecoinvent database: overview and methodological framework},
  author={Frischknecht, Rolf and Jungbluth, Niels and Althaus, Hans-J{\"o}rg and Doka, Gabor and Dones, Roberto and Heck, Thomas and Hellweg, Stefanie and Hischier, Roland and Nemecek, Thomas and Rebitzer, Gerald and others},
  journal={The international journal of life cycle assessment},
  volume={10},
  pages={3--9},
  year={2005},
  publisher={Springer}
}

@inbook{Arvanitoyannis2008,
  author = {Arvanitoyannis, Ioannis},
  year = {2008},
  month = {12},
  pages = {97-132},
  title = {ISO 14040: Life Cycle Assessment (LCA) – Principles and Guidelines},
  isbn = {9780123736543},
  journal = {Waste Management for the Food Industries},
  doi = {10.1016/B978-012373654-3.50006-7}
}

@book{Houghton1990,
  title     = {Climate Change: The {IPCC} Scientific Assessment},
  editor    = {John Houghton and G. J. Jenkins and J. J. Ephraums},
  year      = {1990},
  publisher = {Cambridge University Press}
}

@misc{Schneider2024,
      title={Carbon accounting in the Cloud: a methodology for allocating emissions across data center users}, 
      author={Ian Schneider and Taylor Mattia},
      year={2024},
      eprint={2406.09645},
      url={https://arxiv.org/abs/2406.09645}, 
}

@inproceedings{spiliotopoulos2024methodological,
  title={A methodological proposal for determining priority product categories towards the development of a reparability score in the European Union},
  author={Spiliotopoulos, Christoforos and Bernad-Beltr{\'a}n, David and Milios, Leonidas},
  booktitle={2024 Electronics Goes Green 2024+(EGG)},
  	url = {https://ieeexplore.ieee.org/abstract/document/10631261},
  pages={1--6},
  year={2024},
  organization={IEEE}
}

@article{Rosenbaum1983,
  author = {Rosenbaum, Paul and Rubin, Donald},
  year = {1983},
  month = {04},
  pages = {41-55},
  title = {The Central Role of the Propensity Score in Observational Studies For Causal Effects},
  volume = {70},
  journal = {Biometrika},
  doi = {10.1093/biomet/70.1.41}
}

@inproceedings{Ji2024,
  title={SCARIF: Towards Carbon Modeling of Cloud Servers with Accelerators},
  author={Ji, Shixin and Yang, Zhuoping and Chen, Xingzhen and Cahoon, Stephen and Hu, Jingtong and Shi, Yiyu and Jones, Alex K and Zhou, Peipei},
  booktitle={2024 IEEE Computer Society Annual Symposium on VLSI (ISVLSI)},
  pages={496--501},
  year={2024},
}
%  organization={IEEE}

@inproceedings{Gupta2021,
  title={Chasing carbon: The elusive environmental footprint of computing},
  author={Gupta, Udit and Kim, Young Geun and Lee, Sylvia and Tse, Jordan and Lee, Hsien-Hsin S and Wei, Gu-Yeon and Brooks, David and Wu, Carole-Jean},
  booktitle={2021 IEEE International Symposium on High-Performance Computer Architecture (HPCA)},
  pages={854--867},
  year={2021},
}
%  organization={IEEE}

@inproceedings{Gupta2022,
  title={ACT: Designing sustainable computer systems with an architectural carbon modeling tool},
  author={Gupta, Udit and Elgamal, Mariam and Hills, Gage and Wei, Gu-Yeon and Lee, Hsien-Hsin S and Brooks, David and Wu, Carole-Jean},
  booktitle={Proc. of 49th Annual International Symposium on Computer Architecture (ISCA)},
  pages={784--799},
  location = {New York City, NY, USA},
  year={2022}
}

@article{Schwartz2020,
  title={Green AI},
  author={Schwartz, Roy and Dodge, Jesse and Smith, Noah A and Etzioni, Oren},
  journal={Communications of the ACM},
  volume={63},
  number={12},
  pages={54--63},
  year={2020}
}
%  publisher={ACM New York, NY, USA}

@article{patterson2024energy,
  title={Energy and Emissions of Machine Learning on Smartphones vs. the Cloud},
  author={Patterson, David and Gilbert, Jeffrey M and Gruteser, Marco and Robles, Efren and Sekar, Krishna and Wei, Yong and Zhu, Tenghui},
  journal={Communications of the ACM},
  volume={67},
  number={2},
  pages={86--97},
  year={2024}
}
%  publisher={ACM New York, NY, USA}

@book{klopffer2014life,
  title={Life cycle assessment (LCA): a guide to best practice},
  author={Kl{\"o}pffer, Walter and Grahl, Birgit},
  year={2014},
  publisher={John Wiley \& Sons}
}

@article{lannelongue2021green,
  title={Green algorithms: quantifying the carbon footprint of computation},
  author={Lannelongue, Lo{\"\i}c and Grealey, Jason and Inouye, Michael},
  journal={Advanced science},
  volume={8},
  number={12},
  pages={2100707},
  year={2021},
  publisher={Wiley Online Library}
}

@article{bouza2023estimate,
  title={How to estimate carbon footprint when training deep learning models? A guide and review},
  author={Bouza, Luc{\'\i}a and Bugeau, Aur{\'e}lie and Lannelongue, Lo{\"\i}c},
  journal={Environmental Research Communications},
  volume={5},
  number={11},
  pages={115014},
  year={2023},
  publisher={IOP Publishing}
}

@article{lottick2019energy,
  title={Energy Usage Reports: Environmental awareness as part of algorithmic accountability},
  author={Lottick, Kadan and Susai, Silvia and Friedler, Sorelle A and Wilson, Jonathan P},
  journal={arXiv preprint arXiv:1911.08354},
  year={2019}
}

@misc{trebaol2020cumulator,
  title={CUMULATOR—a tool to quantify and report the carbon footprint of machine learning computations and communication in academia and healthcare},
  author={Tr{\'e}baol, Tristan},
  year={2020}
}

@misc{google24x7carbonfree,
  title = {Moving toward 24x7 Carbon-Free Energy at Google Data Centers: Progress and Insights},
  author = {{Google}}, 
  year = {2018},
  month = {October},
  howpublished = {Google Report},
  url = {https://www.gstatic.com/gumdrop/sustainability/24x7-carbon-free-energy-data-centers.pdf} 
}

@misc{google2024corporate,
  title = {The Corporate Role in Accelerating Advanced Clean Electricity Technologies},
  author = {{Google}}, 
  year = {2024},
  month = {December},
  howpublished = {Google Report},
  url = {https://www.gstatic.com/gumdrop/sustainability/accelerating-advanced-clean-electricity-technologies.pdf} 
}

@misc{Apple2019,
      title={Product environmental report Mac Pro}, 
      author={Apple},
      year={2019},
      url={https://www.apple.com/environment/pdf/products/desktops/Mac_Pro_PER_Dec2019.pdf}, 
}

@misc{Cloud2024,
      title={Carbon Footprint reporting methodology}, 
      author={Google Cloud},
      year={2024},
      url={https://cloud.google.com/carbon-footprint/docs/methodology}, 
}

@misc{Futrell2016,
  title={Six {G}oogle data centers are diverting 100\% of waste from landfill}, 
  author={Rachel Futrell},
  year={2016},
  url={https://blog.google/outreach-initiatives/environment/six-google-data-centers-diverting-100/} 
}

@inproceedings{jouppi2017datacenter,
  title={In-datacenter performance analysis of a tensor processing unit},
  author={Jouppi, Norman P and Young, Cliff and Patil, Nishant and Patterson, David and Agrawal, Gaurav and Bajwa, Raminder and Bates, Sarah and Bhatia, Suresh and Boden, Nan and Borchers, Al and others},
  booktitle={Proceedings of the 44th annual international symposium on computer architecture},
  pages={1--12},
  year={2017}
}

@article{hernandez2020measuring,
  title={Measuring the algorithmic efficiency of neural networks},
  author={Hernandez, Danny and Brown, Tom B},
  journal={arXiv preprint arXiv:2005.04305},
  year={2020}
}

@article{ho2024algorithmic,
  title={Algorithmic progress in language models},
  author={Ho, Anson and Besiroglu, Tamay and Erdil, Ege and Owen, David and Rahman, Robi and Guo, Zifan Carl and Atkinson, David and Thompson, Neil and Sevilla, Jaime},
  journal={arXiv preprint arXiv:2403.05812},
  year={2024}
}
@misc{googleGeminiFlash,
  title = {Google Gemini AI update, December 2024},
  author = {{Google}}, 
  year = {2024},
  month = {December},
  day = {11},
  howpublished = {Google Blog},
  url = {https://blog.google/technology/google-deepmind/google-gemini-ai-update-december-2024/#gemini-2-0-flash} 
}
@misc{semiTPUv5e,
  title={{TPUv5e}: The New Benchmark in Cost-Efficient Inference and Training for <200B Parameter Models: Latency, Performance, Fine-tuning, Scaling, and Networking}, 
  author={Dylan Patel and Aleksandar Kostovic},
  year={2023},
  month = {September},
    howpublished = {Semianalysis Report},
  url={https://semianalysis.com/2023/09/01/tpuv5e-the-new-benchmark-in-cost/} 
}

@article{vahdat2024new,
  title={New Computer Evaluation Metrics for a Changing World},
  author={Vahdat, Amin and Ma, Xiaoyu and Patterson, David},
  journal={Communications of the ACM},
  volume={67},
  number={10},
  pages={31--33},
  year={2024},
  publisher={ACM New York, NY, USA}
}

@misc{googleGHGProtocolSurvey2023,
  title = {Google 2023 GHG Protocol Survey Submission},
  author = {{Google}},
  year = {2023},
  month = {July},
  howpublished = {Google Sustainability},
  url = {https://www.gstatic.com/gumdrop/sustainability/google-2023-GHGP-Survey-Submission.pdf}
}

@article{xu2024system,
  title={System-level impacts of voluntary carbon-free electricity procurement strategies},
  author={Xu, Qingyu and Ricks, Wilson and Manocha, Aneesha and Patankar, Neha and Jenkins, Jesse D},
  journal={Joule},
  volume={8},
  number={2},
  pages={374--400},
  year={2024},
  publisher={Elsevier}
}

@misc{peters2024,
  title={Amazon says it hit a goal of 100\% clean power. Employees say it’s more like 22\%}, 
  author={Adele Peters},
  year={2024},
  month = {July},
 journal={Fast Company},
  url={https://www.fastcompany.com/91153918/amazon-says-it-now-runs-on-100-clean-power-employees-say-its-more-like-22} 
}

@article{lott2023rethinking,
  title={Rethinking the Greenhouse Gas Protocol: Insights from an Expert Stakeholder Engagement},
  author={Lott, Melissa C and Silverman, Abraham and Krasniqi, Q{\"e}ndresa and Kennard, Harry and Ratner, Jackie},
  year={2023},
  url = {https://www.energypolicy.columbia.edu/publications/revising-the-greenhouse-gas-protocol-insights-from-an-expert-stakeholder-engagement/}
}

@article{bjorn2022renewable,
  title={Renewable energy certificates threaten the integrity of corporate science-based targets},
  author={Bj{\o}rn, Anders and Lloyd, Shannon M and Brander, Matthew and Matthews, H Damon},
  journal={Nature Climate Change},
  volume={12},
  number={6},
  pages={539--546},
  year={2022},
  publisher={Nature Publishing Group}
}

@article{gillenwater2014additionality,
  title={Additionality of wind energy investments in the US voluntary green power market},
  author={Gillenwater, Michael and Lu, Xi and Fischlein, Miriam},
  journal={Renewable energy},
  volume={63},
  pages={452--457},
  year={2014},
  publisher={Elsevier}
}

@article{brander2018creative,
  title={Creative accounting: A critical perspective on the market-based method for reporting purchased electricity (scope 2) emissions},
  author={Brander, Matthew and Gillenwater, Michael and Ascui, Francisco},
  journal={Energy Policy},
  volume={112},
  pages={29--33},
  year={2018},
  publisher={Elsevier}
}

@article{mulder2016contribution,
  title={Contribution of green labels in electricity retail markets to fostering renewable energy},
  author={Mulder, Machiel and Zomer, Sigourney PE},
  journal={Energy Policy},
  volume={99},
  pages={100--109},
  year={2016},
  publisher={Elsevier}
}

@misc{Echolz2023,
  title={What is the difference between bundled and unbundled EACs?}, 
  author={Ecohz},
  year={2023},
  month = {April},
  url={https://www.ecohz.com/blog/bundled-vs-unbundled-eacs} 
}


@misc{UN2021,
  title={24/7 Carbon-free Energy Compact}, 
  Author={United Nations},
  year={2021},
  month = {September},
  url={https://www.un.org/en/energy-compacts/page/compact-247-carbon-free-energy} 
}

@article{riepin2024means,
  title={On the means, costs, and system-level impacts of 24/7 carbon-free energy procurement},
  author={Riepin, Iegor and Brown, Tom},
  journal={Energy Strategy Reviews},
  volume={54},
  pages={101488},
  year={2024},
  publisher={Elsevier}
}


@misc{IEA2022,
  title={Advancing Decarbonisation through Clean Electricity Procurement}, 
  Author={International Energy Agency},
  year={2022},
  url={ https://www.iea.org/reports/advancing-decarbonisation-through-clean-electricity-procurement} 
}

@article{de2019100,
  title={Why 100\% renewable energy is not enough},
  author={de Chalendar, Jacques A and Benson, Sally M},
  journal={Joule},
  volume={3},
  number={6},
  pages={1389--1393},
  year={2019},
  publisher={Elsevier}
}

@article{sotos2015ghg,
  title={GHG protocol scope 2 guidance},
  author={Sotos, Mary Elizabeth},
  year={2015}
}
@misc{IEA2024,
  author = {{International Energy Agency (IEA)}},
  title = {What the data centre and AI boom could mean for the energy sector},
  year = {2024},
  howpublished = {\url{https://www.iea.org/commentaries/what-the-data-centre-and-ai-boom-could-mean-for-the-energy-sector}},
  note = {Licence: CC BY 4.0}
}
@misc{TSCM_SR,
  author = {{TSMC}},
  title = {2023 Sustainability Report},
  year = {2023},
  howpublished = {\url{https://esg.tsmc.com/en-US/file/public/e-all_2023.pdf}},
}