@inproceedings{zhang2022fine,
  title     = {Fine-Tuning Graph Neural Networks via Graph Topology Induced Optimal Transport},
  author    = {Zhang, Jiying and Xiao, Xi and Huang, Long-Kai and Rong, Yu and Bian, Yatao},
  booktitle = {Proceedings of the Thirty-First International Joint Conference on
               Artificial Intelligence, {IJCAI-22}},
  publisher = {International Joint Conferences on Artificial Intelligence Organization},
  editor    = {Lud De Raedt},
  pages     = {3730--3736},
  year      = {2022},
  month     = {7},
  note      = {Main Track},
  doi       = {10.24963/ijcai.2022/518},
  url       = {https://doi.org/10.24963/ijcai.2022/518},
}
@inproceedings{
li2022a,
title={A Simple Hypergraph Kernel Convolution based on Discounted Markov Diffusion Process},
author={Fuyang Li and Jiying Zhang and Xi Xiao and bin zhang and Dijun Luo},
booktitle={NeurIPS 2022 Workshop: New Frontiers in Graph Learning},
year={2022},
url={https://openreview.net/forum?id=J0zi7_8ZIv1}
}
@inproceedings{zhang2022learnable,
  title={Learnable hypergraph laplacian for hypergraph learning},
  author={Zhang, Jiying and Chen, Yuzhao and Xiao, Xi and Lu, Runiu and Xia, Shu-Tao},
  booktitle={ICASSP 2022-2022 IEEE International Conference on Acoustics, Speech and Signal Processing (ICASSP)},
  pages={4503--4507},
  year={2022},
  organization={IEEE}
}
@inproceedings{zhang2022hypergraph,
  title={Hypergraph Convolutional Networks via Equivalency between Hypergraphs and Undirected Graphs},
  author={Zhang, Jiying and Li, Fuyang and Xiao, Xi and Xu, Tingyang and Rong, Yu and Huang, Junzhou and Bian, Yatao},
  booktitle={ICML 2022 Workshop on Topology, Algebra, and Geometry in Machine Learning},
  journal={arXiv preprint arXiv:2203.16939},
  year={2022}
}
@inproceedings{chen2022graphtta,
   title={GraphTTA: Test Time Adaptation on Graph Neural Networks},
  author={Chen, Guanzi and Zhang, Jiying and Xiao, Xi and Li, Yang},
  journal={arXiv preprint arXiv:2208.09126},
  year={2022},
  booktitle={ICML 2022 Workshop on Principles of Distribution Shift},
}
@article{park2021metropolis,
  title={Metropolis-hastings data augmentation for graph neural networks},
  author={Park, Hyeonjin and Lee, Seunghun and Kim, Sihyeon and Park, Jinyoung and Jeong, Jisu and Kim, Kyung-Min and Ha, Jung-Woo and Kim, Hyunwoo J},
  journal={Advances in Neural Information Processing Systems},
  volume={34},
  pages={19010--19020},
  year={2021}
}
@article{kong2020flag,
  title={Flag: Adversarial data augmentation for graph neural networks},
  author={Kong, Kezhi and Li, Guohao and Ding, Mucong and Wu, Zuxuan and Zhu, Chen and Ghanem, Bernard and Taylor, Gavin and Goldstein, Tom},
  journal={arXiv preprint arXiv:2010.09891},
  year={2020}
}

@misc{chen2022preventing,
  doi = {10.48550/ARXIV.2203.17159},
  url = {https://arxiv.org/abs/2203.17159},
  author = {Chen, Guanzi and Zhang, Jiying and Xiao, Xi and Li, Yang}, 
  keywords = {Machine Learning (cs.LG), FOS: Computer and information sciences, FOS: Computer and information sciences},
  title = {Preventing Over-Smoothing for Hypergraph Neural Networks},
  publisher = {arXiv},
  year = {2022},
  copyright = {Creative Commons Attribution 4.0 International}
}

@inproceedings{
chen2022diversified,
title={Diversified Multiscale Graph Learning with Graph Self-Correction},
author={Yuzhao Chen and Yatao Bian and Jiying Zhang and Xi Xiao and Tingyang Xu and Yu Rong},
booktitle={ICLR 2022 Workshop on Geometrical and Topological Representation Learning},
year={2022},
url={https://openreview.net/forum?id=S5IEoV-JTg9}
}




@inproceedings{
wuhandling,
title={Handling Distribution Shifts on Graphs: An Invariance Perspective},
author={Qitian Wu and Hengrui Zhang and Junchi Yan and David Wipf},
booktitle={International Conference on Learning Representations},
year={2022},
url={https://openreview.net/forum?id=FQOC5u-1egI}
}

@article{arjovsky2020invariant,
  title={Invariant Risk Minimization},
  author={Arjovsky, Martin and Bottou, L{\'e}on and Gulrajani, Ishaan and Lopez-Paz, David},
  journal={stat},
  volume={1050},
  pages={27},
  year={2020}
}

@inproceedings{luo2021learning,
  title={Learning to drop: Robust graph neural network via topological denoising},
  author={Luo, Dongsheng and Cheng, Wei and Yu, Wenchao and Zong, Bo and Ni, Jingchao and Chen, Haifeng and Zhang, Xiang},
  booktitle={Proceedings of the 14th ACM international conference on web search and data mining},
  pages={779--787},
  year={2021}
}

@inproceedings{zhao2021data,
  title={Data augmentation for graph neural networks},
  author={Zhao, Tong and Liu, Yozen and Neves, Leonardo and Woodford, Oliver and Jiang, Meng and Shah, Neil},
  booktitle={Proceedings of the aaai conference on artificial intelligence},
  volume={35},
  pages={11015--11023},
  year={2021}
}

@inproceedings{zheng2020robust,
  title={Robust graph representation learning via neural sparsification},
  author={Zheng, Cheng and Zong, Bo and Cheng, Wei and Song, Dongjin and Ni, Jingchao and Yu, Wenchao and Chen, Haifeng and Wang, Wei},
  booktitle={International Conference on Machine Learning},
  pages={11458--11468},
  year={2020},
  organization={PMLR}
}

@inproceedings{han2022g,
  title={G-mixup: Graph data augmentation for graph classification},
  author={Han, Xiaotian and Jiang, Zhimeng and Liu, Ninghao and Hu, Xia},
  booktitle={International Conference on Machine Learning},
  pages={8230--8248},
  year={2022},
  organization={PMLR}
}
@article{li2022ood,
  title={Ood-gnn: Out-of-distribution generalized graph neural network},
  author={Li, Haoyang and Wang, Xin and Zhang, Ziwei and Zhu, Wenwu},
  journal={IEEE Transactions on Knowledge and Data Engineering},
  year={2022},
  publisher={IEEE}
}
@inproceedings{
wu2022discovering,
title={Discovering Invariant Rationales for Graph Neural Networks},
author={Yingxin Wu and Xiang Wang and An Zhang and Xiangnan He and Tat-Seng Chua},
booktitle={International Conference on Learning Representations},
year={2022},
url={https://openreview.net/forum?id=hGXij5rfiHw}
}
@inproceedings{liu2022confidence,
  title={Confidence may cheat: Self-training on graph neural networks under distribution shift},
  author={Liu, Hongrui and Hu, Binbin and Wang, Xiao and Shi, Chuan and Zhang, Zhiqiang and Zhou, Jun},
  booktitle={Proceedings of the ACM Web Conference 2022},
  pages={1248--1258},
  year={2022}
}

@article{li2021disentangled,
  title={Disentangled contrastive learning on graphs},
  author={Li, Haoyang and Wang, Xin and Zhang, Ziwei and Yuan, Zehuan and Li, Hang and Zhu, Wenwu},
  journal={Advances in Neural Information Processing Systems},
  volume={34},
  pages={21872--21884},
  year={2021}
}
@article{you2020graph,
  title={Graph contrastive learning with augmentations},
  author={You, Yuning and Chen, Tianlong and Sui, Yongduo and Chen, Ting and Wang, Zhangyang and Shen, Yang},
  journal={Advances in Neural Information Processing Systems},
  volume={33},
  pages={5812--5823},
  year={2020}
}
@inproceedings{
rongdropedge,
title={DropEdge: Towards Deep Graph Convolutional Networks on Node Classification},
author={Yu Rong and Wenbing Huang and Tingyang Xu and Junzhou Huang},
booktitle={International Conference on Learning Representations},
year={2020},
url={https://openreview.net/forum?id=Hkx1qkrKPr}
}


@article{gao2021training,
  title={Training robust graph neural networks with topology adaptive edge dropping},
  author={Gao, Zhan and Bhattacharya, Subhrajit and Zhang, Leiming and Blum, Rick S and Ribeiro, Alejandro and Sadler, Brian M},
  journal={arXiv preprint arXiv:2106.02892},
  year={2021}
}


@inproceedings{tang2008arnetminer,
  title={Arnetminer: extraction and mining of academic social networks},
  author={Tang, Jie and Zhang, Jing and Yao, Limin and Li, Juanzi and Zhang, Li and Su, Zhong},
  booktitle={Proceedings of the 14th ACM SIGKDD international conference on Knowledge discovery and data mining},
  pages={990--998},
  year={2008}
}

@inproceedings{xu2021fourier,
  title={A fourier-based framework for domain generalization},
  author={Xu, Qinwei and Zhang, Ruipeng and Zhang, Ya and Wang, Yanfeng and Tian, Qi},
  booktitle={Proceedings of the IEEE/CVF Conference on Computer Vision and Pattern Recognition},
  pages={14383--14392},
  year={2021}
}

@inproceedings{kipf2017semi,
  title={Semi-Supervised Classification with Graph Convolutional Networks},
  author={Kipf, Thomas N. and Welling, Max},
  booktitle={International Conference on Learning Representations (ICLR)},
  year={2017}
}

@inproceedings{xu2018powerful,
  title={How Powerful are Graph Neural Networks?},
  author={Xu, Keyulu and Hu, Weihua and Leskovec, Jure and Jegelka, Stefanie},
  booktitle={International Conference on Learning Representations},
  year={2018}
}

@inproceedings{velivckovicgraph,
  title={Graph Attention Networks},
  author={Veli{v{c}}kovi{\'c}, Petar and Cucurull, Guillem and Casanova, Arantxa and Romero, Adriana and Li{\`o}, Pietro and Bengio, Yoshua},
  booktitle={International Conference on Learning Representations},
  year={2018},
url={https://openreview.net/forum?id=rJXMpikCZ}
}

@inproceedings{wu2019simplifying,
  title={Simplifying graph convolutional networks},
  author={Wu, Felix and Souza, Amauri and Zhang, Tianyi and Fifty, Christopher and Yu, Tao and Weinberger, Kilian},
  booktitle={International conference on machine learning},
  pages={6861--6871},
  year={2019},
  organization={PMLR}
}

@inproceedings{guan2021federated,
  title={Federated graph neural network for cross-graph node classification},
  author={Guan, Zeli and Li, Yawen and Xue, Zhe and Liu, Yuxin and Gao, Hongrui and Shao, Yingxia},
  booktitle={2021 IEEE 7th International Conference on Cloud Computing and Intelligent Systems (CCIS)},
  pages={418--422},
  year={2021},
  organization={IEEE}
}

@inproceedings{shen2020adversarial,
  title={Adversarial deep network embedding for cross-network node classification},
  author={Shen, Xiao and Dai, Quanyu and Chung, Fu-lai and Lu, Wei and Choi, Kup-Sze},
  booktitle={Proceedings of the AAAI Conference on Artificial Intelligence},
  volume={34},
  pages={2991--2999},
  year={2020}
}

@article{yang2022robust,
  title={Robust cross-network node classification via constrained graph mutual information},
  author={Yang, Shuiqiao and Cai, Borui and Cai, Taotao and Song, Xiangyu and Jiang, Jiaojiao and Li, Bing and Li, Jianxin},
  journal={Knowledge-Based Systems},
  volume={257},
  pages={109852},
  year={2022},
  publisher={Elsevier}
}

@article{dai2022graph,
  title={Graph transfer learning via adversarial domain adaptation with graph convolution},
  author={Dai, Quanyu and Wu, Xiao-Ming and Xiao, Jiaren and Shen, Xiao and Wang, Dan},
  journal={IEEE Transactions on Knowledge and Data Engineering},
  year={2022},
  publisher={IEEE}
}

@article{yang2019analyzing,
  title={Analyzing learned molecular representations for property prediction},
  author={Yang, Kevin and Swanson, Kyle and Jin, Wengong and Coley, Connor and Eiden, Philipp and Gao, Hua and Guzman-Perez, Angel and Hopper, Timothy and Kelley, Brian and Mathea, Miriam and others},
  journal={Journal of chemical information and modeling},
  volume={59},
  number={8},
  pages={3370--3388},
  year={2019},
  publisher={ACS Publications}
}

@article{jiang2022graph,
  title={Graph neural network for traffic forecasting: A survey},
  author={Jiang, Weiwei and Luo, Jiayun},
  journal={Expert Systems with Applications},
  pages={117921},
  year={2022},
  publisher={Elsevier}
}

@article{wu2022graph,
  title={Graph neural networks in recommender systems: a survey},
  author={Wu, Shiwen and Sun, Fei and Zhang, Wentao and Xie, Xu and Cui, Bin},
  journal={ACM Computing Surveys},
  volume={55},
  number={5},
  pages={1--37},
  year={2022},
  publisher={ACM New York, NY}
}

@article{pan2010survey,
  title={A survey on transfer learning},
  author={Pan, Sinno Jialin and Yang, Qiang},
  journal={IEEE Transactions on knowledge and data engineering},
  volume={22},
  number={10},
  pages={1345--1359},
  year={2010},
  publisher={IEEE}
}

@article{li2022out,
  title={Out-of-distribution generalization on graphs: A survey},
  author={Li, Haoyang and Wang, Xin and Zhang, Ziwei and Zhu, Wenwu},
  journal={arXiv preprint arXiv:2202.07987},
  year={2022}
}

@inproceedings{chen2022invariance,
  title={Invariance Principle Meets Out-of-Distribution Generalization on Graphs},
  author={Chen, Yongqiang and Zhang, Yonggang and Bian, Yatao and Yang, Han and KAILI, MA and Xie, Binghui and Liu, Tongliang and Han, Bo and Cheng, James},
    year={2022},
  booktitle={ICML 2022: Workshop on Spurious Correlations, Invariance and Stability}
}

@misc{yu2022finding,
      title={Finding Diverse and Predictable Subgraphs for Graph Domain Generalization}, 
      author={Junchi Yu and Jian Liang and Ran He},
      year={2022},
      eprint={2206.09345},
      archivePrefix={arXiv},
      primaryClass={cs.LG}
}

@inproceedings{shen2018wasserstein,
  title={Wasserstein distance guided representation learning for domain adaptation},
  author={Shen, Jian and Qu, Yanru and Zhang, Weinan and Yu, Yong},
  booktitle={Proceedings of the AAAI Conference on Artificial Intelligence},
  volume={32},
  year={2018}
}

@article{ganin2016domain,
  title={Domain-adversarial training of neural networks},
  author={Ganin, Yaroslav and Ustinova, Evgeniya and Ajakan, Hana and Germain, Pascal and Larochelle, Hugo and Laviolette, Fran{\c{c}}ois and Marchand, Mario and Lempitsky, Victor},
  journal={The journal of machine learning research},
  volume={17},
  number={1},
  pages={2096--2030},
  year={2016},
  publisher={JMLR. org}
}