@article{dai2022graph,
  title={Graph transfer learning via adversarial domain adaptation with graph convolution},
  author={Dai, Quanyu and Wu, Xiao-Ming and Xiao, Jiaren and Shen, Xiao and Wang, Dan},
  journal={IEEE Transactions on Knowledge and Data Engineering},
  year={2022},
  publisher={IEEE}
}

@article{ganin2016domain,
  title={Domain-adversarial training of neural networks},
  author={Ganin, Yaroslav and Ustinova, Evgeniya and Ajakan, Hana and Germain, Pascal and Larochelle, Hugo and Laviolette, Fran{\c{c}}ois and Marchand, Mario and Lempitsky, Victor},
  journal={The journal of machine learning research},
  volume={17},
  number={1},
  pages={2096--2030},
  year={2016},
  publisher={JMLR. org}
}

@inproceedings{kipf2017semi,
  title={Semi-Supervised Classification with Graph Convolutional Networks},
  author={Kipf, Thomas N. and Welling, Max},
  booktitle={International Conference on Learning Representations (ICLR)},
  year={2017}
}

@article{kong2020flag,
  title={Flag: Adversarial data augmentation for graph neural networks},
  author={Kong, Kezhi and Li, Guohao and Ding, Mucong and Wu, Zuxuan and Zhu, Chen and Ghanem, Bernard and Taylor, Gavin and Goldstein, Tom},
  journal={arXiv preprint arXiv:2010.09891},
  year={2020}
}

@article{li2021disentangled,
  title={Disentangled contrastive learning on graphs},
  author={Li, Haoyang and Wang, Xin and Zhang, Ziwei and Yuan, Zehuan and Li, Hang and Zhu, Wenwu},
  journal={Advances in Neural Information Processing Systems},
  volume={34},
  pages={21872--21884},
  year={2021}
}

@article{li2022ood,
  title={Ood-gnn: Out-of-distribution generalized graph neural network},
  author={Li, Haoyang and Wang, Xin and Zhang, Ziwei and Zhu, Wenwu},
  journal={IEEE Transactions on Knowledge and Data Engineering},
  year={2022},
  publisher={IEEE}
}

@article{li2022out,
  title={Out-of-distribution generalization on graphs: A survey},
  author={Li, Haoyang and Wang, Xin and Zhang, Ziwei and Zhu, Wenwu},
  journal={arXiv preprint arXiv:2202.07987},
  year={2022}
}

@inproceedings{liu2022confidence,
  title={Confidence may cheat: Self-training on graph neural networks under distribution shift},
  author={Liu, Hongrui and Hu, Binbin and Wang, Xiao and Shi, Chuan and Zhang, Zhiqiang and Zhou, Jun},
  booktitle={Proceedings of the ACM Web Conference 2022},
  pages={1248--1258},
  year={2022}
}

@inproceedings{luo2021learning,
  title={Learning to drop: Robust graph neural network via topological denoising},
  author={Luo, Dongsheng and Cheng, Wei and Yu, Wenchao and Zong, Bo and Ni, Jingchao and Chen, Haifeng and Zhang, Xiang},
  booktitle={Proceedings of the 14th ACM international conference on web search and data mining},
  pages={779--787},
  year={2021}
}

@article{park2021metropolis,
  title={Metropolis-hastings data augmentation for graph neural networks},
  author={Park, Hyeonjin and Lee, Seunghun and Kim, Sihyeon and Park, Jinyoung and Jeong, Jisu and Kim, Kyung-Min and Ha, Jung-Woo and Kim, Hyunwoo J},
  journal={Advances in Neural Information Processing Systems},
  volume={34},
  pages={19010--19020},
  year={2021}
}

@inproceedings{shen2018wasserstein,
  title={Wasserstein distance guided representation learning for domain adaptation},
  author={Shen, Jian and Qu, Yanru and Zhang, Weinan and Yu, Yong},
  booktitle={Proceedings of the AAAI Conference on Artificial Intelligence},
  volume={32},
  year={2018}
}

@inproceedings{shen2020adversarial,
  title={Adversarial deep network embedding for cross-network node classification},
  author={Shen, Xiao and Dai, Quanyu and Chung, Fu-lai and Lu, Wei and Choi, Kup-Sze},
  booktitle={Proceedings of the AAAI Conference on Artificial Intelligence},
  volume={34},
  pages={2991--2999},
  year={2020}
}

@article{yang2022robust,
  title={Robust cross-network node classification via constrained graph mutual information},
  author={Yang, Shuiqiao and Cai, Borui and Cai, Taotao and Song, Xiangyu and Jiang, Jiaojiao and Li, Bing and Li, Jianxin},
  journal={Knowledge-Based Systems},
  volume={257},
  pages={109852},
  year={2022},
  publisher={Elsevier}
}

@article{you2020graph,
  title={Graph contrastive learning with augmentations},
  author={You, Yuning and Chen, Tianlong and Sui, Yongduo and Chen, Ting and Wang, Zhangyang and Shen, Yang},
  journal={Advances in Neural Information Processing Systems},
  volume={33},
  pages={5812--5823},
  year={2020}
}

@inproceedings{zhao2021data,
  title={Data augmentation for graph neural networks},
  author={Zhao, Tong and Liu, Yozen and Neves, Leonardo and Woodford, Oliver and Jiang, Meng and Shah, Neil},
  booktitle={Proceedings of the aaai conference on artificial intelligence},
  volume={35},
  pages={11015--11023},
  year={2021}
}

@inproceedings{zheng2020robust,
  title={Robust graph representation learning via neural sparsification},
  author={Zheng, Cheng and Zong, Bo and Cheng, Wei and Song, Dongjin and Ni, Jingchao and Yu, Wenchao and Chen, Haifeng and Wang, Wei},
  booktitle={International Conference on Machine Learning},
  pages={11458--11468},
  year={2020},
  organization={PMLR}
}

