@article{argall2009survey,
  title={A survey of robot learning from demonstration},
  author={Argall, Brenna D and Chernova, Sonia and Veloso, Manuela and Browning, Brett},
  journal={Robotics and autonomous systems},
  volume={57},
  number={5},
  pages={469--483},
  year={2009},
  publisher={Elsevier}
}

@inproceedings{atkeson1997robot,
  title={Robot learning from demonstration},
  author={Atkeson, Christopher G and Schaal, Stefan},
  booktitle={ICML},
  volume={97},
  pages={12--20},
  year={1997}
}

@inproceedings{avigal2022speedfolding,
  title={Speedfolding: Learning efficient bimanual folding of garments},
  author={Avigal, Yahav and Berscheid, Lars and Asfour, Tamim and Kr{\"o}ger, Torsten and Goldberg, Ken},
  booktitle={2022 IEEE/RSJ International Conference on Intelligent Robots and Systems (IROS)},
  pages={1--8},
  year={2022},
  organization={IEEE}
}

@article{bojarski2016end,
  title={End to end learning for self-driving cars},
  author={Bojarski, Mariusz and Del Testa, Davide and Dworakowski, Daniel and Firner, Bernhard and Flepp, Beat and Goyal, Prasoon and Jackel, Lawrence D and Monfort, Mathew and Muller, Urs and Zhang, Jiakai and others},
  journal={arXiv preprint arXiv:1604.07316},
  year={2016}
}

@article{florence2019self,
  title={Self-supervised correspondence in visuomotor policy learning},
  author={Florence, Peter and Manuelli, Lucas and Tedrake, Russ},
  journal={IEEE Robotics and Automation Letters},
  volume={5},
  number={2},
  pages={492--499},
  year={2019},
  publisher={IEEE}
}

@article{hussein2017imitation,
  title={Imitation learning: A survey of learning methods},
  author={Hussein, Ahmed and Gaber, Mohamed Medhat and Elyan, Eyad and Jayne, Chrisina},
  journal={ACM Computing Surveys (CSUR)},
  volume={50},
  number={2},
  pages={1--35},
  year={2017},
  publisher={ACM New York, NY, USA}
}

@inproceedings{mandlekar2020iris,
  title={Iris: Implicit reinforcement without interaction at scale for learning control from offline robot manipulation data},
  author={Mandlekar, Ajay and Ramos, Fabio and Boots, Byron and Savarese, Silvio and Fei-Fei, Li and Garg, Animesh and Fox, Dieter},
  booktitle={2020 IEEE International Conference on Robotics and Automation (ICRA)},
  year={2020},
  organization={IEEE}
}

@article{mandlekar2020learning,
  title={Learning to generalize across long-horizon tasks from human demonstrations},
  author={Mandlekar, Ajay and Xu, Danfei and Mart{\'\i}n-Mart{\'\i}n, Roberto and Savarese, Silvio and Fei-Fei, Li},
  journal={arXiv preprint arXiv:2003.06085},
  year={2020}
}

@article{pomerleau1988alvinn,
  title={Alvinn: An autonomous land vehicle in a neural network},
  author={Pomerleau, Dean A},
  journal={Advances in neural information processing systems},
  volume={1},
  year={1988}
}

@inproceedings{rahmatizadeh2018vision,
  title={Vision-based multi-task manipulation for inexpensive robots using end-to-end learning from demonstration},
  author={Rahmatizadeh, Rouhollah and Abolghasemi, Pooya and B{\"o}l{\"o}ni, Ladislau and Levine, Sergey},
  booktitle={2018 IEEE international conference on robotics and automation (ICRA)},
  pages={3758--3765},
  year={2018},
  organization={IEEE}
}

@article{ravichandar2020recent,
  title={Recent advances in robot learning from demonstration},
  author={Ravichandar, Harish and Polydoros, Athanasios S and Chernova, Sonia and Billard, Aude},
  journal={Annual review of control, robotics, and autonomous systems},
  volume={3},
  pages={297--330},
  year={2020},
  publisher={Annual Reviews}
}

@inproceedings{zeng2021transporter,
  title={Transporter networks: Rearranging the visual world for robotic manipulation},
  author={Zeng, Andy and Florence, Pete and Tompson, Jonathan and Welker, Stefan and Chien, Jonathan and Attarian, Maria and Armstrong, Travis and Krasin, Ivan and Duong, Dan and Sindhwani, Vikas and others},
  booktitle={Conference on Robot Learning},
  pages={726--747},
  year={2021},
  organization={PMLR}
}

@inproceedings{zhang2018deep,
  title={Deep imitation learning for complex manipulation tasks from virtual reality teleoperation},
  author={Zhang, Tianhao and McCarthy, Zoe and Jow, Owen and Lee, Dennis and Chen, Xi and Goldberg, Ken and Abbeel, Pieter},
  booktitle={2018 IEEE International Conference on Robotics and Automation (ICRA)},
  pages={5628--5635},
  year={2018},
  organization={IEEE}
}

