@article{li2024edgecalib,
  title={Edgecalib: Multi-frame weighted edge features for automatic targetless lidar-camera calibration},
  author={Li, Xingchen and Duan, Yifan and Wang, Beibei and Ren, Haojie and You, Guoliang and Sheng, Yu and Ji, Jianmin and Zhang, Yanyong},
  journal={IEEE Robotics and Automation Letters},
  year={2024},
  publisher={IEEE}
}

@inproceedings{luo2024zero,
  title={Zero-training lidar-camera extrinsic calibration method using segment anything model},
  author={Luo, Zhaotong and Yan, Guohang and Cai, Xinyu and Shi, Botian},
  booktitle={2024 IEEE International Conference on Robotics and Automation (ICRA)},
  pages={14472--14478},
  year={2024},
  organization={IEEE}
}

@inproceedings{lv2021lccnet,
  title={LCCNet: LiDAR and camera self-calibration using cost volume network},
  author={Lv, Xudong and Wang, Boya and Dou, Ziwen and Ye, Dong and Wang, Shuo},
  booktitle={Proceedings of the IEEE/CVF Conference on Computer Vision and Pattern Recognition},
  pages={2894--2901},
  year={2021}
}

@article{ou2023targetless,
  title={Targetless Lidar-camera Calibration via Cross-modality Structure Consistency},
  author={Ou, Ni and Cai, Hanyu and Wang, Junzheng},
  journal={IEEE Transactions on Intelligent Vehicles},
  year={2023},
  publisher={IEEE}
}

@inproceedings{pandey2012automatic,
  title={Automatic targetless extrinsic calibration of a 3d lidar and camera by maximizing mutual information},
  author={Pandey, Gaurav and McBride, James and Savarese, Silvio and Eustice, Ryan},
  booktitle={Proceedings of the AAAI conference on artificial intelligence},
  volume={26},
  number={1},
  pages={2053--2059},
  year={2012}
}

@article{park2020spatiotemporal,
  title={Spatiotemporal camera-LiDAR calibration: A targetless and structureless approach},
  author={Park, Chanoh and Moghadam, Peyman and Kim, Soohwan and Sridharan, Sridha and Fookes, Clinton},
  journal={IEEE Robotics and Automation Letters},
  volume={5},
  number={2},
  pages={1556--1563},
  year={2020},
  publisher={IEEE}
}

@article{petek2024automatic,
  title={Automatic Target-Less Camera-LiDAR Calibration From Motion and Deep Point Correspondences},
  author={Petek, K{\"u}rsat and V{\"o}disch, Niclas and Meyer, Johannes and Cattaneo, Daniele and Valada, Abhinav and Burgard, Wolfram},
  journal={arXiv preprint arXiv:2404.17298},
  year={2024}
}

@inproceedings{schneider2017regnet,
  title={RegNet: Multimodal sensor registration using deep neural networks},
  author={Schneider, Nick and Piewak, Florian and Stiller, Christoph and Franke, Uwe},
  booktitle={2017 IEEE intelligent vehicles symposium (IV)},
  pages={1803--1810},
  year={2017},
  organization={IEEE}
}

@inproceedings{shi2020calibrcnn,
  title={Calibrcnn: Calibrating camera and lidar by recurrent convolutional neural network and geometric constraints},
  author={Shi, Jieying and Zhu, Ziheng and Zhang, Jianhua and Liu, Ruyu and Wang, Zhenhua and Chen, Shengyong and Liu, Honghai},
  booktitle={2020 IEEE/RSJ International Conference on Intelligent Robots and Systems (IROS)},
  pages={10197--10202},
  year={2020},
  organization={IEEE}
}

@inproceedings{taylor2013automatic,
  title={Automatic calibration of lidar and camera images using normalized mutual information},
  author={Taylor, Zachary and Nieto, Juan},
  booktitle={Robotics and Automation (ICRA), 2013 IEEE International Conference on},
  year={2013},
  organization={Citeseer}
}

@inproceedings{xiao2024calibformer,
  title={Calibformer: A transformer-based automatic lidar-camera calibration network},
  author={Xiao, Yuxuan and Li, Yao and Meng, Chengzhen and Li, Xingchen and Ji, Jianmin and Zhang, Yanyong},
  booktitle={2024 IEEE International Conference on Robotics and Automation (ICRA)},
  pages={16714--16720},
  year={2024},
  organization={IEEE}
}

@inproceedings{yoon2021targetless,
  title={Targetless multiple camera-LiDAR extrinsic calibration using object pose estimation},
  author={Yoon, Byung-Hyun and Jeong, Hyeon-Woo and Choi, Kang-Sun},
  booktitle={2021 IEEE International Conference on Robotics and Automation (ICRA)},
  pages={13377--13383},
  year={2021},
  organization={IEEE}
}

@article{yuan2021pixel,
  title={Pixel-level extrinsic self calibration of high resolution lidar and camera in targetless environments},
  author={Yuan, Chongjian and Liu, Xiyuan and Hong, Xiaoping and Zhang, Fu},
  journal={IEEE Robotics and Automation Letters},
  volume={6},
  number={4},
  pages={7517--7524},
  year={2021},
  publisher={IEEE}
}

@article{zhang2022multi,
  title={Multi-FEAT: Multi-feature edge alignment for targetless camera-LiDAR calibration},
  author={Zhang, Bichi and Rajan, Raj Thilak},
  journal={arXiv preprint arXiv:2207.07228},
  year={2022}
}

@inproceedings{zhu2023calibdepth,
  title={Calibdepth: Unifying depth map representation for iterative lidar-camera online calibration},
  author={Zhu, Jiangtong and Xue, Jianru and Zhang, Pu},
  booktitle={2023 IEEE International Conference on Robotics and Automation (ICRA)},
  pages={726--733},
  year={2023},
  organization={IEEE}
}

