@article{cheng2025transrad,
  author={Cheng, Lei and Cao, Siyang},
  journal={IEEE Transactions on Radar Systems}, 
  title={TransRAD: Retentive Vision Transformer for Enhanced Radar Object Detection}, 
  year={2025},
  volume={1},
  number={},
  pages={1-1},
  keywords={Radar;Radar detection;Object detection;Three-dimensional displays;Radar imaging;Transformers;Laser radar;Feature extraction;Accuracy;Optical sensors;radar;radar object detection;transformers;retentive networks;retentive vision transformers;object detection},
  doi={10.1109/TRS.2025.3537604}}
}

@article{fu2019lidar,
  title={LiDAR-camera calibration under arbitrary configurations: Observability and methods},
  author={Fu, Bo and Wang, Yue and Ding, Xiaqing and Jiao, Yanmei and Tang, Li and Xiong, Rong},
  journal={IEEE Transactions on Instrumentation and Measurement},
  volume={69},
  number={6},
  pages={3089--3102},
  year={2019},
  publisher={IEEE}
}
@article{beltran2022automatic,
  title={Automatic extrinsic calibration method for lidar and camera sensor setups},
  author={Beltr{\'a}n, Jorge and Guindel, Carlos and De La Escalera, Arturo and Garc{\'\i}a, Fernando},
  journal={IEEE Transactions on Intelligent Transportation Systems},
  volume={23},
  number={10},
  pages={17677--17689},
  year={2022},
  publisher={IEEE}
}
@inproceedings{jiang2021semcal,
  title={Semcal: Semantic lidar-camera calibration using neural mutual information estimator},
  author={Jiang, Peng and Osteen, Philip and Saripalli, Srikanth},
  booktitle={2021 IEEE International Conference on Multisensor Fusion and Integration for Intelligent Systems (MFI)},
  pages={1--7},
  year={2021},
  organization={IEEE}
}
@inproceedings{luo2024zero,
  title={Zero-training lidar-camera extrinsic calibration method using segment anything model},
  author={Luo, Zhaotong and Yan, Guohang and Cai, Xinyu and Shi, Botian},
  booktitle={2024 IEEE International Conference on Robotics and Automation (ICRA)},
  pages={14472--14478},
  year={2024},
  organization={IEEE}
}
@article{sun2022automatic,
  title={Automatic targetless calibration for LiDAR and camera based on instance segmentation},
  author={Sun, Chao and Wei, Zhijie and Huang, Wenyi and Liu, Qianfei and Wang, Bo},
  journal={IEEE Robotics and Automation Letters},
  volume={8},
  number={2},
  pages={981--988},
  year={2022},
  publisher={IEEE}
}
@misc{dosovitskiy2021imageworth16x16words,
      title={An Image is Worth 16x16 Words: Transformers for Image Recognition at Scale}, 
      author={Alexey Dosovitskiy and Lucas Beyer and Alexander Kolesnikov and Dirk Weissenborn and Xiaohua Zhai and Thomas Unterthiner and Mostafa Dehghani and Matthias Minderer and Georg Heigold and Sylvain Gelly and Jakob Uszkoreit and Neil Houlsby},
      year={2021},
      eprint={2010.11929},
      archivePrefix={arXiv},
      primaryClass={cs.CV},
      url={https://arxiv.org/abs/2010.11929}, 
}
@misc{qi2017pointnetdeephierarchicalfeature,
      title={PointNet++: Deep Hierarchical Feature Learning on Point Sets in a Metric Space}, 
      author={Charles R. Qi and Li Yi and Hao Su and Leonidas J. Guibas},
      year={2017},
      eprint={1706.02413},
      archivePrefix={arXiv},
      primaryClass={cs.CV},
      url={https://arxiv.org/abs/1706.02413}, 
}
@misc{he2015deepresiduallearningimage,
      title={Deep Residual Learning for Image Recognition}, 
      author={Kaiming He and Xiangyu Zhang and Shaoqing Ren and Jian Sun},
      year={2015},
      eprint={1512.03385},
      archivePrefix={arXiv},
      primaryClass={cs.CV},
      url={https://arxiv.org/abs/1512.03385}, 
}
@online{Yolov8,
    author    = {Glenn Jocher},
    title     = {YOLOv8},
    year      = {2023},
    url       = {https://github.com/ultralytics/ultralytics},
    note      = {Accessed: 2025}
}

@online{octree,
    author    = {Strawlab},
    title     = {Spatial change detection on unorganized point cloud data},
    year      = {2023},
    url       = {https://github.com/strawlab/python-pcl/blob/master/examples/official/octree/octree_change_detection.py},
    note      = {Accessed: 2025}
}

@INPROCEEDINGS{9956145,
  author={Shang, Hongcheng and Hu, Bin-Jie},
  booktitle={2022 26th International Conference on Pattern Recognition (ICPR)}, 
  title={CALNet: LiDAR-Camera Online Calibration With Channel Attention and Liquid Time-Constant Network}, 
  year={2022},
  volume={},
  number={},
  pages={5147-5154},
  keywords={Point cloud compression;Three-dimensional displays;Laser radar;Liquids;Robot vision systems;Cameras;Robustness},
  doi={10.1109/ICPR56361.2022.9956145}}

@INPROCEEDINGS{8593693,
  author={Iyer, Ganesh and Ram, R. Karnik and Murthy, J. Krishna and Krishna, K. Madhava},
  booktitle={2018 IEEE/RSJ International Conference on Intelligent Robots and Systems (IROS)}, 
  title={CalibNet: Geometrically Supervised Extrinsic Calibration using 3D Spatial Transformer Networks}, 
  year={2018},
  volume={},
  number={},
  pages={1110-1117},
  keywords={Calibration;Three-dimensional displays;Cameras;Laser radar;Robot sensing systems;Training;Two dimensional displays},
  doi={10.1109/IROS.2018.8593693}}

@ARTICLE{10328060,
  author={Duan, Zaipeng and Hu, Xuzhong and Ding, Junfeng and An, Pei and Huang, Xiao and Ma, Jie},
  journal={IEEE Robotics and Automation Letters}, 
  title={A Robust LiDAR-Camera Self-Calibration Via Rotation-Based Alignment and Multi-Level Cost Volume}, 
  year={2024},
  volume={9},
  number={1},
  pages={627-634},
  keywords={Laser radar;Feature extraction;Calibration;Transformers;Point cloud compression;Cameras;Task analysis;Calibration;sensor fusion;deep learning},
  doi={10.1109/LRA.2023.3336250}}

@inproceedings{taylor2013automatic,
  title={Automatic calibration of lidar and camera images using normalized mutual information},
  author={Taylor, Zachary and Nieto, Juan},
  booktitle={Robotics and Automation (ICRA), 2013 IEEE International Conference on},
  year={2013},
  organization={Citeseer}
}
@inproceedings{koide2023general,
  title={General, single-shot, target-less, and automatic lidar-camera extrinsic calibration toolbox},
  author={Koide, Kenji and Oishi, Shuji and Yokozuka, Masashi and Banno, Atsuhiko},
  booktitle={2023 IEEE International Conference on Robotics and Automation (ICRA)},
  pages={11301--11307},
  year={2023},
  organization={IEEE}
}
@article{zhang2023automated,
  title={Automated Extrinsic Calibration of Multi-cameras and LiDAR},
  author={Zhang, Xinyu and Xiong, Yijin and Qu, Qianxin and Zhu, Shifan and Guo, Shichun and Jin, Dafeng and Zhang, Guoying and Ren, Haibing and Li, Jun},
  journal={IEEE Transactions on Instrumentation and Measurement},
  year={2023},
  publisher={IEEE}
}
@article{yuan2021pixel,
  title={Pixel-level extrinsic self calibration of high resolution lidar and camera in targetless environments},
  author={Yuan, Chongjian and Liu, Xiyuan and Hong, Xiaoping and Zhang, Fu},
  journal={IEEE Robotics and Automation Letters},
  volume={6},
  number={4},
  pages={7517--7524},
  year={2021},
  publisher={IEEE}
}
@article{li2024edgecalib,
  title={Edgecalib: Multi-frame weighted edge features for automatic targetless lidar-camera calibration},
  author={Li, Xingchen and Duan, Yifan and Wang, Beibei and Ren, Haojie and You, Guoliang and Sheng, Yu and Ji, Jianmin and Zhang, Yanyong},
  journal={IEEE Robotics and Automation Letters},
  year={2024},
  publisher={IEEE}
}
@article{ou2023targetless,
  title={Targetless Lidar-camera Calibration via Cross-modality Structure Consistency},
  author={Ou, Ni and Cai, Hanyu and Wang, Junzheng},
  journal={IEEE Transactions on Intelligent Vehicles},
  year={2023},
  publisher={IEEE}
}
@article{petek2024automatic,
  title={Automatic Target-Less Camera-LiDAR Calibration From Motion and Deep Point Correspondences},
  author={Petek, K{\"u}rsat and V{\"o}disch, Niclas and Meyer, Johannes and Cattaneo, Daniele and Valada, Abhinav and Burgard, Wolfram},
  journal={arXiv preprint arXiv:2404.17298},
  year={2024}
}
@inproceedings{zhu2023calibdepth,
  title={Calibdepth: Unifying depth map representation for iterative lidar-camera online calibration},
  author={Zhu, Jiangtong and Xue, Jianru and Zhang, Pu},
  booktitle={2023 IEEE International Conference on Robotics and Automation (ICRA)},
  pages={726--733},
  year={2023},
  organization={IEEE}
}
@inproceedings{schneider2017regnet,
  title={RegNet: Multimodal sensor registration using deep neural networks},
  author={Schneider, Nick and Piewak, Florian and Stiller, Christoph and Franke, Uwe},
  booktitle={2017 IEEE intelligent vehicles symposium (IV)},
  pages={1803--1810},
  year={2017},
  organization={IEEE}
}
@inproceedings{shi2020calibrcnn,
  title={Calibrcnn: Calibrating camera and lidar by recurrent convolutional neural network and geometric constraints},
  author={Shi, Jieying and Zhu, Ziheng and Zhang, Jianhua and Liu, Ruyu and Wang, Zhenhua and Chen, Shengyong and Liu, Honghai},
  booktitle={2020 IEEE/RSJ International Conference on Intelligent Robots and Systems (IROS)},
  pages={10197--10202},
  year={2020},
  organization={IEEE}
}
@article{sun2022atop,
  title={ATOP: An attention-to-optimization approach for automatic LiDAR-camera calibration via cross-modal object matching},
  author={Sun, Yi and Li, Jian and Wang, Yuru and Xu, Xin and Yang, Xiaohui and Sun, Zhenping},
  journal={IEEE Transactions on Intelligent Vehicles},
  volume={8},
  number={1},
  pages={696--708},
  year={2022},
  publisher={IEEE}
}
@inproceedings{pandey2012automatic,
  title={Automatic targetless extrinsic calibration of a 3d lidar and camera by maximizing mutual information},
  author={Pandey, Gaurav and McBride, James and Savarese, Silvio and Eustice, Ryan},
  booktitle={Proceedings of the AAAI conference on artificial intelligence},
  volume={26},
  number={1},
  pages={2053--2059},
  year={2012}
}
@article{jiao2023lce,
  title={Lce-calib: automatic lidar-frame/event camera extrinsic calibration with a globally optimal solution},
  author={Jiao, Jianhao and Chen, Feiyi and Wei, Hexiang and Wu, Jin and Liu, Ming},
  journal={IEEE/ASME Transactions on Mechatronics},
  volume={28},
  number={5},
  pages={2988--2999},
  year={2023},
  publisher={IEEE}
}

@article{chen2022pbacalib,
  title={PBACalib: Targetless extrinsic calibration for high-resolution LiDAR-camera system based on plane-constrained bundle adjustment},
  author={Chen, Feiyi and Li, Liang and Zhang, Shuyang and Wu, Jin and Wang, Lujia},
  journal={IEEE Robotics and Automation Letters},
  volume={8},
  number={1},
  pages={304--311},
  year={2022},
  publisher={IEEE}
}

@inproceedings{zhang20232,
  title={L 2 V 2 T 2 Calib: Automatic and Unified Extrinsic Calibration Toolbox for Different 3D LiDAR, Visual Camera and Thermal Camera},
  author={Zhang, Jun and Liu, Yiyao and Wen, Mingxing and Yue, Yufeng and Zhang, Haoyuan and Wang, Danwei},
  booktitle={2023 IEEE Intelligent Vehicles Symposium (IV)},
  pages={1--7},
  year={2023},
  organization={IEEE}
}
@article{yin2023automatic, 
title={Automatic and targetless LiDAR-camera extrinsic calibration using edge alignment}, 
author={Yin, Jun and Yan, Fei and Liu, Yisha and Zhuang, Yan}, journal={IEEE Sensors Journal}, 
year={2023}, 
publisher={IEEE} 
}

@article{yuan2022licas3,
  title={Licas3: A simple lidar--camera self-supervised synchronization method},
  author={Yuan, Kaiwen and Ding, Li and Abdelfattah, Mazen and Wang, Z Jane},
  journal={IEEE Transactions on Robotics},
  volume={38},
  number={5},
  pages={3203--3218},
  year={2022},
  publisher={IEEE}
}

@article{cui2021deep,
  title={Deep learning for image and point cloud fusion in autonomous driving: A review},
  author={Cui, Yaodong and Chen, Ren and Chu, Wenbo and Chen, Long and Tian, Daxin and Li, Ying and Cao, Dongpu},
  journal={IEEE Transactions on Intelligent Transportation Systems},
  volume={23},
  number={2},
  pages={722--739},
  year={2021},
  publisher={IEEE}
}

@inproceedings{xiao2024calibformer,
  title={Calibformer: A transformer-based automatic lidar-camera calibration network},
  author={Xiao, Yuxuan and Li, Yao and Meng, Chengzhen and Li, Xingchen and Ji, Jianmin and Zhang, Yanyong},
  booktitle={2024 IEEE International Conference on Robotics and Automation (ICRA)},
  pages={16714--16720},
  year={2024},
  organization={IEEE}
}

@article{park2020spatiotemporal,
  title={Spatiotemporal camera-LiDAR calibration: A targetless and structureless approach},
  author={Park, Chanoh and Moghadam, Peyman and Kim, Soohwan and Sridharan, Sridha and Fookes, Clinton},
  journal={IEEE Robotics and Automation Letters},
  volume={5},
  number={2},
  pages={1556--1563},
  year={2020},
  publisher={IEEE}
}

@inproceedings{cheng20233d,
  title={3D radar and camera co-calibration: A flexible and accurate method for target-based extrinsic calibration},
  author={Cheng, Lei and Sengupta, Arindam and Cao, Siyang},
  booktitle={2023 IEEE Radar Conference (RadarConf23)},
  pages={1--6},
  year={2023},
  organization={IEEE}
}
@inproceedings{yoon2021targetless,
  title={Targetless multiple camera-LiDAR extrinsic calibration using object pose estimation},
  author={Yoon, Byung-Hyun and Jeong, Hyeon-Woo and Choi, Kang-Sun},
  booktitle={2021 IEEE International Conference on Robotics and Automation (ICRA)},
  pages={13377--13383},
  year={2021},
  organization={IEEE}
}

@article{duan2023robust,
  title={A Robust LiDAR-Camera Self-Calibration Via Rotation-Based Alignment and Multi-Level Cost Volume},
  author={Duan, Zaipeng and Hu, Xuzhong and Ding, Junfeng and An, Pei and Huang, Xiao and Ma, Jie},
  journal={IEEE Robotics and Automation Letters},
  volume={9},
  number={1},
  pages={627--634},
  year={2023},
  publisher={IEEE}
}

@article{ye2021keypoint,
  title={Keypoint-based LiDAR-camera online calibration with robust geometric network},
  author={Ye, Chao and Pan, Huihui and Gao, Huijun},
  journal={IEEE Transactions on Instrumentation and Measurement},
  volume={71},
  pages={1--11},
  year={2021},
  publisher={IEEE}
}

@article{an2024survey,
  title={Survey of extrinsic calibration on lidar-camera system for intelligent vehicle: Challenges, approaches, and trends},
  author={An, Pei and Ding, Junfeng and Quan, Siwen and Yang, Jiaqi and Yang, You and Liu, Qiong and Ma, Jie},
  journal={IEEE Transactions on Intelligent Transportation Systems},
  year={2024},
  publisher={IEEE}
}
@inproceedings{lv2021lccnet,
  title={LCCNet: LiDAR and camera self-calibration using cost volume network},
  author={Lv, Xudong and Wang, Boya and Dou, Ziwen and Ye, Dong and Wang, Shuo},
  booktitle={Proceedings of the IEEE/CVF Conference on Computer Vision and Pattern Recognition},
  pages={2894--2901},
  year={2021}
}
@article{zhang2022multi,
  title={Multi-FEAT: Multi-feature edge alignment for targetless camera-LiDAR calibration},
  author={Zhang, Bichi and Rajan, Raj Thilak},
  journal={arXiv preprint arXiv:2207.07228},
  year={2022}
}

@article{li2023automatic,
  title={Automatic targetless LiDAR--camera calibration: a survey},
  author={Li, Xingchen and Xiao, Yuxuan and Wang, Beibei and Ren, Haojie and Zhang, Yanyong and Ji, Jianmin},
  journal={Artificial Intelligence Review},
  volume={56},
  number={9},
  pages={9949--9987},
  year={2023},
  publisher={Springer}
}

@article{berrio2021camera,
  title={Camera-LIDAR integration: Probabilistic sensor fusion for semantic mapping},
  author={Berrio, Julie Stephany and Shan, Mao and Worrall, Stewart and Nebot, Eduardo},
  journal={IEEE Transactions on Intelligent Transportation Systems},
  volume={23},
  number={7},
  pages={7637--7652},
  year={2021},
  publisher={IEEE}
}

@article{sengupta2022robust,
  title={Robust multiobject tracking using mmwave radar-camera sensor fusion},
  author={Sengupta, Arindam and Cheng, Lei and Cao, Siyang},
  journal={IEEE Sensors Letters},
  volume={6},
  number={10},
  pages={1--4},
  year={2022},
  publisher={IEEE}
}

@article{lv2022observability,
  title={Observability-aware intrinsic and extrinsic calibration of LiDAR-IMU systems},
  author={Lv, Jiajun and Zuo, Xingxing and Hu, Kewei and Xu, Jinhong and Huang, Guoquan and Liu, Yong},
  journal={IEEE Transactions on Robotics},
  volume={38},
  number={6},
  pages={3734--3753},
  year={2022},
  publisher={IEEE}
}

@article{kalman1960new,
  title={A new approach to linear filtering and prediction problems},
  author={Kalman, R.E.},
  journal={Journal of Basic Engineering},
  volume={82},
  number={1},
  pages={35--45},
  year={1960},
  publisher={ASME Digital Collection}
}

@article{arulampalam2002tutorial,
  title={A tutorial on particle filters for online nonlinear/non-Gaussian Bayesian tracking},
  author={Arulampalam, M.S. and Maskell, S. and Gordon, N. and Clapp, T.},
  journal={IEEE Transactions on Signal Processing},
  volume={50},
  number={2},
  pages={174--188},
  year={2002},
  publisher={IEEE}
}

@inproceedings{raghavan2008multimodal,
  title={Multimodal pedestrian detection and tracking},
  author={Raghavan, V. and Moeslund, T.B.},
  booktitle={2008 IEEE Conference on Computer Vision and Pattern Recognition},
  pages={1--8},
  year={2008},
  organization={IEEE}
}

@article{hochreiter1997long,
  title={Long short-term memory},
  author={Hochreiter, Sepp and Schmidhuber, J{\"u}rgen},
  journal={Neural Computation},
  volume={9},
  number={8},
  pages={1735--1780},
  year={1997},
  publisher={MIT Press}
}

@inproceedings{alahi2016social,
  title={Social LSTM: Human trajectory prediction in crowded spaces},
  author={Alahi, Alexandre and Goel, Kratarth and Ramanathan, Vignesh and Robicquet, Alexandre and Fei-Fei, Li and Savarese, Silvio},
  booktitle={Proceedings of the IEEE Conference on Computer Vision and Pattern Recognition},
  pages={961--971},
  year={2016},
  organization={IEEE}
}

@inproceedings{gupta2018social,
  title={Social GAN: Socially acceptable trajectories with generative adversarial networks},
  author={Gupta, Agrim and Johnson, Justin and Fei-Fei, Li and Savarese, Silvio and Alahi, Alexandre},
  booktitle={Proceedings of the IEEE Conference on Computer Vision and Pattern Recognition},
  pages={2255--2264},
  year={2018},
  organization={IEEE}
}

@inproceedings{schneider2013pedestrian,
  title={Pedestrian path prediction with recursive Bayesian filters: A comparative study},
  author={Schneider, Norbert and Gavrila, Dariu M. and Schnorr, Christoph and Hofmann, Uwe},
  booktitle={German Conference on Pattern Recognition},
  pages={174--183},
  year={2013},
  organization={Springer}
}

@article{choi2013sensor,
  title={Sensor fusion-based low-light pedestrian tracking system using a dynamic Bayesian network},
  author={Choi, Jungil and Yang, Seong-eui and Park, Young-Gil and Lee, Myung-Geun and Cho, Jin and Sohn, Kwanghoon},
  journal={Sensors},
  volume={13},
  number={1},
  pages={171--192},
  year={2013},
  publisher={MDPI}
}

@inproceedings{mohamed2020social,
  title={Social-STGCNN: A social spatio-temporal graph convolutional neural network for human trajectory prediction},
  author={Mohamed, Abrar and Qian, Kun and Elhoseiny, Mohamed and Claudel, Christian},
  booktitle={Proceedings of the IEEE/CVF Conference on Computer Vision and Pattern Recognition},
  pages={14424--14432},
  year={2020},
  organization={IEEE}
}

@inproceedings{kosaraju2019social,
  title={Social-BiGAT: Multimodal trajectory forecasting using bicycle-GAN and graph attention networks},
  author={Kosaraju, Vineet and Sadeghian, Amir and Mart{\'\i}n-Mart{\'\i}n, Roberto and Reid, Ian and Rezatofighi, Hamid and Savarese, Silvio},
  booktitle={Advances in Neural Information Processing Systems},
  volume={32},
  pages={137--147},
  year={2019},
  organization={NeurIPS}
}

@article{bishop1994mixture,
  title={Mixture density networks},
  author={Bishop, Christopher M.},
  journal={Neural Computing Research Group},
  year={1994},
  publisher={Aston University}
}

@inproceedings{lee2017desire,
  title={DESIRE: Distant future prediction in dynamic scenes with interacting agents},
  author={Lee, Namhoon and Choi, Wongun and Vernaza, Paul and Choy, Christopher B and Torr, Philip H.S. and Chandraker, Manmohan},
  booktitle={Proceedings of the IEEE Conference on Computer Vision and Pattern Recognition},
  pages={336--345},
  year={2017},
  organization={IEEE}
}

@inproceedings{cui2019multimodal,
  title={Multimodal trajectory predictions for autonomous driving using deep convolutional networks},
  author={Cui, Hang and Zha, Zhengzhong and Lu, Shijie and Shen, Shaoshuai and Chen, Zhe and Ma, Yi},
  booktitle={Proceedings of the IEEE/CVF Conference on Computer Vision and Pattern Recognition},
  pages={14424--14432},
  year={2019},
  organization={IEEE}
}

@article{geiger2012we,
  title={Are we ready for autonomous driving? The KITTI vision benchmark suite},
  author={Geiger, Andreas and Lenz, Philip and Stiller, Christoph and Urtasun, Raquel},
  journal={Proceedings of the IEEE Conference on Computer Vision and Pattern Recognition (CVPR)},
  pages={3354--3361},
  year={2012},
  publisher={IEEE}
}

@article{cordts2016cityscapes,
  title={The Cityscapes dataset for semantic urban scene understanding},
  author={Cordts, Marius and Omran, Mohamed and Ramos, Sebastian and Rehfeld, Timo and Enzweiler, Markus and Benenson, Rodrigo and Franke, Uwe and Roth, Stefan and Schiele, Bernt},
  journal={Proceedings of the IEEE Conference on Computer Vision and Pattern Recognition},
  pages={3213--3223},
  year={2016},
  publisher={IEEE}
}

@article{sun2020scalability,
  title={Scalability in perception for autonomous driving: Waymo Open Dataset},
  author={Sun, Pei and Kretzschmar, Henrik and Dotiwalla, Xan and Chouard, Amaury and Patnaik, Vaibhav and Tsui, Paul and Guo, Junqing and Zhou, Yin and Chai, Yuning and Caine, Brian and others},
  journal={Proceedings of the IEEE/CVF Conference on Computer Vision and Pattern Recognition},
  pages={2446--2454},
  year={2020},
  publisher={IEEE}
}

@inproceedings{zernetsch2021multi,
  title={Multi-agent trajectory prediction with spatio-temporal graph attention networks},
  author={Zernetsch, Stefan and Weiskircher, Rene and Becker, Martin and Kalinke, Tomasz and Burgard, Wolfram},
  booktitle={Proceedings of the IEEE International Conference on Robotics and Automation (ICRA)},
  pages={1214--1220},
  year={2021},
  organization={IEEE}
}



@article{lau2019survey,
  title={A survey of data fusion in smart city applications},
  author={Lau, Billy Pik Lik and Marakkalage, Sumudu Hasala and Zhou, Yuren and Hassan, Naveed Ul and Yuen, Chau and Zhang, Meng and Tan, U-Xuan},
  journal={Information Fusion},
  volume={52},
  pages={357--374},
  year={2019},
  publisher={Elsevier}
}

@article{fadhel2024comprehensive,
  title={Comprehensive systematic review of information fusion methods in smart cities and urban environments},
  author={Fadhel, Mohammed A and Duhaim, Ali M and Saihood, Ahmed and Sewify, Ahmed and Al-Hamadani, Mokhaled NA and Albahri, AS and Alzubaidi, Laith and Gupta, Ashish and Mirjalili, Sayedali and Gu, Yuantong},
  journal={Information Fusion},
  pages={102317},
  year={2024},
  publisher={Elsevier}
}

@article{cheng2024deep,
  title={Deep Learning-Based Robust Multi-Object Tracking via Fusion of mmWave Radar and Camera Sensors},
  author={Cheng, Lei and Sengupta, Arindam and Cao, Siyang},
  journal={IEEE Transactions on Intelligent Transportation Systems},
  year={2024},
  publisher={IEEE}
}

@article{yeong2021sensor,
  title={Sensor and sensor fusion technology in autonomous vehicles: A review},
  author={Yeong, De Jong and Velasco-Hernandez, Gustavo and Barry, John and Walsh, Joseph},
  journal={Sensors},
  volume={21},
  number={6},
  pages={2140},
  year={2021},
  publisher={MDPI}
}

@article{brenner2023rgb,
  title={RGB-D and thermal sensor fusion: a systematic literature review},
  author={Brenner, Martin and Reyes, Napoleon H and Susnjak, Teo and Barczak, Andre LC},
  journal={IEEE Access},
  year={2023},
  publisher={IEEE}
}

@article{gao2020ramp,
  title={Ramp-cnn: A novel neural network for enhanced automotive radar object recognition},
  author={Gao, Xiangyu and Xing, Guanbin and Roy, Sumit and Liu, Hui},
  journal={IEEE Sensors Journal},
  volume={21},
  number={4},
  pages={5119--5132},
  year={2020},
  publisher={IEEE}
}

@inproceedings{campbell2018sensor,
  title={Sensor technology in autonomous vehicles: A review},
  author={Campbell, Sean and O'Mahony, Niall and Krpalcova, Lenka and Riordan, Daniel and Walsh, Joseph and Murphy, Aidan and Ryan, Conor},
  booktitle={2018 29th Irish Signals and Systems Conference (ISSC)},
  pages={1--4},
  year={2018},
  organization={IEEE}
}

@article{qiu2023external,
  title={External multi-modal imaging sensor calibration for sensor fusion: A review},
  author={Qiu, Zhouyan and Mart{\'\i}nez-S{\'a}nchez, Joaqu{\'\i}n and Arias-S{\'a}nchez, Pedro and Rashdi, Rabia},
  journal={Information Fusion},
  volume={97},
  pages={101806},
  year={2023},
  publisher={Elsevier}
}

@article{ponnaganti2020deep,
  title={Deep learning for lidar-based autonomous vehicles in smart cities},
  author={Ponnaganti, Vinay and Moh, Melody and Moh, Teng},
  journal={Handbook of smart cities},
  pages={1--25},
  year={2020},
  publisher={Springer}
}

@ARTICLE{9127855,
  author={Li, You and Ibanez-Guzman, Javier},
  journal={IEEE Signal Processing Magazine}, 
  title={Lidar for Autonomous Driving: The Principles, Challenges, and Trends for Automotive Lidar and Perception Systems}, 
  year={2020},
  volume={37},
  number={4},
  pages={50-61},
  keywords={Laser radar;Measurement by laser beam;Vertical cavity surface emitting lasers;Laser beams;Autonomous vehicles},
  doi={10.1109/MSP.2020.2973615}}

@techreport{northrop2022can,
  title={Can Automated Vehicles "See" in Minnesota? Ambient Particle Effects on LiDAR},
  author={Northrop, William and Zhan, Lu and Haag, Shawn and Zarling, Darrick and others},
  year={2022},
  institution={Minnesota. Department of Transportation. Office of Research \& Innovation}
}

@INPROCEEDINGS{8126389,
  author={Steinbaeck, Josef and Steger, Christian and Holweg, Gerald and Druml, Norbert},
  booktitle={2017 Sensor Data Fusion: Trends, Solutions, Applications (SDF)}, 
  title={Next generation radar sensors in automotive sensor fusion systems}, 
  year={2017},
  volume={},
  number={},
  pages={1-6},
  keywords={Automotive engineering;Radar antennas;Sensor fusion;Laser radar;Sensor phenomena and characterization;radar;automotive sensors;accident prevention;automated driving;autonomous vehicles},
  doi={10.1109/SDF.2017.8126389}}

@article{patole2017automotive,
  title={Automotive radars: A review of signal processing techniques},
  author={Patole, Sujeet Milind and Torlak, Murat and Wang, Dan and Ali, Murtaza},
  journal={IEEE Signal Processing Magazine},
  volume={34},
  number={2},
  pages={22--35},
  year={2017},
  publisher={IEEE}
}

@article{pervsic2021spatiotemporal,
  title={Spatiotemporal multisensor calibration via gaussian processes moving target tracking},
  author={Per{\v{s}}i{\'c}, Juraj and Petrovi{\'c}, Luka and Markovi{\'c}, Ivan and Petrovi{\'c}, Ivan},
  journal={IEEE Transactions on Robotics},
  volume={37},
  number={5},
  pages={1401--1415},
  year={2021},
  publisher={IEEE}
}

@article{domhof2021joint,
  title={A joint extrinsic calibration tool for radar, camera and LiDAR},
  author={Domhof, Joris and Kooij, Julian FP and Gavrila, Dariu M},
  journal={IEEE Transactions on Intelligent Vehicles},
  volume={6},
  number={3},
  pages={571--582},
  year={2021},
  publisher={IEEE}
}
@inproceedings{ikram2019automated,
  title={Automated radar mount-angle calibration in automotive applications},
  author={Ikram, Muhammad Z and Ahmad, Adeel},
  booktitle={2019 IEEE Radar Conference (RadarConf)},
  pages={1--5},
  year={2019},
  organization={IEEE}
}

@inproceedings{domhof2019extrinsic,
  title={An extrinsic calibration tool for radar, camera and lidar},
  author={Domhof, Joris and Kooij, Julian FP and Gavrila, Dariu M},
  booktitle={2019 International Conference on Robotics and Automation (ICRA)},
  pages={8107--8113},
  year={2019},
  organization={IEEE}
}

@article{yan2022opencalib,
  title={OpenCalib: A multi-sensor calibration toolbox for autonomous driving},
  author={Yan, Guohang and Liu, Zhuochun and Wang, Chengjie and Shi, Chunlei and Wei, Pengjin and Cai, Xinyu and Ma, Tao and Liu, Zhizheng and Zhong, Zebin and Liu, Yuqian and others},
  journal={Software Impacts},
  pages={100393},
  year={2022},
  publisher={Elsevier}
}
@article{rehder2016general,
  title={A general approach to spatiotemporal calibration in multisensor systems},
  author={Rehder, Joern and Siegwart, Roland and Furgale, Paul},
  journal={IEEE Transactions on Robotics},
  volume={32},
  number={2},
  pages={383--398},
  year={2016},
  publisher={IEEE}
}

@article{slabaugh1999computing,
  title={Computing Euler angles from a rotation matrix},
  author={Slabaugh, Gregory G},
  journal={Retrieved on August},
  volume={6},
  number={2000},
  pages={39--63},
  year={1999}
}

@article{horn1987closed,
  title={Closed-form solution of absolute orientation using unit quaternions},
  author={Horn, Berthold KP},
  journal={Josa a},
  volume={4},
  number={4},
  pages={629--642},
  year={1987},
  publisher={Optica Publishing Group}
}

@article{marchand2015pose,
  title={Pose estimation for augmented reality: a hands-on survey},
  author={Marchand, Eric and Uchiyama, Hideaki and Spindler, Fabien},
  journal={IEEE transactions on visualization and computer graphics},
  volume={22},
  number={12},
  pages={2633--2651},
  year={2015},
  publisher={IEEE}
}

@INPROCEEDINGS{10149669,
  author={Cheng, Lei and Sengupta, Arindam and Cao, Siyang},
  booktitle={2023 IEEE Radar Conference (RadarConf23)}, 
  title={3D Radar and Camera Co-Calibration: A flexible and Accurate Method for Target-based Extrinsic Calibration}, 
  year={2023},
  volume={},
  number={},
  pages={1-6},
  keywords={Three-dimensional displays;Operating systems;Robot vision systems;Radar;Sensor fusion;Cameras;Robustness;3D Radar;Radar-Camera Calibration;Extrinsic Calibration;Sensor Fusion},
  doi={10.1109/RadarConf2351548.2023.10149669}}

@inproceedings{scholler2019targetless,
  title={Targetless rotational auto-calibration of radar and camera for intelligent transportation systems},
  author={Sch{\"o}ller, Christoph and Schnettler, Maximilian and Kr{\"a}mmer, Annkathrin and Hinz, Gereon and Bakovic, Maida and G{\"u}zet, M{\"u}ge and Knoll, Alois},
  booktitle={2019 IEEE Intelligent Transportation Systems Conference (ITSC)},
  pages={3934--3941},
  year={2019},
  organization={IEEE}
}

@article{xiang2023multi,
  title={Multi-sensor fusion and cooperative perception for autonomous driving: A review},
  author={Xiang, Chao and Feng, Chen and Xie, Xiaopo and Shi, Botian and Lu, Hao and Lv, Yisheng and Yang, Mingchuan and Niu, Zhendong},
  journal={IEEE Intelligent Transportation Systems Magazine},
  year={2023},
  publisher={IEEE}
}

@inproceedings{nabati2021centerfusion,
  title={Centerfusion: Center-based radar and camera fusion for 3d object detection},
  author={Nabati, Ramin and Qi, Hairong},
  booktitle={Proceedings of the IEEE/CVF Winter Conference on Applications of Computer Vision},
  pages={1527--1536},
  year={2021}
}

@article{karle2023multi,
  title={Multi-Modal Sensor Fusion and Object Tracking for Autonomous Racing},
  author={Karle, Phillip and Fent, Felix and Huch, Sebastian and Sauerbeck, Florian and Lienkamp, Markus},
  journal={IEEE Transactions on Intelligent Vehicles},
  year={2023},
  publisher={IEEE}
}

@book{liggins2017handbook,
  title={Handbook of multisensor data fusion: theory and practice},
  author={Liggins II, Martin and Hall, David and Llinas, James},
  year={2017},
  publisher={CRC press}
}

@inproceedings{malawade2022hydrafusion,
  title={HydraFusion: Context-aware selective sensor fusion for robust and efficient autonomous vehicle perception},
  author={Malawade, Arnav Vaibhav and Mortlock, Trier and Al Faruque, Mohammad Abdullah},
  booktitle={2022 ACM/IEEE 13th International Conference on Cyber-Physical Systems (ICCPS)},
  pages={68--79},
  year={2022},
  organization={IEEE}
}

@inproceedings{aeberhard2011high,
  title={High-level sensor data fusion architecture for vehicle surround environment perception},
  author={Aeberhard, Michael and Kaempchen, Nico},
  booktitle={Proc. 8th Int. Workshop Intell. Transp},
  volume={665},
  pages={1--7},
  year={2011}
}

@inproceedings{banerjee2018online,
  title={Online camera lidar fusion and object detection on hybrid data for autonomous driving},
  author={Banerjee, Koyel and Notz, Dominik and Windelen, Johannes and Gavarraju, Sumanth and He, Mingkang},
  booktitle={2018 IEEE Intelligent Vehicles Symposium (IV)},
  pages={1632--1638},
  year={2018},
  organization={IEEE}
}

@inproceedings{cheng2023online,
  title={Online targetless radar-camera extrinsic calibration based on the common features of radar and camera},
  author={Cheng, Lei and Cao, Siyang},
  booktitle={NAECON 2023-IEEE National Aerospace and Electronics Conference},
  pages={294--299},
  year={2023},
  organization={IEEE}
}

@inproceedings{muglikar2021calibrate,
  title={How to calibrate your event camera},
  author={Muglikar, Manasi and Gehrig, Mathias and Gehrig, Daniel and Scaramuzza, Davide},
  booktitle={Proceedings of the IEEE/CVF conference on computer vision and pattern recognition},
  pages={1403--1409},
  year={2021}
}

@article{rebecq2019high,
  title={High speed and high dynamic range video with an event camera},
  author={Rebecq, Henri and Ranftl, Ren{\'e} and Koltun, Vladlen and Scaramuzza, Davide},
  journal={IEEE transactions on pattern analysis and machine intelligence},
  volume={43},
  number={6},
  pages={1964--1980},
  year={2019},
  publisher={IEEE}
}

@inproceedings{scheerlinck2020fast,
  title={Fast image reconstruction with an event camera},
  author={Scheerlinck, Cedric and Rebecq, Henri and Gehrig, Daniel and Barnes, Nick and Mahony, Robert and Scaramuzza, Davide},
  booktitle={Proceedings of the IEEE/CVF Winter Conference on Applications of Computer Vision},
  pages={156--163},
  year={2020}
}

@article{zheng2013practical,
  title={A practical roadside camera calibration method based on least squares optimization},
  author={Zheng, Yuan and Peng, Silong},
  journal={IEEE Transactions on Intelligent Transportation Systems},
  volume={15},
  number={2},
  pages={831--843},
  year={2013},
  publisher={IEEE}
}

@article{li2023globally,
  title={Globally optimal robust radar calibration in intelligent transportation systems},
  author={Li, Xinyi and Liu, Yinlong and Lakshminarasimhan, Venkatnarayanan and Cao, Hu and Zhang, Feihu and Knoll, Alois},
  journal={IEEE Transactions on Intelligent Transportation Systems},
  volume={24},
  number={6},
  pages={6082--6095},
  year={2023},
  publisher={IEEE}
}

@article{ojala2023infrastructure,
  title={Infrastructure camera calibration with GNSS for vehicle localisation},
  author={Ojala, Risto and Veps{\"a}l{\"a}inen, Jari and Pirhonen, Jesse and Tammi, Kari},
  journal={IET Intelligent Transport Systems},
  volume={17},
  number={2},
  pages={341--356},
  year={2023},
  publisher={Wiley Online Library}
}

@article{ren2023trajmatch,
  title={Trajmatch: Toward automatic spatio-temporal calibration for roadside lidars through trajectory matching},
  author={Ren, Haojie and Zhang, Sha and Li, Sugang and Li, Yao and Li, Xinchen and Ji, Jianmin and Zhang, Yu and Zhang, Yanyong},
  journal={IEEE Transactions on Intelligent Transportation Systems},
  year={2023},
  publisher={IEEE}
}

@article{zhao2024graph,
  title={Graph matching-based spatiotemporal calibration of roadside sensors in cooperative vehicle-infrastructure systems},
  author={Zhao, Cong and Ding, Delong and Shi, Yupeng and Ji, Yuxiong and Du, Yuchuan},
  journal={IEEE Transactions on Intelligent Transportation Systems},
  year={2024},
  publisher={IEEE}
}

@article{zhao2024rapid,
  title={A rapid and convenient spatiotemporal calibration method of roadside sensors using floating connected and automated vehicle data},
  author={Zhao, Cong and Shi, Yupeng and Du, Yuchuan and Jiang, Shengchuan and Ji, Yuxiong and Zhao, Xiangmo},
  journal={IEEE Transactions on Intelligent Transportation Systems},
  year={2024},
  publisher={IEEE}
}

@article{jin2024roadside,
  title={Roadside Camera-LiDAR Calibration without Annotation},
  author={Jin, Shaojie and Ma, Cong and Gao, Ying and Hui, Fei and Zhao, Xiangmo},
  journal={IEEE Sensors Journal},
  year={2024},
  publisher={IEEE}
}

@article{Wang2023Multimodal,
  title={Multi-modal 3d object detection in autonomous driving: a survey},
  author={Wang, Yue and Mao, Qingfeng and Zhu, Huimin and Deng, Jian and Zhang, Youzhi and Ji, Junchen and Zhang, Yicong},
  journal={International Journal of Computer Vision},
  volume={131},
  number={8},
  pages={2122--2152},
  year={2023},
  publisher={Springer}
}

@inproceedings{Vora2020PointPainting,
  title={Pointpainting: Sequential fusion for 3d object detection},
  author={Vora, Sourabh and Lang, Alex H and Helou, Bassam and Beijbom, Oscar},
  booktitle={Proceedings of the IEEE/CVF conference on computer vision and pattern recognition},
  pages={4604--4612},
  year={2020}
}

@article{Yin2021Multimodal,
  title={Multimodal virtual point 3d detection},
  author={Yin, Tianwei and Zhou, Xingyi and Kr{\"a}henb{\"u}hl, Philipp},
  journal={Advances in Neural Information Processing Systems},
  volume={34},
  pages={16494--16507},
  year={2021}
}

@inproceedings{Qi2018Frustum,
  title={Frustum pointnets for 3d object detection from rgb-d data},
  author={Qi, Charles R and Liu, Wei and Wu, Chenxia and Su, Hao and Guibas, Leonidas J},
  booktitle={Proceedings of the IEEE conference on computer vision and pattern recognition},
  pages={918--927},
  year={2018}
}

@inproceedings{Qi2017PointNet,
  title={Pointnet: Deep learning on point sets for 3d classification and segmentation},
  author={Qi, Charles R and Su, Hao and Mo, Kaichun and Guibas, Leonidas J},
  booktitle={Proceedings of the IEEE conference on computer vision and pattern recognition},
  pages={652--660},
  year={2017}
}

@article{Mao20233D,
  title={3D object detection for autonomous driving: A comprehensive survey},
  author={Mao, Jiageng and Shi, Shaoshuai and Wang, Xiaogang and Li, Hongsheng},
  journal={International Journal of Computer Vision},
  volume={131},
  number={8},
  pages={1909--1963},
  year={2023},
  publisher={Springer}
}

@inproceedings{Jiao2023MSMDFusion,
  title={Msmdfusion: Fusing lidar and camera at multiple scales with multi-depth seeds for 3d object detection},
  author={Jiao, Yiqi and Jie, Zequn and Chen, Shusheng and Chen, Jinming and Ma, Lin and Jiang, Yong},
  booktitle={Proceedings of the IEEE/CVF conference on computer vision and pattern recognition},
  pages={21643--21652},
  year={2023}
}

@inproceedings{Xu2018PointFusion,
  title={Pointfusion: Deep sensor fusion for 3d bounding box estimation},
  author={Xu, Danfei and Anguelov, Dragomir and Jain, Ashesh},
  booktitle={Proceedings of the IEEE conference on computer vision and pattern recognition},
  pages={244--253},
  year={2018}
}

@article{Vaswani2017Attention,
  title={Attention is all you need},
  author={Vaswani, Ashish and Shazeer, Noam and Parmar, Niki and Uszkoreit, Jakob and Jones, Llion and Gomez, Aidan N and Kaiser, {\L}ukasz and Polosukhin, Illia},
  journal={Advances in neural information processing systems},
  volume={30},
  year={2017}
}

@inproceedings{Li2022DeepFusion,
  title={Deepfusion: Lidar-camera deep fusion for multi-modal 3d object detection},
  author={Li, Yingwei and Yu, Adams Wei and Meng, Tianjian and Caine, Ben and Ngiam, Jiquan and Peng, Daiyi and Zhou, Dian},
  booktitle={Proceedings of the IEEE/CVF Conference on Computer Vision and Pattern Recognition},
  pages={17182--17191},
  year={2022}
}

@article{Liang2022BEVFusion,
  title={Bevfusion: A simple and robust lidar-camera fusion framework},
  author={Liang, Tingting and Xie, Hongwei and Yu, Kaicheng and Xia, Zhongyu and Lin, Zhiwei and Wang, Yongtao and Tang, Zhenguo},
  journal={Advances in Neural Information Processing Systems},
  volume={35},
  pages={10421--10434},
  year={2022}
}

@inproceedings{Xu2021FusionPainting,
  title={Fusionpainting: Multimodal fusion with adaptive attention for 3d object detection},
  author={Xu, Shaoqing and Zhou, Dingfu and Fang, Jie and Yin, Jianbing and Bin, Zhou and Zhang, Liangjun},
  booktitle={2021 IEEE International Intelligent Transportation Systems Conference (ITSC)},
  pages={3047--3054},
  year={2021},
  organization={IEEE}
}

@inproceedings{Pang2020CLOCs,
  title={CLOCs: Camera-LiDAR object candidates fusion for 3D object detection},
  author={Pang, Su and Morris, Daniel and Radha, Hayder},
  booktitle={2020 IEEE/RSJ International Conference on Intelligent Robots and Systems (IROS)},
  pages={10386--10393},
  year={2020},
  organization={IEEE}
}

@inproceedings{Neubeck2006Efficient,
  title={Efficient non-maximum suppression},
  author={Neubeck, Alexander and Van Gool, Luc},
  booktitle={18th international conference on pattern recognition (ICPR'06)},
  volume={3},
  pages={850--855},
  year={2006},
  organization={IEEE}
}

@inproceedings{Pang2022FastCLOCs,
  title={Fast-CLOCs: Fast camera-LiDAR object candidates fusion for 3D object detection},
  author={Pang, Su and Morris, Daniel and Radha, Hayder},
  booktitle={Proceedings of the IEEE/CVF Winter Conference on Applications of Computer Vision},
  pages={187--196},
  year={2022}
}

@article{Li2024Fully,
  title={Fully sparse fusion for 3d object detection},
  author={Li, Yingwei and Fan, Lingdong and Liu, Yiran and Huang, Zhijian and Chen, Yukang and Wang, Naiyan and Zhang, Zhaoxiang},
  journal={IEEE Transactions on Pattern Analysis and Machine Intelligence},
  year={2024},
  publisher={IEEE}
}

@article{Zhang2021Longitudinal,
  title={Longitudinal-Scanline-Based Arterial Traffic Video Analytics with Coordinate Transformation Assisted by 3D Infrastructure Data},
  author={Zhang, Tianya Tom and Guo, Menghan and Jin, Peter Jing and Ge, Yiming and Gong, Jie},
  journal={Transportation Research Record},
  volume={2675},
  number={3},
  pages={338--357},
  year={2021},
  publisher={SAGE Publications Sage CA: Los Angeles, CA}
}

@inproceedings{Wu2023MultiSensor,
  title={A Multi-Sensor Video/LiDAR System for Analyzing Intersection Safety},
  author={Wu, Anuja and Banerjee, Taposh and Chen, Kejian and Rangarajan, Anand and Ranka, Sanjay},
  booktitle={2023 IEEE 26th International Conference on Intelligent Transportation Systems (ITSC)},
  pages={1158--1165},
  year={2023},
  organization={IEEE}
}

@article{Wang2022Object,
  title={Object tracking based on the fusion of roadside LiDAR and camera data},
  author={Wang, Sikai and Pi, Ruoyu and Li, Jining and Guo, Xinyu and Lu, Yundong and Li, Tianyu and Tian, Yufeng},
  journal={IEEE Transactions on Instrumentation and Measurement},
  volume={71},
  pages={1--4},
  year={2022},
  publisher={IEEE}
}

@article{Anisha2023Automated,
  title={Automated vehicle to vehicle conflict analysis at signalized intersections by camera and LiDAR sensor fusion},
  author={Anisha, Anwaar Mohamed and Abdel-Aty, Mohamed and Abdelraouf, Ahmed and Islam, Zubayer and Zheng, Ou},
  journal={Transportation research record},
  volume={2677},
  number={5},
  pages={117--32},
  year={2023},
  publisher={SAGE Publications Sage CA: Los Angeles, CA}
}


////////////

@article{olszewski2020surrogate,
  title={Surrogate safety indicator for unsignalised pedestrian crossings},
  author={Olszewski, P. and D{\k{a}}bkowski, P. and Szaga{\l}a, P. and Czajewski, W. and Buttler, I.},
  journal={Transportation research part F: traffic psychology and behaviour},
  volume={70},
  pages={25--36},
  year={2020},
  publisher={Elsevier}
}

@article{matsuo2022vulnerable,
  title={Vulnerable road user safety evaluation using probe vehicle data with collision warning information},
  author={Matsuo, K. and Chigai, N. and Chattha, M. I. and Sugiki, N.},
  journal={Accident Analysis \& Prevention},
  volume={165},
  pages={106528},
  year={2022},
  publisher={Elsevier}
}

@article{lu2022learning,
  title={Learning the representation of surrogate safety measures to identify traffic conflict},
  author={Lu, J. and Grembek, O. and Hansen, M.},
  journal={Accident Analysis \& Prevention},
  volume={174},
  pages={106755},
  year={2022},
  publisher={Elsevier}
}

@article{fu2016pedestrian,
  title={Pedestrian crosswalk safety at nonsignalized crossings during nighttime: Use of thermal video data and surrogate safety measures},
  author={Fu, T. and Miranda-Moreno, L. and Saunier, N.},
  journal={Transportation research record},
  volume={2586},
  number={1},
  pages={90--99},
  year={2016},
  publisher={SAGE Publications Sage CA: Los Angeles, CA}
}

@article{wang2021review,
  title={A review of surrogate safety measures and their applications in connected and automated vehicles safety modeling},
  author={Wang, C. and Xie, Y. and Huang, H. and Liu, P.},
  journal={Accident Analysis \& Prevention},
  volume={157},
  pages={106157},
  year={2021},
  publisher={Elsevier}
}

@article{xie2019use,
  title={Use of real-world connected vehicle data in identifying high-risk locations based on a new surrogate safety measure},
  author={Xie, K. and Yang, D. and Ozbay, K. and Yang, H.},
  journal={Accident Analysis \& Prevention},
  volume={125},
  pages={311--319},
  year={2019},
  publisher={Elsevier}
}

@article{johnsson2021validation,
  title={Validation of surrogate measures of safety with a focus on bicyclist--motor vehicle interactions},
  author={Johnsson, C. and Laureshyn, A. and D{\'a}gostino, C.},
  journal={Accident Analysis \& Prevention},
  volume={153},
  pages={106037},
  year={2021},
  publisher={Elsevier}
}

@article{essa2020comparison,
  title={Comparison between surrogate safety assessment model and real-time safety models in predicting field-measured conflicts at signalized intersections},
  author={Essa, M. and Sayed, T.},
  journal={Transportation research record},
  volume={2674},
  number={3},
  pages={100--112},
  year={2020},
  publisher={SAGE Publications Sage CA: Los Angeles, CA}
}

@article{yang2021fusing,
  title={Fusing crash data and surrogate safety measures for safety assessment: Development of a structural equation model with conditional autoregressive spatial effect and random parameters},
  author={Yang, D. and Xie, K. and Ozbay, K. and Yang, H.},
  journal={Accident Analysis \& Prevention},
  volume={152},
  pages={105971},
  year={2021},
  publisher={Elsevier}
}

@article{borsos2020collision,
  title={Are collision and crossing course surrogate safety indicators transferable? A probability based approach using extreme value theory},
  author={Borsos, A. and Farah, H. and Laureshyn, A. and Hagenzieker, M.},
  journal={Accident Analysis \& Prevention},
  volume={143},
  pages={105517},
  year={2020},
  publisher={Elsevier}
}

@article{li2021using,
  title={Using bus critical driving events as surrogate safety measures for pedestrian and bicycle crashes based on GPS trajectory data},
  author={Li, P. and Abdel-Aty, M. and Yuan, J.},
  journal={Accident Analysis \& Prevention},
  volume={150},
  pages={105924},
  year={2021},
  publisher={Elsevier}
}

@article{hu2022high,
  title={A high-resolution trajectory data driven method for real-time evaluation of traffic safety},
  author={Hu, Y. and Li, Y. and Huang, H. and Lee, J. and Yuan, C. and Zou, G.},
  journal={Accident Analysis \& Prevention},
  volume={165},
  pages={106503},
  year={2022},
  publisher={Elsevier}
}

@article{cavadas2020road,
  title={Road safety of passing maneuvers: A bivariate extreme value theory approach under non-stationary conditions},
  author={Cavadas, J. and Azevedo, C. L. and Farah, H. and Ferreira, A.},
  journal={Accident Analysis \& Prevention},
  volume={134},
  pages={105315},
  year={2020},
  publisher={Elsevier}
}

@article{ma2021scooter,
  title={E-Scooter safety: The riding risk analysis based on mobile sensing data},
  author={Ma, Q. and Yang, H. and Mayhue, A. and Sun, Y. and Huang, Z. and Ma, Y.},
  journal={Accident Analysis \& Prevention},
  volume={151},
  pages={105954},
  year={2021},
  publisher={Elsevier}
}

@article{tabone2021vulnerable,
  title={Vulnerable road users and the coming wave of automated vehicles: Expert perspectives},
  author={Tabone, W. and De Winter, J. and Ackermann, C. and B{\"a}rgman, J. and Baumann, M. and Deb, S. and Emmenegger, C. and Felius, E. and Franke, T. and Fuchs, S. and others},
  journal={Transportation research interdisciplinary perspectives},
  volume={9},
  pages={100293},
  year={2021},
  publisher={Elsevier}
}

@article{ziakopoulos2020review,
  title={A review of spatial approaches in road safety},
  author={Ziakopoulos, A. and Yannis, G.},
  journal={Accident Analysis \& Prevention},
  volume={135},
  pages={105323},
  year={2020},
  publisher={Elsevier}
}

@inproceedings{samara2020video,
  title={Video-based network-wide surrogate safety analysis to support a proactive network screening using connected cameras: Case study in the City of Bellevue (WA) United States},
  author={Samara, L. and St-Aubin, P. and Loewenherz, F. and Budnick, N. and Miranda-Moreno, L.},
  booktitle={Proceedings of the Transportation Research Board 100th Annual Meeting, Washington, DC, USA},
  pages={9--13},
  year={2020}
}

@article{strauss2017cyclist,
  title={Cyclist deceleration rate as surrogate safety measure in Montreal using smartphone GPS data},
  author={Strauss, J. and Zangenehpour, S. and Miranda-Moreno, L. F. and Saunier, N.},
  journal={Accident Analysis \& Prevention},
  volume={99},
  pages={287--296},
  year={2017},
  publisher={Elsevier}
}

@article{bhattarai2023proactive,
  title={Proactive Safety Analysis Using Roadside LiDAR Based Vehicle Trajectory Data: A Study of Rear-End Crashes},
  author={Bhattarai, N. and Zhang, Y. and Liu, H. and Pakzad, Y. and Xu, H.},
  journal={Transportation Research Record},
  pages={03611981231182704},
  year={2023},
  publisher={SAGE Publications Sage CA: Los Angeles, CA}
}

@article{lv2019automatic,
  title={Automatic vehicle-pedestrian conflict identification with trajectories of road users extracted from roadside LiDAR sensors using a rule-based method},
  author={Lv, B. and Sun, R. and Zhang, H. and Xu, H. and Yue, R.},
  journal={Ieee Access},
  volume={7},
  pages={161594--161606},
  year={2019},
  publisher={IEEE}
}

@article{essa2018traffic,
  title={Traffic conflict models to evaluate the safety of signalized intersections at the cycle level},
  author={Essa, M. and Sayed, T.},
  journal={Transportation research part C: emerging technologies},
  volume={89},
  pages={289--302},
  year={2018},
  publisher={Elsevier}
}

@inproceedings{lanzaro2023comparing,
  title={Comparing the Crash Risk of Vehicle-Pedestrian Interactions using Autonomous Vehicle Data},
  author={Lanzaro, G. and Fu, C. and Sayed, T.},
  booktitle={2023 IEEE Intelligent Vehicles Symposium (IV)},
  pages={1--6},
  year={2023},
  organization={IEEE}
}

@article{arun2021systematic,
  title={A systematic mapping review of surrogate safety assessment using traffic conflict techniques},
  author={Arun, A. and Haque, M.M. and Bhaskar, A. and Washington, S. and Sayed, T.},
  journal={Accident Analysis \& Prevention},
  volume={153},
  pages={106016},
  year={2021},
  publisher={Elsevier}
}

@inproceedings{dendorfer2020goal,
  title={Goal-gan: Multimodal trajectory prediction based on goal position estimation},
  author={Dendorfer, Patrick and Osep, Aljosa and Leal-Taix{\'e}, Laura},
  booktitle={Proceedings of the Asian Conference on Computer Vision},
  year={2020}
}

@inproceedings{lee2022muse,
  title={Muse-vae: Multi-scale vae for environment-aware long term trajectory prediction},
  author={Lee, Mihee and Sohn, Samuel S and Moon, Seonghyeon and Yoon, Sejong and Kapadia, Mubbasir and Pavlovic, Vladimir},
  booktitle={Proceedings of the IEEE/CVF conference on computer vision and pattern recognition},
  pages={2221--2230},
  year={2022}
}

@article{chen2023vulnerable,
  title={Vulnerable road user trajectory prediction for autonomous driving using a data-driven integrated approach},
  author={Chen, Hao and Liu, Yinhua and Hu, Chuan and Zhang, Xi},
  journal={IEEE Transactions on Intelligent Transportation Systems},
  volume={24},
  number={7},
  pages={7306--7317},
  year={2023},
  publisher={IEEE}
}

@inproceedings{li2022graph,
  title={Graph-based spatial transformer with memory replay for multi-future pedestrian trajectory prediction},
  author={Li, Lihuan and Pagnucco, Maurice and Song, Yang},
  booktitle={Proceedings of the IEEE/CVF conference on computer vision and pattern recognition},
  pages={2231--2241},
  year={2022}
}

@article{bhatt2023mpc,
  title={MPC-PF: socially and spatially aware object trajectory prediction for autonomous driving systems using potential fields},
  author={Bhatt, Neel P and Khajepour, Amir and Hashemi, Ehsan},
  journal={IEEE Transactions on Intelligent Transportation Systems},
  volume={24},
  number={5},
  pages={5351--5361},
  year={2023},
  publisher={IEEE}
}

@inproceedings{gu2021densetnt,
  title={Densetnt: End-to-end trajectory prediction from dense goal sets},
  author={Gu, Junru and Sun, Chen and Zhao, Hang},
  booktitle={Proceedings of the IEEE/CVF International Conference on Computer Vision},
  pages={15303--15312},
  year={2021}
}

@inproceedings{pellegrini2009you,
  title={You'll never walk alone: Modeling social behavior for multi-target tracking},
  author={Pellegrini, Stefano and Ess, Andreas and Schindler, Konrad and Van Gool, Luc},
  booktitle={2009 IEEE 12th international conference on computer vision},
  pages={261--268},
  year={2009},
  organization={IEEE}
}

@inproceedings{robicquet2016learning,
  title={Learning social etiquette: Human trajectory prediction in crowded scenes},
  author={Robicquet, Alexandre and Sadeghian, Amir and Alahi, Alexandre and Savarese, Silvio},
  booktitle={European Conference on Computer Vision (ECCV)},
  volume={2},
  number={4},
  pages={5},
  year={2016}
}

@article{ngiam2021scene,
  title={Scene transformer: A unified architecture for predicting multiple agent trajectories},
  author={Ngiam, Jiquan and Caine, Benjamin and Vasudevan, Vijay and Zhang, Zhengdong and Chiang, Hao-Tien Lewis and Ling, Jeffrey and Roelofs, Rebecca and Bewley, Alex and Liu, Chenxi and Venugopal, Ashish and others},
  journal={arXiv preprint arXiv:2106.08417},
  year={2021}
}

@article{kress2022pose,
  title={Pose and semantic map based probabilistic forecast of vulnerable road users’ trajectories},
  author={Kress, Viktor and Jeske, Fabian and Zernetsch, Stefan and Doll, Konrad and Sick, Bernhard},
  journal={IEEE Transactions on Intelligent Vehicles},
  volume={8},
  number={3},
  pages={2592--2603},
  year={2022},
  publisher={IEEE}
}

@article{mo2022multi,
  title={Multi-agent trajectory prediction with heterogeneous edge-enhanced graph attention network},
  author={Mo, Xiaoyu and Huang, Zhiyu and Xing, Yang and Lv, Chen},
  journal={IEEE Transactions on Intelligent Transportation Systems},
  volume={23},
  number={7},
  pages={9554--9567},
  year={2022},
  publisher={IEEE}
}

@inproceedings{zhou2022hivt,
  title={Hivt: Hierarchical vector transformer for multi-agent motion prediction},
  author={Zhou, Zikang and Ye, Luyao and Wang, Jianping and Wu, Kui and Lu, Kejie},
  booktitle={Proceedings of the IEEE/CVF Conference on Computer Vision and Pattern Recognition},
  pages={8823--8833},
  year={2022}
}

@inproceedings{gao2020vectornet,
  title={Vectornet: Encoding hd maps and agent dynamics from vectorized representation},
  author={Gao, Jiyang and Sun, Chen and Zhao, Hang and Shen, Yi and Anguelov, Dragomir and Li, Congcong and Schmid, Cordelia},
  booktitle={Proceedings of the IEEE/CVF conference on computer vision and pattern recognition},
  pages={11525--11533},
  year={2020}
}

@inproceedings{wang2022sti,
  title={Be-sti: Spatial-temporal integrated network for class-agnostic motion prediction with bidirectional enhancement},
  author={Wang, Yunlong and Pan, Hongyu and Zhu, Jun and Wu, Yu-Huan and Zhan, Xin and Jiang, Kun and Yang, Diange},
  booktitle={Proceedings of the IEEE/CVF Conference on Computer Vision and Pattern Recognition},
  pages={17093--17102},
  year={2022}
}

@inproceedings{peri2022forecasting,
  title={Forecasting from lidar via future object detection},
  author={Peri, Neehar and Luiten, Jonathon and Li, Mengtian and O{\v{s}}ep, Aljo{\v{s}}a and Leal-Taix{\'e}, Laura and Ramanan, Deva},
  booktitle={Proceedings of the IEEE/CVF Conference on Computer Vision and Pattern Recognition},
  pages={17202--17211},
  year={2022}
}

@inproceedings{guo2022end,
  title={End-to-end trajectory distribution prediction based on occupancy grid maps},
  author={Guo, Ke and Liu, Wenxi and Pan, Jia},
  booktitle={Proceedings of the IEEE/CVF Conference on Computer Vision and Pattern Recognition},
  pages={2242--2251},
  year={2022}
}

@inproceedings{casas2021mp3,
  title={Mp3: A unified model to map, perceive, predict and plan},
  author={Casas, Sergio and Sadat, Abbas and Urtasun, Raquel},
  booktitle={Proceedings of the IEEE/CVF Conference on Computer Vision and Pattern Recognition},
  pages={14403--14412},
  year={2021}
}

@article{laugier2011probabilistic,
  title={Probabilistic analysis of dynamic scenes and collision risks assessment to improve driving safety},
  author={Laugier, Christian and Paromtchik, Igor E and Perrollaz, Mathias and Yong, Mao and Yoder, John-David and Tay, Christopher and Mekhnacha, Kamel and N{\`e}gre, Amaury},
  journal={IEEE Intelligent Transportation Systems Magazine},
  volume={3},
  number={4},
  pages={4--19},
  year={2011},
  publisher={IEEE}
}

@inproceedings{kumar2013learning,
  title={Learning-based approach for online lane change intention prediction},
  author={Kumar, Puneet and Perrollaz, Mathias and Lefevre, St{\'e}phanie and Laugier, Christian},
  booktitle={2013 IEEE Intelligent Vehicles Symposium (IV)},
  pages={797--802},
  year={2013},
  organization={IEEE}
}

@book{koller2009probabilistic,
  title={Probabilistic graphical models: principles and techniques},
  author={Koller, Daphne and Friedman, Nir},
  year={2009},
  publisher={MIT press}
}

@inproceedings{he2019probabilistic,
  title={Probabilistic intention prediction and trajectory generation based on dynamic bayesian networks},
  author={He, Ganglei and Li, Xin and Lv, Ying and Gao, Bingzhao and Chen, Hong},
  booktitle={2019 Chinese Automation Congress (CAC)},
  pages={2646--2651},
  year={2019},
  organization={IEEE}
}

@article{li2020pedestrian,
  title={Pedestrian trajectory prediction combining probabilistic reasoning and sequence learning},
  author={Li, Yang and Lu, Xiao-Yun and Wang, Jianqiang and Li, Keqiang},
  journal={IEEE Transactions on Intelligent Vehicles},
  volume={5},
  number={3},
  pages={461--474},
  year={2020},
  publisher={IEEE}
}

@article{li2019dynamic,
  title={A dynamic Bayesian network for vehicle maneuver prediction in highway driving scenarios: Framework and verification},
  author={Li, Junxiang and Dai, Bin and Li, Xiaohui and Xu, Xin and Liu, Daxue},
  journal={Electronics},
  volume={8},
  number={1},
  pages={40},
  year={2019},
  publisher={MDPI}
}

@article{tang2023trajectory,
  title={Trajectory prediction for autonomous driving based on multiscale spatial-temporal graph},
  author={Tang, Luqi and Yan, Fuwu and Zou, Bin and Li, Wenbo and Lv, Chen and Wang, Kewei},
  journal={IET Intelligent Transport Systems},
  volume={17},
  number={2},
  pages={386--399},
  year={2023},
  publisher={Wiley Online Library}
}

@inproceedings{gu2022stochastic,
  title={Stochastic trajectory prediction via motion indeterminacy diffusion},
  author={Gu, Tianpei and Chen, Guangyi and Li, Junlong and Lin, Chunze and Rao, Yongming and Zhou, Jie and Lu, Jiwen},
  booktitle={Proceedings of the IEEE/CVF Conference on Computer Vision and Pattern Recognition},
  pages={17113--17122},
  year={2022}
}

@inproceedings{sadeghian2019sophie,
  title={Sophie: An attentive gan for predicting paths compliant to social and physical constraints},
  author={Sadeghian, Amir and Kosaraju, Vineet and Sadeghian, Ali and Hirose, Noriaki and Rezatofighi, Hamid and Savarese, Silvio},
  booktitle={Proceedings of the IEEE/CVF conference on computer vision and pattern recognition},
  pages={1349--1358},
  year={2019}
}

@article{zhang2023obstacle,
  title={Obstacle-transformer: A trajectory prediction network based on surrounding trajectories},
  author={Zhang, Wendong and Chai, Qingjie and Zhang, Quanqi and Wu, Chengwei},
  journal={IET Cyber-Systems and Robotics},
  volume={5},
  number={1},
  pages={e12066},
  year={2023},
  publisher={Wiley Online Library}
}

@article{koo2022precise,
  title={Precise Camera--LiDAR extrinsic calibration based on a weighting strategy using analytic plane covariances},
  author={Koo, Gunhee and Kang, Jaehyeon and Jang, Bumchul and Doh, Nakju},
  journal={IEEE Transactions on Instrumentation and Measurement},
  volume={71},
  pages={1--13},
  year={2022},
  publisher={IEEE}
}

@article{li2022accurate,
  title={Accurate and automatic extrinsic calibration for a monocular camera and heterogenous 3D LiDARs},
  author={Li, Xingxing and He, Feiyang and Li, Shengyu and Zhou, Yuxuan and Xia, Chunxi and Wang, Xuanbin},
  journal={IEEE Sensors Journal},
  volume={22},
  number={16},
  pages={16472--16480},
  year={2022},
  publisher={IEEE}
}
@inproceedings{huang2024novel,
  title={A novel, efficient and accurate method for lidar camera calibration},
  author={Huang, Zhanhong and Zhang, Xiao and Garcia, Antony and Huang, Xinming},
  booktitle={2024 IEEE International Conference on Robotics and Automation (ICRA)},
  pages={14513--14519},
  year={2024},
  organization={IEEE}
}

@article{itami2020improved,
  title={An improved method for the calibration of a 2-D LiDAR with respect to a camera by using a checkerboard target},
  author={Itami, Fumio and Yamazaki, Takaharu},
  journal={IEEE Sensors Journal},
  volume={20},
  number={14},
  pages={7906--7917},
  year={2020},
  publisher={IEEE}
}
@inproceedings{toth2020automatic,
  title={Automatic LiDAR-camera calibration of extrinsic parameters using a spherical target},
  author={T{\'o}th, Tekla and Pusztai, Zolt{\'a}n and Hajder, Levente},
  booktitle={2020 IEEE International Conference on Robotics and Automation (ICRA)},
  pages={8580--8586},
  year={2020},
  organization={IEEE}
}
@inproceedings{verma2019automatic,
  title={Automatic extrinsic calibration between a camera and a 3D Lidar using 3D point and plane correspondences},
  author={Verma, Surabhi and Berrio, Julie Stephany and Worrall, Stewart and Nebot, Eduardo},
  booktitle={2019 IEEE Intelligent Transportation Systems Conference (ITSC)},
  pages={3906--3912},
  year={2019},
  organization={IEEE}
}

@book{szeliski2022computer,
  title={Computer vision: algorithms and applications},
  author={Szeliski, Richard},
  year={2022},
  publisher={Springer Nature}
}

@article{dubrofsky2009homography,
  title={Homography estimation},
  author={Dubrofsky, Elan},
  journal={Diplomov{\'a} pr{\'a}ce. Vancouver: Univerzita Britsk{\'e} Kolumbie},
  volume={5},
  year={2009}
}

@book{hartley2003multiple,
  title={Multiple view geometry in computer vision},
  author={Hartley, Richard and Zisserman, Andrew},
  year={2003},
  publisher={Cambridge university press}
}
@article{besser2017greedy,
  title={Greedy matching: Guarantees and limitations},
  author={Besser, Bert and Poloczek, Matthias},
  journal={Algorithmica},
  volume={77},
  number={1},
  pages={201--234},
  year={2017},
  publisher={Springer}
}
