@ARTICLE{10171397,
  author={Xing, Yinghui and Wu, Qirui and Cheng, De and Zhang, Shizhou and Liang, Guoqiang and Wang, Peng and Zhang, Yanning},
  journal={IEEE Transactions on Multimedia}, 
  title={Dual Modality Prompt Tuning for Vision-Language Pre-Trained Model}, 
  year={2024},
  volume={26},
  number={},
  pages={2056-2068},
  keywords={Visualization;Tuning;Task analysis;Adaptation models;Computational modeling;Feature extraction;Training;Few-shot learning;transfer learning;image classification;prompt tuning;vision-language model},
  doi={10.1109/TMM.2023.3291588}}

@ARTICLE{10814093,
  author={Zhang, Wenyao and Wu, Letian and Zhang, Zequn and Yu, Tao and Ma, Chao and Jin, Xin and Yang, Xiaokang and Zeng, Wenjun},
  journal={IEEE Transactions on Multimedia}, 
  title={Unleash the Power of Vision-Language Models by Visual Attention Prompt and Multi-modal Interaction}, 
  year={2024},
  volume={},
  number={},
  pages={1-13},
  keywords={Visualization;Adaptation models;Tuning;Training;Electronic mail;Computational modeling;Tail;Pipelines;Overfitting;Nose;Vision-language models;Prompt learning;Attention;Multimodal interaction},
  doi={10.1109/TMM.2024.3521785}}

@article{alayrac2022flamingo,
  title={Flamingo: a visual language model for few-shot learning},
  author={Alayrac, Jean-Baptiste and Donahue, Jeff and Luc, Pauline and Miech, Antoine and Barr, Iain and Hasson, Yana and Lenc, Karel and Mensch, Arthur and Millican, Katherine and Reynolds, Malcolm and others},
  journal={Advances in neural information processing systems},
  volume={35},
  pages={23716--23736},
  year={2022}
}

@article{boschini2022class,
  title={Class-incremental continual learning into the extended der-verse},
  author={Boschini, Matteo and Bonicelli, Lorenzo and Buzzega, Pietro and Porrello, Angelo and Calderara, Simone},
  journal={IEEE transactions on pattern analysis and machine intelligence},
  volume={45},
  number={5},
  pages={5497--5512},
  year={2022},
  publisher={IEEE}
}

@inproceedings{douillard2020podnet,
  title={Podnet: Pooled outputs distillation for small-tasks incremental learning},
  author={Douillard, Arthur and Cord, Matthieu and Ollion, Charles and Robert, Thomas and Valle, Eduardo},
  booktitle={Computer vision--ECCV 2020: 16th European conference, Glasgow, UK, August 23--28, 2020, proceedings, part XX 16},
  pages={86--102},
  year={2020},
  organization={Springer}
}

@article{gao2022pyramidclip,
  title={Pyramidclip: Hierarchical feature alignment for vision-language model pretraining},
  author={Gao, Yuting and Liu, Jinfeng and Xu, Zihan and Zhang, Jun and Li, Ke and Ji, Rongrong and Shen, Chunhua},
  journal={Advances in neural information processing systems},
  volume={35},
  pages={35959--35970},
  year={2022}
}

@inproceedings{gao2024consistent,
  title={Consistent Prompting for Rehearsal-Free Continual Learning},
  author={Gao, Zhanxin and Cen, Jun and Chang, Xiaobin},
  booktitle={Proceedings of the IEEE/CVF Conference on Computer Vision and Pattern Recognition},
  pages={28463--28473},
  year={2024}
}

@inproceedings{jia2021scaling,
  title={Scaling up visual and vision-language representation learning with noisy text supervision},
  author={Jia, Chao and Yang, Yinfei and Xia, Ye and Chen, Yi-Ting and Parekh, Zarana and Pham, Hieu and Le, Quoc and Sung, Yun-Hsuan and Li, Zhen and Duerig, Tom},
  booktitle={International conference on machine learning},
  pages={4904--4916},
  year={2021},
  organization={PMLR}
}

@inproceedings{kirillov2023segment,
  title={Segment anything},
  author={Kirillov, Alexander and Mintun, Eric and Ravi, Nikhila and Mao, Hanzi and Rolland, Chloe and Gustafson, Laura and Xiao, Tete and Whitehead, Spencer and Berg, Alexander C and Lo, Wan-Yen and others},
  booktitle={Proceedings of the IEEE/CVF International Conference on Computer Vision},
  pages={4015--4026},
  year={2023}
}

@article{kirkpatrick2017overcoming,
  title={Overcoming catastrophic forgetting in neural networks},
  author={Kirkpatrick, James and Pascanu, Razvan and Rabinowitz, Neil and Veness, Joel and Desjardins, Guillaume and Rusu, Andrei A and Milan, Kieran and Quan, John and Ramalho, Tiago and Grabska-Barwinska, Agnieszka and others},
  journal={Proceedings of the national academy of sciences},
  volume={114},
  number={13},
  pages={3521--3526},
  year={2017},
  publisher={National Acad Sciences}
}

@inproceedings{konishi2023parameter,
  title={Parameter-level soft-masking for continual learning},
  author={Konishi, Tatsuya and Kurokawa, Mori and Ono, Chihiro and Ke, Zixuan and Kim, Gyuhak and Liu, Bing},
  booktitle={International Conference on Machine Learning},
  pages={17492--17505},
  year={2023},
  organization={PMLR}
}

@article{li2017learning,
  title={Learning without forgetting},
  author={Li, Zhizhong and Hoiem, Derek},
  journal={IEEE transactions on pattern analysis and machine intelligence},
  volume={40},
  number={12},
  pages={2935--2947},
  year={2017},
  publisher={IEEE}
}

@inproceedings{li2022blip,
  title={Blip: Bootstrapping language-image pre-training for unified vision-language understanding and generation},
  author={Li, Junnan and Li, Dongxu and Xiong, Caiming and Hoi, Steven},
  booktitle={International conference on machine learning},
  pages={12888--12900},
  year={2022},
  organization={PMLR}
}

@article{li2024graphadapter,
  title={Graphadapter: Tuning vision-language models with dual knowledge graph},
  author={Li, Xin and Lian, Dongze and Lu, Zhihe and Bai, Jiawang and Chen, Zhibo and Wang, Xinchao},
  journal={Advances in Neural Information Processing Systems},
  volume={36},
  year={2024}
}

@article{luo2024cheap,
  title={Cheap and quick: Efficient vision-language instruction tuning for large language models},
  author={Luo, Gen and Zhou, Yiyi and Ren, Tianhe and Chen, Shengxin and Sun, Xiaoshuai and Ji, Rongrong},
  journal={Advances in Neural Information Processing Systems},
  volume={36},
  year={2024}
}

@misc{openai2023gpt4,
  title={GPT-4 Technical Report},
  author={OpenAI},
  year={2023},
  url={https://openai.com/research/gpt-4}
}

@article{pantazis2022svl,
  title={Svl-adapter: Self-supervised adapter for vision-language pretrained models},
  author={Pantazis, Omiros and Brostow, Gabriel and Jones, Kate and Mac Aodha, Oisin},
  journal={arXiv preprint arXiv:2210.03794},
  year={2022}
}

@inproceedings{petit2023fetril,
  title={Fetril: Feature translation for exemplar-free class-incremental learning},
  author={Petit, Gr{\'e}goire and Popescu, Adrian and Schindler, Hugo and Picard, David and Delezoide, Bertrand},
  booktitle={Proceedings of the IEEE/CVF winter conference on applications of computer vision},
  pages={3911--3920},
  year={2023}
}

@inproceedings{radford2021learning,
  title={Learning transferable visual models from natural language supervision},
  author={Radford, Alec and Kim, Jong Wook and Hallacy, Chris and Ramesh, Aditya and Goh, Gabriel and Agarwal, Sandhini and Sastry, Girish and Askell, Amanda and Mishkin, Pamela and Clark, Jack and others},
  booktitle={International conference on machine learning},
  pages={8748--8763},
  year={2021},
  organization={PMLR}
}

@inproceedings{rebuffi2017icarl,
  title={icarl: Incremental classifier and representation learning},
  author={Rebuffi, Sylvestre-Alvise and Kolesnikov, Alexander and Sperl, Georg and Lampert, Christoph H},
  booktitle={Proceedings of the IEEE conference on Computer Vision and Pattern Recognition},
  pages={2001--2010},
  year={2017}
}

@inproceedings{smith2023coda,
  title={Coda-prompt: Continual decomposed attention-based prompting for rehearsal-free continual learning},
  author={Smith, James Seale and Karlinsky, Leonid and Gutta, Vyshnavi and Cascante-Bonilla, Paola and Kim, Donghyun and Arbelle, Assaf and Panda, Rameswar and Feris, Rogerio and Kira, Zsolt},
  booktitle={Proceedings of the IEEE/CVF Conference on Computer Vision and Pattern Recognition},
  pages={11909--11919},
  year={2023}
}

@inproceedings{wang2022anti,
  title={Anti-retroactive interference for lifelong learning},
  author={Wang, Runqi and Bao, Yuxiang and Zhang, Baochang and Liu, Jianzhuang and Zhu, Wentao and Guo, Guodong},
  booktitle={European Conference on Computer Vision},
  pages={163--178},
  year={2022},
  organization={Springer}
}

@inproceedings{wang2022dualprompt,
  title={Dualprompt: Complementary prompting for rehearsal-free continual learning},
  author={Wang, Zifeng and Zhang, Zizhao and Ebrahimi, Sayna and Sun, Ruoxi and Zhang, Han and Lee, Chen-Yu and Ren, Xiaoqi and Su, Guolong and Perot, Vincent and Dy, Jennifer and others},
  booktitle={European Conference on Computer Vision},
  pages={631--648},
  year={2022},
  organization={Springer}
}

@inproceedings{wang2022foster,
  title={Foster: Feature boosting and compression for class-incremental learning},
  author={Wang, Fu-Yun and Zhou, Da-Wei and Ye, Han-Jia and Zhan, De-Chuan},
  booktitle={European conference on computer vision},
  pages={398--414},
  year={2022},
  organization={Springer}
}

@inproceedings{wang2022learning,
  title={Learning to prompt for continual learning},
  author={Wang, Zifeng and Zhang, Zizhao and Lee, Chen-Yu and Zhang, Han and Sun, Ruoxi and Ren, Xiaoqi and Su, Guolong and Perot, Vincent and Dy, Jennifer and Pfister, Tomas},
  booktitle={Proceedings of the IEEE/CVF conference on computer vision and pattern recognition},
  pages={139--149},
  year={2022}
}

@article{wang2022sparcl,
  title={Sparcl: Sparse continual learning on the edge},
  author={Wang, Zifeng and Zhan, Zheng and Gong, Yifan and Yuan, Geng and Niu, Wei and Jian, Tong and Ren, Bin and Ioannidis, Stratis and Wang, Yanzhi and Dy, Jennifer},
  journal={Advances in Neural Information Processing Systems},
  volume={35},
  pages={20366--20380},
  year={2022}
}

@inproceedings{wang2023attriclip,
  title={Attriclip: A non-incremental learner for incremental knowledge learning},
  author={Wang, Runqi and Duan, Xiaoyue and Kang, Guoliang and Liu, Jianzhuang and Lin, Shaohui and Xu, Songcen and L{\"u}, Jinhu and Zhang, Baochang},
  booktitle={Proceedings of the IEEE/CVF Conference on Computer Vision and Pattern Recognition},
  pages={3654--3663},
  year={2023}
}

@article{wu2024transferring,
  title={Transferring vision-language models for visual recognition: A classifier perspective},
  author={Wu, Wenhao and Sun, Zhun and Song, Yuxin and Wang, Jingdong and Ouyang, Wanli},
  journal={International Journal of Computer Vision},
  volume={132},
  number={2},
  pages={392--409},
  year={2024},
  publisher={Springer}
}

@inproceedings{xin2024vmt,
  title={Vmt-adapter: Parameter-efficient transfer learning for multi-task dense scene understanding},
  author={Xin, Yi and Du, Junlong and Wang, Qiang and Lin, Zhiwen and Yan, Ke},
  booktitle={Proceedings of the AAAI Conference on Artificial Intelligence},
  volume={38},
  number={14},
  pages={16085--16093},
  year={2024}
}

@inproceedings{yan2021dynamically,
  title={Der: Dynamically expandable representation for class incremental learning},
  author={Yan, Shipeng and Xie, Jiangwei and He, Xuming},
  booktitle={Proceedings of the IEEE/CVF conference on computer vision and pattern recognition},
  pages={3014--3023},
  year={2021}
}

@inproceedings{yao2023visual,
  title={Visual-language prompt tuning with knowledge-guided context optimization},
  author={Yao, Hantao and Zhang, Rui and Xu, Changsheng},
  booktitle={Proceedings of the IEEE/CVF conference on computer vision and pattern recognition},
  pages={6757--6767},
  year={2023}
}

@inproceedings{yao2024tcp,
  title={TCP: Textual-based Class-aware Prompt tuning for Visual-Language Model},
  author={Yao, Hantao and Zhang, Rui and Xu, Changsheng},
  booktitle={Proceedings of the IEEE/CVF Conference on Computer Vision and Pattern Recognition},
  pages={23438--23448},
  year={2024}
}

@inproceedings{yu2024boosting,
  title={Boosting continual learning of vision-language models via mixture-of-experts adapters},
  author={Yu, Jiazuo and Zhuge, Yunzhi and Zhang, Lu and Hu, Ping and Wang, Dong and Lu, Huchuan and He, You},
  booktitle={Proceedings of the IEEE/CVF Conference on Computer Vision and Pattern Recognition},
  pages={23219--23230},
  year={2024}
}

@inproceedings{yu2025select,
  title={Select and distill: Selective dual-teacher knowledge transfer for continual learning on vision-language models},
  author={Yu, Yu-Chu and Huang, Chi-Pin and Chen, Jr-Jen and Chang, Kai-Po and Lai, Yung-Hsuan and Yang, Fu-En and Wang, Yu-Chiang Frank},
  booktitle={European Conference on Computer Vision},
  pages={219--236},
  year={2025},
  organization={Springer}
}

@inproceedings{zhang2024concept,
  title={Concept-Guided Prompt Learning for Generalization in Vision-Language Models},
  author={Zhang, Yi and Zhang, Ce and Yu, Ke and Tang, Yushun and He, Zhihai},
  booktitle={Proceedings of the AAAI Conference on Artificial Intelligence},
  volume={38},
  number={7},
  pages={7377--7386},
  year={2024}
}

@inproceedings{zhang2024overcoming,
  title={Overcoming Generic Knowledge Loss with Selective Parameter Update},
  author={Zhang, Wenxuan and Janson, Paul and Aljundi, Rahaf and Elhoseiny, Mohamed},
  booktitle={Proceedings of the IEEE/CVF Conference on Computer Vision and Pattern Recognition},
  pages={24046--24056},
  year={2024}
}

@inproceedings{zheng2023preventing,
  title={Preventing zero-shot transfer degradation in continual learning of vision-language models},
  author={Zheng, Zangwei and Ma, Mingyuan and Wang, Kai and Qin, Ziheng and Yue, Xiangyu and You, Yang},
  booktitle={Proceedings of the IEEE/CVF International Conference on Computer Vision},
  pages={19125--19136},
  year={2023}
}

@inproceedings{zhou2022conditional,
  title={Conditional prompt learning for vision-language models},
  author={Zhou, Kaiyang and Yang, Jingkang and Loy, Chen Change and Liu, Ziwei},
  booktitle={Proceedings of the IEEE/CVF conference on computer vision and pattern recognition},
  pages={16816--16825},
  year={2022}
}

@article{zhou2022learning,
  title={Learning to prompt for vision-language models},
  author={Zhou, Kaiyang and Yang, Jingkang and Loy, Chen Change and Liu, Ziwei},
  journal={International Journal of Computer Vision},
  volume={130},
  number={9},
  pages={2337--2348},
  year={2022},
  publisher={Springer}
}

@article{zhou2022model,
  title={A model or 603 exemplars: Towards memory-efficient class-incremental learning},
  author={Zhou, Da-Wei and Wang, Qi-Wei and Ye, Han-Jia and Zhan, De-Chuan},
  journal={arXiv preprint arXiv:2205.13218},
  year={2022}
}

@article{zhou2023revisiting,
  title={Revisiting class-incremental learning with pre-trained models: Generalizability and adaptivity are all you need},
  author={Zhou, Da-Wei and Cai, Zi-Wen and Ye, Han-Jia and Zhan, De-Chuan and Liu, Ziwei},
  journal={arXiv preprint arXiv:2303.07338},
  year={2023}
}

@inproceedings{zhou2024expandable,
  title={Expandable subspace ensemble for pre-trained model-based class-incremental learning},
  author={Zhou, Da-Wei and Sun, Hai-Long and Ye, Han-Jia and Zhan, De-Chuan},
  booktitle={Proceedings of the IEEE/CVF Conference on Computer Vision and Pattern Recognition},
  pages={23554--23564},
  year={2024}
}

@article{zhu2021class,
  title={Class-incremental learning via dual augmentation},
  author={Zhu, Fei and Cheng, Zhen and Zhang, Xu-Yao and Liu, Cheng-lin},
  journal={Advances in Neural Information Processing Systems},
  volume={34},
  pages={14306--14318},
  year={2021}
}

@inproceedings{zhu2021prototype,
  title={Prototype augmentation and self-supervision for incremental learning},
  author={Zhu, Fei and Zhang, Xu-Yao and Wang, Chuang and Yin, Fei and Liu, Cheng-Lin},
  booktitle={Proceedings of the IEEE/CVF Conference on Computer Vision and Pattern Recognition},
  pages={5871--5880},
  year={2021}
}

