@inproceedings{Ahmaditeshizi24,
  title={OptiMUS: Scalable Optimization Modeling with (MI) LP Solvers and Large Language Models},
  author={AhmadiTeshnizi, Ali and Gao, Wenzhi and Udell, Madeleine},
  booktitle={Forty-first International Conference on Machine Learning}
}

@book{Applegate06,
  title={The traveling salesman problem: a computational study},
  author={Cook, William J and Applegate, David L and Bixby, Robert E and Chvatal, Vasek},
  year={2011},
  publisher={Princeton university press}
}

@book{Kellerer04,
  title={Knapsack problems},
  author={Pisinger, David and Toth, Paolo},
  journal={Handbook of Combinatorial Optimization: Volume1--3},
  pages={299--428},
  year={1998},
  publisher={Springer}
}

@article{ahmed24,
  title={LM4OPT: Unveiling the potential of Large Language Models in formulating mathematical optimization problems},
  author={Ahmed, Tasnim and Choudhury, Salimur},
  journal={INFOR: Information Systems and Operational Research},
  volume={62},
  number={4},
  pages={559--572},
  year={2024},
  publisher={Taylor \& Francis}
}

@article{chen2023diagnosing,
  title={Diagnosing Infeasible Optimization Problems Using Large Language Models},
  author={Chen, Hao and Constante-Flores, Gonzalo E and Li, Can},
  journal={arXiv preprint arXiv:2308.12923},
  year={2023}
}

@article{huang2024large,
  title={When Large Language Model Meets Optimization},
  author={Huang, Sen and Yang, Kaixiang and Qi, Sheng and Wang, Rui},
  journal={arXiv preprint arXiv:2405.10098},
  year={2024}
}

@article{huang24,
  title={Mamo: a Mathematical Modeling Benchmark with Solvers},
  author={Huang, Xuhan and Shen, Qingning and Hu, Yan and Gao, Anningzhe and Wang, Benyou},
  journal={arXiv preprint arXiv:2405.13144},
  year={2024}
}

@article{kadiouglu24,
  title={Ner4Opt: named entity recognition for optimization modelling from natural language},
  author={Kad{\i}o{\u{g}}lu, Serdar and Pravin Dakle, Parag and Uppuluri, Karthik and Politi, Regina and Raghavan, Preethi and Rallabandi, SaiKrishna and Srinivasamurthy, Ravisutha},
  journal={Constraints},
  volume={29},
  number={3},
  pages={261--299},
  year={2024},
  publisher={Springer}
}

@article{lawless2024llms,
  title={LLMs for Cold-Start Cutting Plane Separator Configuration},
  author={Lawless, Connor and Li, Yingxi and Wikum, Anders and Udell, Madeleine and Vitercik, Ellen},
  journal={arXiv preprint arXiv:2412.12038},
  year={2024}
}

@article{lawless2024want,
  title={“I Want It That Way”: Enabling Interactive Decision Support Using Large Language Models and Constraint Programming},
  author={Lawless, Connor and Schoeffer, Jakob and Le, Lindy and Rowan, Kael and Sen, Shilad and St. Hill, Cristina and Suh, Jina and Sarrafzadeh, Bahareh},
  journal={ACM Transactions on Interactive Intelligent Systems},
  volume={14},
  number={3},
  pages={1--33},
  year={2024},
  publisher={ACM New York, NY}
}

@article{li2023large,
  title={Large language models for supply chain optimization},
  author={Li, Beibin and Mellou, Konstantina and Zhang, Bo and Pathuri, Jeevan and Menache, Ishai},
  journal={arXiv preprint arXiv:2307.03875},
  year={2023}
}

@article{li23,
  title={Synthesizing mixed-integer linear programming models from natural language descriptions},
  author={Li, Qingyang and Zhang, Lele and Mak-Hau, Vicky},
  journal={arXiv preprint arXiv:2311.15271},
  year={2023}
}

@article{mostajabdaveh24,
  title={Optimization modeling and verification from problem specifications using a multi-agent multi-stage LLM framework},
  author={Mostajabdaveh, Mahdi and Yu, Timothy T and Ramamonjison, Rindranirina and Carenini, Giuseppe and Zhou, Zirui and Zhang, Yong},
  journal={INFOR: Information Systems and Operational Research},
  volume={62},
  number={4},
  pages={599--617},
  year={2024},
  publisher={Taylor \& Francis}
}

@inproceedings{ramamonjison23,
  title={Nl4opt competition: Formulating optimization problems based on their natural language descriptions},
  author={Ramamonjison, Rindranirina and Yu, Timothy and Li, Raymond and Li, Haley and Carenini, Giuseppe and Ghaddar, Bissan and He, Shiqi and Mostajabdaveh, Mahdi and Banitalebi-Dehkordi, Amin and Zhou, Zirui and others},
  booktitle={NeurIPS 2022 Competition Track},
  pages={189--203},
  year={2023},
  organization={PMLR}
}

@article{steever22,
  author={Steever, Zachary and Murray, Chase and Yuan, Junsong and Karwan, Mark and L{\"u}bbecke, Marco},
  title={An image-based approach to detecting structural similarity among mixed integer programs},
  journal={INFORMS Journal on Computing},
  volume={34},
  number={4},
  pages={1849--1870},
  year={2022},
  publisher={INFORMS}
}

@article{tang24,
  title={ORLM: Training Large Language Models for Optimization Modeling},
  author={Tang, Zhengyang and Huang, Chenyu and Zheng, Xin and Hu, Shixi and Wang, Zizhuo and Ge, Dongdong and Wang, Benyou},
  journal={arXiv preprint arXiv:2405.17743},
  year={2024}
}

@article{wang24,
  title={OptiBench: Benchmarking Large Language Models in Optimization Modeling with Equivalence-Detection Evaluation},
  author={Wang, Zhuohan and Zhu, Ziwei and Han, Yizhou and Lin, Yufeng and Lin, Zhihang and Sun, Ruoyu and Ding, Tian}
}

@inproceedings{xiao24,
  title={Chain-of-Experts: When LLMs Meet Complex Operations Research Problems},
  author={Xiao, Ziyang and Zhang, Dongxiang and Wu, Yangjun and Xu, Lilin and Wang, Yuan Jessica and Han, Xiongwei and Fu, Xiaojin and Zhong, Tao and Zeng, Jia and Song, Mingli and others},
  booktitle={The Twelfth International Conference on Learning Representations},
  year={2023}
}

@inproceedings{xing24,
  title={Towards Human-aligned Evaluation for Linear Programming Word Problems},
  author={Xing, Linzi and Wang, Xinglu and Feng, Yuxi and Fan, Zhenan and Xiong, Jing and Guo, Zhijiang and Fu, Xiaojin and Ramamonjison, Rindra and Mostajabdaveh, Mahdi and Han, Xiongwei and others},
  booktitle={Proceedings of the 2024 Joint International Conference on Computational Linguistics, Language Resources and Evaluation (LREC-COLING 2024)},
  pages={16550--16556},
  year={2024}
}

@article{yang2024optibench,
  title={OptiBench meets ReSocratic: Measure and improve LLMs for optimization modeling},
  author={Yang, Zhicheng and Wang, Yiwei and Huang, Yinya and Guo, Zhijiang and Shi, Wei and Han, Xiongwei and Feng, Liang and Song, Linqi and Liang, Xiaodan and Tang, Jing},
  journal={arXiv preprint arXiv:2407.09887},
  year={2024}
}

@article{yu24,
  title={Deep Insights into Automated Optimization with Large Language Models and Evolutionary Algorithms},
  author={Yu, He and Liu, Jing},
  journal={arXiv preprint arXiv:2410.20848},
  year={2024}
}

