@book{karp10,
  title={Reducibility among combinatorial problems},
  author={Karp, Richard M},
  year={2010},
  publisher={Springer}
}

@article{Korte02,
  title={Shortest Paths},
  author={Korte, Bernhard and Vygen, Jens},
  journal={Combinatorial Optimization: Theory and Algorithms},
  pages={157--171},
  year={2012},
  publisher={Springer}
}

@Inbook{Schrijver83,
author="A. Schrijver",
editor="Bachem, Achim
and Korte, Bernhard
and Gr{\"o}tschel, Martin",
title="Min-Max Results in Combinatorial Optimization",
bookTitle="Mathematical Programming The State of the Art: Bonn 1982",
year="1983",
publisher="Springer Berlin Heidelberg",
address="Berlin, Heidelberg",
pages="439--500",
abstract="Often the optimum of a combinatorial optimization problem is characterized by a min-max relation, asserting that the maximum value in one combinatorial optimization problem is equal to the minimum value in some other optimization problem. One of the best-known examples is the max-flow min-cut theorem of Ford and Fulkerson [1956] and Elias, Feinstein and Shannon [1956]:"
}

@article{Elsken19,
  title={Neural architecture search: A survey},
  author={Elsken, Thomas and Metzen, Jan Hendrik and Hutter, Frank},
  journal={Journal of Machine Learning Research},
  volume={20},
  number={55},
  pages={1--21},
  year={2019}
}

@inproceedings{khadka24,
  title={A Combinatorial Approach to Hyperparameter Optimization},
  author={Khadka, Krishna and Chandrasekaran, Jaganmohan and Lei, Yu and Kacker, Raghu N and Kuhn, D Richard},
  booktitle={Proceedings of the IEEE/ACM 3rd International Conference on AI Engineering-Software Engineering for AI},
  pages={140--149},
  year={2024}
}

@inproceedings{cook71,
  title={The complexity of theorem-proving procedures},
  author={Cook, Stephen A},
  booktitle={Proceedings of the third annual ACM symposium on Theory of computing},
  pages={151--158},
  year={1971}
}

@article{johnson78,
  title={The complexity of the network design problem},
  author={Kan, AHG Rinnooy},
  journal={Networks},
  volume={8},
  number={4},
  pages={279--285},
  year={1978},
  publisher={Wiley Online Library}
}

@Article{fang23,
  title={Problems and Solution Methods of Machine Scheduling in Semiconductor Manufacturing Operations: A Survey},
  author={Fang, Jianxin and Cheang, Brenda and Lim, Andrew},
  journal={Sustainability},
  volume={15},
  number={17},
  pages={13012},
  year={2023},
  publisher={MDPI}
}

@inproceedings{xiao24,
  title={Chain-of-Experts: When LLMs Meet Complex Operations Research Problems},
  author={Xiao, Ziyang and Zhang, Dongxiang and Wu, Yangjun and Xu, Lilin and Wang, Yuan Jessica and Han, Xiongwei and Fu, Xiaojin and Zhong, Tao and Zeng, Jia and Song, Mingli and others},
  booktitle={The Twelfth International Conference on Learning Representations},
  year={2023}
}

Ahmaditeshizi24

@inproceedings{Ahmaditeshizi24,
  title={OptiMUS: Scalable Optimization Modeling with (MI) LP Solvers and Large Language Models},
  author={AhmadiTeshnizi, Ali and Gao, Wenzhi and Udell, Madeleine},
  booktitle={Forty-first International Conference on Machine Learning}
}


@inproceedings{ramamonjison23,
  title={Nl4opt competition: Formulating optimization problems based on their natural language descriptions},
  author={Ramamonjison, Rindranirina and Yu, Timothy and Li, Raymond and Li, Haley and Carenini, Giuseppe and Ghaddar, Bissan and He, Shiqi and Mostajabdaveh, Mahdi and Banitalebi-Dehkordi, Amin and Zhou, Zirui and others},
  booktitle={NeurIPS 2022 Competition Track},
  pages={189--203},
  year={2023},
  organization={PMLR}
}

@article{astorga24,
  title={Autoformulation of mathematical optimization models using LLMs},
  author={Astorga, Nicol{\'a}s and Liu, Tennison and Xiao, Yuanzhang and van der Schaar, Mihaela},
  journal={arXiv preprint arXiv:2411.01679},
  year={2024}
}


@article{huang24,
  title={Mamo: a Mathematical Modeling Benchmark with Solvers},
  author={Huang, Xuhan and Shen, Qingning and Hu, Yan and Gao, Anningzhe and Wang, Benyou},
  journal={arXiv preprint arXiv:2405.13144},
  year={2024}
}

@inproceedings{xing24,
  title={Towards Human-aligned Evaluation for Linear Programming Word Problems},
  author={Xing, Linzi and Wang, Xinglu and Feng, Yuxi and Fan, Zhenan and Xiong, Jing and Guo, Zhijiang and Fu, Xiaojin and Ramamonjison, Rindra and Mostajabdaveh, Mahdi and Han, Xiongwei and others},
  booktitle={Proceedings of the 2024 Joint International Conference on Computational Linguistics, Language Resources and Evaluation (LREC-COLING 2024)},
  pages={16550--16556},
  year={2024}
}


@article{wang24,
  title={OptiBench: Benchmarking Large Language Models in Optimization Modeling with Equivalence-Detection Evaluation},
  author={Wang, Zhuohan and Zhu, Ziwei and Han, Yizhou and Lin, Yufeng and Lin, Zhihang and Sun, Ruoyu and Ding, Tian}
}

@book{papadimitriou82,
  title={Combinatorial optimization: algorithms and complexity},
  author={Papadimitriou, Christos H and Steiglitz, Kenneth},
  year={1998},
  publisher={Courier Corporation}
}

@book{Kellerer04,
  title={Knapsack problems},
  author={Pisinger, David and Toth, Paolo},
  journal={Handbook of Combinatorial Optimization: Volume1--3},
  pages={299--428},
  year={1998},
  publisher={Springer}
}

@book{Applegate06,
  title={The traveling salesman problem: a computational study},
  author={Cook, William J and Applegate, David L and Bixby, Robert E and Chvatal, Vasek},
  year={2011},
  publisher={Princeton university press}
}

@misc{vaswani23,
      title={Attention Is All You Need}, 
      author={Ashish Vaswani and Noam Shazeer and Niki Parmar and Jakob Uszkoreit and Llion Jones and Aidan N. Gomez and Lukasz Kaiser and Illia Polosukhin},
      year={2023},
      eprint={1706.03762},
      archivePrefix={arXiv},
      primaryClass={cs.CL},
      url={https://arxiv.org/abs/1706.03762}, 
}


@article{tang24,
  title={ORLM: Training Large Language Models for Optimization Modeling},
  author={Tang, Zhengyang and Huang, Chenyu and Zheng, Xin and Hu, Shixi and Wang, Zizhuo and Ge, Dongdong and Wang, Benyou},
  journal={arXiv preprint arXiv:2405.17743},
  year={2024}
}

@article{steever22,
  author={Steever, Zachary and Murray, Chase and Yuan, Junsong and Karwan, Mark and L{\"u}bbecke, Marco},
  title={An image-based approach to detecting structural similarity among mixed integer programs},
  journal={INFORMS Journal on Computing},
  volume={34},
  number={4},
  pages={1849--1870},
  year={2022},
  publisher={INFORMS}
}

@misc{gurobi,
  author = {{Gurobi Optimization, LLC}},
  title = {{Gurobi Optimizer Reference Manual}},
  year = 2024,
  url = "https://www.gurobi.com"
}

@misc{ge24,
      title={Cardinal Optimizer (COPT) User Guide}, 
      author={Dongdong Ge and Qi Huangfu and Zizhuo Wang and Jian Wu and Yinyu Ye},
      year={2024},
      eprint={2208.14314},
      archivePrefix={arXiv},
      primaryClass={math.OC},
      url={https://arxiv.org/abs/2208.14314}, 
}

@inproceedings{chen23,
  title={On Representing Linear Programs by Graph Neural Networks},
  author={Chen, Ziang and Liu, Jialin and Wang, Xinshang and Yin, Wotao},
  booktitle={The Eleventh International Conference on Learning Representations}
}

@inproceedings{chen23_2,
  title={On Representing Mixed-Integer Linear Programs by Graph Neural Networks},
  author={Chen, Ziang and Liu, Jialin and Wang, Xinshang and Yin, Wotao},
  booktitle={The Eleventh International Conference on Learning Representations}
}

@article{douglas11,
  title={The weisfeiler-lehman method and graph isomorphism testing},
  author={Douglas, Brendan L},
  journal={arXiv preprint arXiv:1101.5211},
  year={2011}
}

@article{wasserkrug2024large,
  title={From Large Language Models and Optimization to Decision Optimization CoPilot: A Research Manifesto},
  author={Wasserkrug, Segev and Boussioux, Leonard and Hertog, Dick den and Mirzazadeh, Farzaneh and Birbil, Ilker and Kurtz, Jannis and Maragno, Donato},
  journal={arXiv preprint arXiv:2402.16269},
  year={2024}
}

@article{khalil17,
  title={Learning combinatorial optimization algorithms over graphs},
  author={Khalil, Elias and Dai, Hanjun and Zhang, Yuyu and Dilkina, Bistra and Song, Le},
  journal={Advances in neural information processing systems},
  volume={30},
  year={2017}
}

@article{gasse19,
  title={Exact combinatorial optimization with graph convolutional neural networks},
  author={Gasse, Maxime and Ch{\'e}telat, Didier and Ferroni, Nicola and Charlin, Laurent and Lodi, Andrea},
  journal={Advances in neural information processing systems},
  volume={32},
  year={2019}
}

@article{mostajabdaveh24,
  title={Optimization modeling and verification from problem specifications using a multi-agent multi-stage LLM framework},
  author={Mostajabdaveh, Mahdi and Yu, Timothy T and Ramamonjison, Rindranirina and Carenini, Giuseppe and Zhou, Zirui and Zhang, Yong},
  journal={INFOR: Information Systems and Operational Research},
  volume={62},
  number={4},
  pages={599--617},
  year={2024},
  publisher={Taylor \& Francis}
}

@article{ahmed24,
  title={LM4OPT: Unveiling the potential of Large Language Models in formulating mathematical optimization problems},
  author={Ahmed, Tasnim and Choudhury, Salimur},
  journal={INFOR: Information Systems and Operational Research},
  volume={62},
  number={4},
  pages={559--572},
  year={2024},
  publisher={Taylor \& Francis}
}

@article{li23,
  title={Synthesizing mixed-integer linear programming models from natural language descriptions},
  author={Li, Qingyang and Zhang, Lele and Mak-Hau, Vicky},
  journal={arXiv preprint arXiv:2311.15271},
  year={2023}
}

@article{yu24,
  title={Deep Insights into Automated Optimization with Large Language Models and Evolutionary Algorithms},
  author={Yu, He and Liu, Jing},
  journal={arXiv preprint arXiv:2410.20848},
  year={2024}
}

@article{huang2024large,
  title={When Large Language Model Meets Optimization},
  author={Huang, Sen and Yang, Kaixiang and Qi, Sheng and Wang, Rui},
  journal={arXiv preprint arXiv:2405.10098},
  year={2024}
}

@article{kadiouglu24,
  title={Ner4Opt: named entity recognition for optimization modelling from natural language},
  author={Kad{\i}o{\u{g}}lu, Serdar and Pravin Dakle, Parag and Uppuluri, Karthik and Politi, Regina and Raghavan, Preethi and Rallabandi, SaiKrishna and Srinivasamurthy, Ravisutha},
  journal={Constraints},
  volume={29},
  number={3},
  pages={261--299},
  year={2024},
  publisher={Springer}
}

@article{lawless2024llms,
  title={LLMs for Cold-Start Cutting Plane Separator Configuration},
  author={Lawless, Connor and Li, Yingxi and Wikum, Anders and Udell, Madeleine and Vitercik, Ellen},
  journal={arXiv preprint arXiv:2412.12038},
  year={2024}
}

@article{lawless2024want,
  title={“I Want It That Way”: Enabling Interactive Decision Support Using Large Language Models and Constraint Programming},
  author={Lawless, Connor and Schoeffer, Jakob and Le, Lindy and Rowan, Kael and Sen, Shilad and St. Hill, Cristina and Suh, Jina and Sarrafzadeh, Bahareh},
  journal={ACM Transactions on Interactive Intelligent Systems},
  volume={14},
  number={3},
  pages={1--33},
  year={2024},
  publisher={ACM New York, NY}
}

@article{wang2024efficient,
  title={Efficient evolutionary search over chemical space with large language models},
  author={Wang, Haorui and Skreta, Marta and Ser, Cher-Tian and Gao, Wenhao and Kong, Lingkai and Strieth-Kalthoff, Felix and Duan, Chenru and Zhuang, Yuchen and Yu, Yue and Zhu, Yanqiao and others},
  journal={arXiv preprint arXiv:2406.16976},
  year={2024}
}

@article{wang2024large,
  title={Large language models for base station siting: Intelligent deployment based on prompt or agent},
  author={Wang, Yanhu and Afzal, Muhammad Muzammil and Li, Zhengyang and Zhou, Jie and Feng, Chenyuan and Guo, Shuaishuai and Quek, Tony QS},
  journal={arXiv preprint arXiv:2408.03631},
  year={2024}
}

@article{zhou2024large,
  title={Large language model (llm) for telecommunications: A comprehensive survey on principles, key techniques, and opportunities},
  author={Zhou, Hao and Hu, Chengming and Yuan, Ye and Cui, Yufei and Jin, Yili and Chen, Can and Wu, Haolun and Yuan, Dun and Jiang, Li and Wu, Di and others},
  journal={arXiv preprint arXiv:2405.10825},
  year={2024}
}

@article{wang2024leveraging,
  title={Leveraging large language models for solving rare mip challenges},
  author={Wang, Teng and Yu, Wing-Yin and She, Ruifeng and Yang, Wenhan and Chen, Taijie and Zhang, Jianping},
  journal={arXiv preprint arXiv:2409.04464},
  year={2024}
}

@incollection{wasserkrug2024combining,
  title={Combining Large Language Models and OR/MS to Make Smarter Decisions},
  author={Wasserkrug, Segev and Boussioux, L{\'e}onard and Sun, Wei},
  booktitle={Tutorials in Operations Research: Smarter Decisions for a Better World},
  pages={1--49},
  year={2024},
  publisher={INFORMS}
}

@article{duran2024planning,
  title={Planning and scheduling shared manufacturing systems: key characteristics, current developments and future trends},
  author={Duran, Ege and Ozturk, Cemalettin and O'Sullivan, Barry},
  journal={International Journal of Production Research},
  pages={1--33},
  year={2024},
  publisher={Taylor \& Francis}
}

@article{ghiani2024integrating,
  title={Integrating Large Language Models and Optimization in Semi-Structured Decision Making: Methodology and a Case Study},
  author={Ghiani, Gianpaolo and Solazzo, Gianluca and Elia, Gianluca},
  journal={Algorithms},
  volume={17},
  number={12},
  pages={582},
  year={2024},
  publisher={MDPI AG}
}

@article{yu2024autornet,
  title={AutoRNet: Automatically Optimizing Heuristics for Robust Network Design via Large Language Models},
  author={Yu, He and Liu, Jing},
  journal={arXiv preprint arXiv:2410.17656},
  year={2024}
}

@article{takahashi2024evaluation,
  title={Evaluation of Integer Programming Solvers to Improve the Efficiency of Individual Work Planning},
  author={Takahashi, Keiichi},
  journal={Open Journal of Modelling and Simulation},
  volume={13},
  number={1},
  pages={51--64},
  year={2024},
  publisher={Scientific Research Publishing}
}

@article{udell2024ai,
  title={AI and the future of optimization modeling},
  author={Udell, Madeleine and AhmadiTeshnizi, Ali and Gao, Wenzhi and Lawless, Connor and Brunborg, Herman and Talaei, Shayan},
  year={2024}
}

@article{yang2024optibench,
  title={OptiBench meets ReSocratic: Measure and improve LLMs for optimization modeling},
  author={Yang, Zhicheng and Wang, Yiwei and Huang, Yinya and Guo, Zhijiang and Shi, Wei and Han, Xiongwei and Feng, Liang and Song, Linqi and Liang, Xiaodan and Tang, Jing},
  journal={arXiv preprint arXiv:2407.09887},
  year={2024}
}

@article{li2023large,
  title={Large language models for supply chain optimization},
  author={Li, Beibin and Mellou, Konstantina and Zhang, Bo and Pathuri, Jeevan and Menache, Ishai},
  journal={arXiv preprint arXiv:2307.03875},
  year={2023}
}
@article{chen2023diagnosing,
  title={Diagnosing Infeasible Optimization Problems Using Large Language Models},
  author={Chen, Hao and Constante-Flores, Gonzalo E and Li, Can},
  journal={arXiv preprint arXiv:2308.12923},
  year={2023}
}

@book{IPref,
	author    = {	Michele Conforti and Gerard Cornuejols and	Giacomo Zambelli},
	title     = {Integer programming},
	publisher = {Springer},
	year      = {2014},
}

@article{achiam2023gpt,
  title={{GPT}-4 technical report},
  author={Achiam, Josh and Adler, Steven and Agarwal, Sandhini and Ahmad, Lama and Akkaya, Ilge and Aleman, Florencia Leoni and Almeida, Diogo and Altenschmidt, Janko and Altman, Sam and Anadkat, Shyamal and others},
  journal={arXiv preprint arXiv:2303.08774},
  year={2023}
}