@book{2013Etsb,
isbn = {0-309-28316-7},
year = {2013},
title = {Educating the student body : taking physical activity and physical education to school / Committee on Physical Activity and Physical Education in the School Environment, Food and Nutrition Board ; Harold W. Kohl III and Heather D. Cook, editors ; Institute of Medicine of the National Academies.},
language = {eng},
keywords = {Physical education and training; Physical fitness for children},
organization = {Institute of Medicine (U.S.) Committee on Physical Activity and Physical Education, Corporate Author},
}

@article{ZHANG2021100025,
title = {AI technologies for education: Recent research \& future directions},
journal = {Computers and Education: Artificial Intelligence},
volume = {2},
pages = {100025},
year = {2021},
issn = {2666-920X},
doi = {https://doi.org/10.1016/j.caeai.2021.100025},
url = {https://www.sciencedirect.com/science/article/pii/S2666920X21000199},
author = {Ke Zhang and Ayse Begum Aslan}
}

@article{alberola2016artificial,
  title={An artificial intelligence tool for heterogeneous team formation in the classroom},
  author={Alberola, Juan M and Del Val, Elena and Sanchez-Anguix, Victor and Palomares, Alberto and Teruel, Maria Dolores},
  journal={Knowledge-Based Systems},
  volume={101},
  pages={1--14},
  year={2016},
  publisher={Elsevier}
}

@article{america2015essential,
  title={The essential components of physical education},
  author={America, SHAPE},
  journal={Reston, VA: Author},
  volume={11},
  year={2015}
}

@article{bakker2012embodied,
  title={Embodied metaphors in tangible interaction design},
  author={Bakker, Saskia and Antle, Alissa N and Van Den Hoven, Elise},
  journal={Personal and Ubiquitous Computing},
  volume={16},
  pages={433--449},
  year={2012},
  publisher={Springer}
}

@misc{bates2020can,
  title={Can artificial intelligence transform higher education?},
  author={Bates, Tony and Cobo, Crist{\'o}bal and Mari{\~n}o, Olga and Wheeler, Steve},
  journal={International Journal of Educational Technology in Higher Education},
  volume={17},
  number={1},
  pages={1--12},
  year={2020},
  publisher={SpringerOpen}
}

@article{bernacki2020towards,
  title={Towards convergence of mobile and psychological theories of learning},
  author={Bernacki, Matthew L and Crompton, Helen and Greene, Jeffrey A},
  journal={Contemporary Educational Psychology},
  volume={60},
  pages={101828},
  year={2020},
  publisher={Elsevier}
}

@incollection{bodker2022participatory,
  title={What Is Participatory Design?},
  author={B{\o}dker, Susanne and Dindler, Christian and Iversen, Ole S and Smith, Rachel C},
  booktitle={Participatory Design},
  pages={5--13},
  year={2022},
  publisher={Springer}
}

@article{castelli2015contextualizing,
  title={Contextualizing physical literacy in the school environment: The challenges},
  author={Castelli, Darla M and Barcelona, Jeanne M and Bryant, Lynne},
  journal={Journal of Sport and Health Science},
  volume={4},
  number={2},
  pages={156--163},
  year={2015},
  publisher={Elsevier}
}

@article{chakroun2019artificial,
  title={Artificial intelligence for sustainable development: synthesis report, mobile learning week 2019},
  author={Chakroun, Borhene and Miao, Fengchun and Mendes, Valencir and Domiter, Anett and Fan, Huhua and Kharkova, Iaroslava and Holmes, Wayne and Orr, Dominic and Jermol, Mitja and Issroff, Kim and others},
  year={2019}
}

@article{chen2018toward,
  title={Toward active living: Comprehensive school physical activity program research and implications},
  author={Chen, Senlin and Gu, Xiangli},
  journal={Quest},
  volume={70},
  number={2},
  pages={191--212},
  year={2018},
  publisher={Taylor \& Francis}
}

@article{chen2020artificial,
  title={Artificial intelligence in education: A review},
  author={Chen, Lijia and Chen, Pingping and Lin, Zhijian},
  journal={Ieee Access},
  volume={8},
  pages={75264--75278},
  year={2020},
  publisher={Ieee}
}

@article{chepyator2003pre,
  title={PRE-SERVICE TEACHERS'REFLECTIONS ON STUDENT TEACHING EXPERIENCES: LESSONS LEARNED AND SUGGESTIONS FOR REFORM IN PETE PROGRAMS},
  author={Chepyator-Thomson, Jepkorir Rose and Liu, Wenhao},
  journal={Physical Educator},
  volume={60},
  number={2},
  pages={2--12},
  year={2003},
  publisher={Phi Epsilon Kappa Fraternity}
}

@incollection{cothran2014classroom,
  title={Classroom management in physical education},
  author={Cothran, Donetta and Kulinna, Pamela},
  booktitle={Handbook of classroom management},
  pages={239--260},
  year={2014},
  publisher={Routledge}
}

@article{crompton2020psychological,
  title={Psychological foundations of emerging technologies for teaching and learning in higher education},
  author={Crompton, Helen and Bernacki, Matthew and Greene, Jeffrey A},
  journal={Current Opinion in Psychology},
  volume={36},
  pages={101--105},
  year={2020},
  publisher={Elsevier}
}

@article{crompton2021potential,
  title={The potential of artificial intelligence in higher education},
  author={Crompton, Helen and Song, Donggil},
  journal={Revista virtual Universidad catolica del Norte},
  volume={62},
  year={2021}
}

@article{dishman2015motivation,
  title={Motivation and behavioral regulation of physical activity in middle-school students},
  author={Dishman, Rod K and McIver, Kerry L and Dowda, Marsha and Saunders, Ruth P and Pate, Russell R},
  journal={Medicine and science in sports and exercise},
  volume={47},
  number={9},
  pages={1913},
  year={2015},
  publisher={NIH Public Access}
}

@article{durall2019co,
  title={Co-creation and co-design in technology-enhanced learning: Innovating science learning outside the classroom.},
  author={Durall, Eva and Bauters, Merja and Hietala, Iida and Leinonen, Teemu and Kapros, Evangelos},
  journal={IxD\&A},
  volume={42},
  pages={202--226},
  year={2019}
}

@article{edtech_ai_k12_2023, title = {How to Enact an AI Policy in Your K–12 Schools}, author = {EdTech Magazine}, year = {2023}, url = {https://edtechmagazine.com/k12/article/2023/03/how-enact-ai-policy-your-k-12-schools}, note = {Accessed: 2023-12-03} }

@article{edwards2018not,
  title={Why not robot teachers: artificial intelligence for addressing teacher shortage},
  author={Edwards, Bosede I and Cheok, Adrian D},
  journal={Applied Artificial Intelligence},
  volume={32},
  number={4},
  pages={345--360},
  year={2018},
  publisher={Taylor \& Francis}
}

@article{feng2022automatic,
  title={Automatic Arrangement of Sports Dance Movement Based on Deep Learning},
  author={Feng, Hua and Zhao, Xiang and Zhang, Xiaomin},
  journal={Computational Intelligence and Neuroscience},
  volume={2022},
  number={1},
  pages={9722558},
  year={2022},
  publisher={Wiley Online Library}
}

@article{foster2019barriers,
  title={What Barriers Do Students Perceive to Engagement with Automated Immediate Formative Feedback.},
  author={Foster, Stephen},
  journal={Journal of Interactive Media in Education},
  volume={2019},
  number={1},
  year={2019},
  publisher={ERIC}
}

@article{gallud2022use,
  title={The use of tangible user interfaces in K12 education settings: a systematic mapping study},
  author={Gallud, Jos{\'e} A and Tesoriero, Ricardo and Lozano, Maria D and Penichet, Victor MR and Fardoun, Habib M},
  journal={IEEE Access},
  volume={10},
  pages={24824--24842},
  year={2022},
  publisher={IEEE}
}

@article{grayson1978education,
  title={Education, technology, and individual privacy},
  author={Grayson, Lawrence P},
  journal={ECTJ},
  volume={26},
  number={3},
  pages={195--206},
  year={1978},
  publisher={Springer}
}

@article{hardman2014unesco, title={UNESCO-NWCPEA: World-wide survey of school Physical Education}, author={Hardman, Ken and Murphy, C and Routen, A and Tones, S}, journal={Par{\'\i}s: United Nations Educational, Scientific and Cultural Organization}, year={2014} }

@article{hinojo2019artificial,
  title={Artificial intelligence in higher education: A bibliometric study on its impact in the scientific literature},
  author={Hinojo-Lucena, Francisco-Javier and Aznar-D{\'\i}az, Inmaculada and C{\'a}ceres-Reche, Mar{\'\i}a-Pilar and Romero-Rodr{\'\i}guez, Jos{\'e}-Mar{\'\i}a},
  journal={Education Sciences},
  volume={9},
  number={1},
  pages={51},
  year={2019},
  publisher={MDPI}
}

@inproceedings{hsu2021attitudes,
  title={Attitudes surrounding an imperfect AI autograder},
  author={Hsu, Silas and Li, Tiffany Wenting and Zhang, Zhilin and Fowler, Max and Zilles, Craig and Karahalios, Karrie},
  booktitle={Proceedings of the 2021 CHI conference on human factors in computing systems},
  pages={1--15},
  year={2021}
}

@article{huang2023ethics, 
 title={Ethics of artificial intelligence in education: Student privacy and data protection},
  author={Huang, Lan},
  journal={Science Insights Education Frontiers},
  volume={16},
  number={2},
  pages={2577--2587},
  year={2023}
}

@article{jacob2021ai,
  title={AI and IoT-enabled smart exoskeleton system for rehabilitation of paralyzed people in connected communities},
  author={Jacob, Sunil and Alagirisamy, Mukil and Xi, Chen and Balasubramanian, Venki and Srinivasan, Ram and Parvathi, R and Jhanjhi, NZ and Islam, Sardar MN},
  journal={IEEE Access},
  volume={9},
  pages={80340--80350},
  year={2021},
  publisher={IEEE}
}

@article{jones2019learning,
  title={Learning analytics and higher education: a proposed model for establishing informed consent mechanisms to promote student privacy and autonomy},
  author={Jones, Kyle ML},
  journal={International Journal of Educational Technology in Higher Education},
  volume={16},
  number={1},
  pages={1--22},
  year={2019},
  publisher={Springer}
}

@article{kabudi2021ai,
  title={AI-enabled adaptive learning systems: A systematic mapping of the literature},
  author={Kabudi, Tumaini and Pappas, Ilias and Olsen, Dag H{\aa}kon},
  journal={Computers and Education: Artificial Intelligence},
  volume={2},
  pages={100017},
  year={2021},
  publisher={Elsevier}
}

@article{landi2021physical,
  title={Physical education policy research in the United States: Setting a new orientation},
  author={Landi, Dillon and Walton-Fisette, Jennifer L and Sutherland, Sue},
  journal={Quest},
  volume={73},
  number={1},
  pages={45--62},
  year={2021},
  publisher={Taylor \& Francis}
}

@inproceedings{lee2024investigating,
  title={Investigating the Effects of Real-time Student Monitoring Interface on Instructors’ Monitoring Practices in Online Teaching},
  author={Lee, Ha Yeon and Park, Seora and Kim, Esther Hehsun and Seo, Jiyeon and Lim, Hajin and Lee, Joonhwan},
  booktitle={Proceedings of the CHI Conference on Human Factors in Computing Systems},
  pages={1--11},
  year={2024}
}

@book{lynch2019physical,
  title={Physical education and wellbeing: Global and holistic approaches to child health},
  author={Lynch, Timothy},
  year={2019},
  publisher={Springer}
}

@article{ma2014intelligent,
  title={Intelligent tutoring systems and learning outcomes: A meta-analysis.},
  author={Ma, Wenting and Adesope, Olusola O and Nesbit, John C and Liu, Qing},
  journal={Journal of educational psychology},
  volume={106},
  number={4},
  pages={901},
  year={2014},
  publisher={American Psychological Association}
}

@misc{mckercher2022beyond,
  title = {Beyond Sticky Notes},
  author = {McKercher, K. A.},
  year = {2022},
  howpublished = {\url{https://www.beyondstickynotes.com/what-is-codesign##block-yui_3_17_2_1_1558157111681_41037}}
}

@article{mirzaeian2016learning,
  title={Learning Persian grammar with the aid of an intelligent feedback generator},
  author={Mirzaeian, Vahid R and Kohzadi, Hamedreza and Azizmohammadi, Fatemeh},
  journal={Engineering Applications of Artificial Intelligence},
  volume={49},
  pages={167--175},
  year={2016},
  publisher={Elsevier}
}

@inproceedings{nacher2015game,
  title={Game technologies for kindergarten instruction: Experiences and future challenges},
  author={N{\'a}cher-Soler, Vicente Ernesto and Garc{\'\i}a Sanjuan, Fernando and Ja{\'e}n Mart{\'\i}nez, Francisco Javier},
  year={2015},
  organization={CEUR Workshop Proceedings}
}

@article{o1994rules,
  title={Rules, routines, and expectations of 11 high school physical education teachers},
  author={O'Sullivan, Mary and Dyson, Ben},
  journal={Journal of Teaching in Physical Education},
  volume={13},
  pages={361--361},
  year={1994},
  publisher={HUMAN KINETICS PUBLISHERS}
}

@article{pan2019big,
  title={A big data-based data mining tool for physical education and technical and tactical analysis},
  author={Pan, L.},
  journal={International Journal of Emerging Technologies in Learning (Online)},
  volume={14},
  number={22},
  pages={220--231},
  year={2019},
  publisher={Kassel University Press},
  doi={10.3991/ijet.v14i22.11345}
}

@article{pangrazi2003physical,
  title={Physical education K-12:“All for one and one for all”},
  author={Pangrazi, Robert P},
  journal={Quest},
  volume={55},
  number={2},
  pages={105--117},
  year={2003},
  publisher={Taylor \& Francis}
}

@article{park2016teachers,
  title={Teachers’ views on the use of robots and cloud services in education for sustainable development},
  author={Park, Ill-Woo and Han, Jeonghye},
  journal={Cluster Computing},
  volume={19},
  pages={987--999},
  year={2016},
  publisher={Springer}
}

@article{roschelle2006co,
  title={Co-design of innovations with teachers: Definition and dynamics},
  author={Roschelle, Jeremy and Penuel, William and Shechtman, Nicole},
  year={2006},
  publisher={International Society of the Learning Sciences}
}

@techreport{roschelle2020ai,
  title={AI and the future of learning: Expert panel report},
  author={Roschelle, Jeremy and Lester, James and Fusco, Judi},
  year={2020},
  institution={Digital Promise}
}

@inproceedings{samani2017bridging,
  title={Bridging the gap between high and low performing pupils through performance learning online analysis and curricula},
  author={Samani, Tej and Porayska-Pomsta, Ka{\'s}ka and Luckin, Rose},
  booktitle={Artificial Intelligence in Education: 18th International Conference, AIED 2017, Wuhan, China, June 28--July 1, 2017, Proceedings 18},
  pages={650--655},
  year={2017},
  organization={Springer}
}

@book{schuler1993participatory,
  title={Participatory design: Principles and practices},
  author={Schuler, Douglas and Namioka, Aki},
  year={1993},
  publisher={CRC Press}
}

@article{sieberer2016effective,
  title={Effective classroom-management \& positive teaching.},
  author={Sieberer-Nagler, Katharina},
  journal={English Language Teaching},
  volume={9},
  number={1},
  pages={163--172},
  year={2016},
  publisher={ERIC}
}

@book{siedentop2022introduction,
  title={Introduction to physical education, fitness, and sport},
  author={Siedentop, Daryl and Van der Mars, Hans},
  year={2022},
  publisher={Human kinetics}
}

@article{skulmowski2016embodied,
  title={Embodied learning using a tangible user interface: The effects of haptic perception and selective pointing on a spatial learning task},
  author={Skulmowski, Alexander and Pradel, Simon and K{\"u}hnert, Tom and Brunnett, Guido and Rey, G{\"u}nter Daniel},
  journal={Computers \& Education},
  volume={92},
  pages={64--75},
  year={2016},
  publisher={Elsevier}
}

@inproceedings{slade2014student,
  title={Student perspectives on the use of their data: Between intrusion, surveillance and care},
  author={Slade, Sharon and Prinsloo, Paul},
  booktitle={EDEN Conference Proceedings},
  number={2},
  pages={291--300},
  year={2014}
}

@article{song2021review,
  title={A review of how class orchestration with technology has been conducted for pedagogical practices},
  author={Song, Yanjie},
  journal={Educational Technology Research and Development},
  volume={69},
  number={3},
  pages={1477--1503},
  year={2021},
  publisher={Springer}
}

@inproceedings{sun2019s,
  title={It's my data! Tensions among stakeholders of a learning analytics dashboard},
  author={Sun, Kaiwen and Mhaidli, Abraham H and Watel, Sonakshi and Brooks, Christopher A and Schaub, Florian},
  booktitle={Proceedings of the 2019 CHI conference on human factors in computing systems},
  pages={1--14},
  year={2019}
}

@article{tang2023trends,
  title={Trends in artificial intelligence-supported e-learning: A systematic review and co-citation network analysis (1998--2019)},
  author={Tang, Kai-Yu and Chang, Ching-Yi and Hwang, Gwo-Jen},
  journal={Interactive Learning Environments},
  volume={31},
  number={4},
  pages={2134--2152},
  year={2023},
  publisher={Taylor \& Francis}
}

@article{vanlehn2011relative,
  title={The relative effectiveness of human tutoring, intelligent tutoring systems, and other tutoring systems},
  author={VanLehn, Kurt},
  journal={Educational psychologist},
  volume={46},
  number={4},
  pages={197--221},
  year={2011},
  publisher={Taylor \& Francis}
}

@article{vanlehn2021can,
  title={Can an orchestration system increase collaborative, productive struggle in teaching-by-eliciting classrooms?},
  author={VanLehn, Kurt and Burkhardt, Hugh and Cheema, Salman and Kang, Seokmin and Pead, Daniel and Schoenfeld, Alan and Wetzel, Jon},
  journal={Interactive Learning Environments},
  volume={29},
  number={6},
  pages={987--1005},
  year={2021},
  publisher={Taylor \& Francis}
}

@article{vourganas2020individualised,
  title={Individualised responsible artificial intelligence for home-based rehabilitation},
  author={Vourganas, Ioannis and Stankovic, Vladimir and Stankovic, Lina},
  journal={Sensors},
  volume={21},
  number={1},
  pages={2},
  year={2020},
  publisher={MDPI}
}

@article{wang2022evaluation,
  title={Evaluation Method of Physical Education Teaching and Training Quality Based on Deep Learning},
  author={Wang, Hong and Yang, Fei and Xing, Xingyang},
  journal={Computational Intelligence and Neuroscience},
  volume={2022},
  year={2022},
  publisher={Hindawi}
}

@article{wang2024artificial,
  title={Artificial intelligence in dance education: Using immersive technologies for teaching dance skills},
  author={Wang, Zheng},
  journal={Technology in Society},
  volume={77},
  pages={102579},
  year={2024},
  publisher={Elsevier}
}

@article{zawacki2019systematic,
  title={Systematic review of research on artificial intelligence applications in higher education--where are the educators?},
  author={Zawacki-Richter, Olaf and Mar{\'\i}n, Victoria I and Bond, Melissa and Gouverneur, Franziska},
  journal={International Journal of Educational Technology in Higher Education},
  volume={16},
  number={1},
  pages={1--27},
  year={2019},
  publisher={SpringerOpen}
}

@article{zhu2020effect,
  title={The effect of automated feedback on revision behavior and learning gains in formative assessment of scientific argument writing},
  author={Zhu, Mengxiao and Liu, Ou Lydia and Lee, Hee-Sun},
  journal={Computers \& Education},
  volume={143},
  pages={103668},
  year={2020},
  publisher={Elsevier}
}

