@article{johnson2022failure,
  title={Failure to Disrupt: Why Technology Alone Can’t Transform Education},
  author={Johnson, Lucas},
  journal={Journal of Teaching and Learning},
  volume={16},
  number={1},
  pages={101--103},
  year={2022}
}
@article{skulmowski2016embodied,
  title={Embodied learning using a tangible user interface: The effects of haptic perception and selective pointing on a spatial learning task},
  author={Skulmowski, Alexander and Pradel, Simon and K{\"u}hnert, Tom and Brunnett, Guido and Rey, G{\"u}nter Daniel},
  journal={Computers \& Education},
  volume={92},
  pages={64--75},
  year={2016},
  publisher={Elsevier}
}
@article{bakker2012embodied,
  title={Embodied metaphors in tangible interaction design},
  author={Bakker, Saskia and Antle, Alissa N and Van Den Hoven, Elise},
  journal={Personal and Ubiquitous Computing},
  volume={16},
  pages={433--449},
  year={2012},
  publisher={Springer}
}
@inproceedings{nacher2015game,
  title={Game technologies for kindergarten instruction: Experiences and future challenges},
  author={N{\'a}cher-Soler, Vicente Ernesto and Garc{\'\i}a Sanjuan, Fernando and Ja{\'e}n Mart{\'\i}nez, Francisco Javier},
  year={2015},
  organization={CEUR Workshop Proceedings}
}
@article{gallud2022use,
  title={The use of tangible user interfaces in K12 education settings: a systematic mapping study},
  author={Gallud, Jos{\'e} A and Tesoriero, Ricardo and Lozano, Maria D and Penichet, Victor MR and Fardoun, Habib M},
  journal={IEEE Access},
  volume={10},
  pages={24824--24842},
  year={2022},
  publisher={IEEE}
}

@inproceedings{lee2024investigating,
  title={Investigating the Effects of Real-time Student Monitoring Interface on Instructors’ Monitoring Practices in Online Teaching},
  author={Lee, Ha Yeon and Park, Seora and Kim, Esther Hehsun and Seo, Jiyeon and Lim, Hajin and Lee, Joonhwan},
  booktitle={Proceedings of the CHI Conference on Human Factors in Computing Systems},
  pages={1--11},
  year={2024}
}

@misc{bepro11,
  title = {BePro11},
  howpublished = {\url{https://ko.bepro11.com/}},
  note = {Accessed: 2024-02-08}
}
@misc{secondspectrum,
  title = {Second Spectrum},
  howpublished = {\url{https://www.secondspectrum.com/index.html}},
  note = {Accessed: 2024-02-08}
}
@inproceedings{christian2024impact,
  title={Impact of AI Anxiety on Educators Attitudes Towards AI Integration},
  author={Christian, Michael and Nan, Guan and Gularso, Kurnadi and Dewi, Yuli Kartika and Wibowo, Suryo and others},
  booktitle={2024 3rd International Conference on Creative Communication and Innovative Technology (ICCIT)},
  pages={1--7},
  year={2024},
  organization={IEEE}
}
@article{lee2021applying,
  title={Applying artificial intelligence in physical education and future perspectives},
  author={Lee, H. S. and Lee, J.},
  journal={Sustainability},
  volume={13},
  number={1},
  pages={351},
  year={2021},
  doi={10.3390/su13010351}
}

@article{yang2021automatic,
  title={Automatic generation of cloze items for repeated testing to improve reading comprehension},
  author={Yang, A. C. M. and Chen, I. Y. L. and Flanagan, B. and Ogata, H.},
  journal={Educational Technology \& Society},
  volume={24},
  number={3},
  pages={147–158},
  year={2021}
}

@article{troussas2020collaboration,
  title={Collaboration and fuzzy-modeled personalization for mobile game-based learning in higher education},
  author={Troussas, C. and Krouska, A. and Sgouropoulou, C.},
  journal={Computers \& Education},
  volume={144},
  pages={103698},
  year={2020},
  doi={10.1016/j.compedu.2019.103698}
}

@article{wilder2006physical,
  title={Physical fitness assessment: an update},
  author={Wilder, R. P. and Greene, J. A. and Winters, K. L. and Long III, W. B. and Gubler, K. D. and Edlich, R.},
  journal={Journal of long-term effects of medical implants},
  volume={16},
  number={2},
  year={2006}
}

@article{torres2022tracking,
  title={Tracking systems in team sports: a narrative review of applications of the data and sport specific analysis},
  author={Torres-Ronda, L. and Beanland, E. and Whitehead, S. and Sweeting, A. and Clubb, J.},
  journal={Sports Medicine-Open},
  volume={8},
  number={1},
  pages={1-22},
  year={2022}
}

@article{herzfeld2014motor,
  title={Motor variability is not noise, but grist for the learning mill},
  author={Herzfeld, D. J. and Shadmehr, R.},
  journal={Nature neuroscience},
  volume={17},
  number={2},
  pages={149-150},
  year={2014}
}

@article{wu2014temporal,
  title={Temporal structure of motor variability is dynamically regulated and predicts motor learning ability},
  author={Wu, H. G. and Miyamoto, Y. R. and Castro, L. N. G. and Ölveczky, B. P. and Smith, M. A.},
  journal={Nature neuroscience},
  volume={17},
  number={2},
  pages={312-321},
  year={2014}
}

@article{chen2021ai,
  title={An AI-Based Exercise Prescription Recommendation System},
  author={Chen, H-K and Chen, F-H and Lin, S-F},
  journal={Applied Sciences},
  volume={11},
  number={6},
  pages={2661},
  year={2021},
  doi={10.3390/app11062661}
}

@article{orucu2020design,
  title={Design and Validation of Rule-Based Expert System by Using Kinect V2 for Real-Time Athlete Support},
  author={Örücü, Serkan and Selek, Murat},
  journal={Applied Sciences},
  volume={10},
  number={2},
  pages={611},
  year={2020},
  doi={10.3390/app10020611}
}

@article{wang2021modeling,
  title={Modeling of badminton intelligent teaching system based on neural network},
  author={Wang, P.},
  journal={Wireless Communications and Mobile Computing},
  pages={1-10},
  year={2021},
  doi={10.1155/2021/5564198}
}

@inproceedings{ibrahim2022understanding,
  title={Understanding the situated practices of school technology leaders in the early stages of educational technology adoption},
  author={Ibrahim, S. and Vasalou, A. and Benton, L.},
  booktitle={Proceedings of the 2022 CHI Conference on Human Factors in Computing Systems},
  pages={1-14},
  year={2022},
  month={April}
}

@book{rink2012teaching,
  title={Teaching physical education for learning},
  author={Rink, J.},
  edition={7},
  publisher={McGraw-Hill},
  address={New York, NY},
  year={2012}
}

@misc{phillips2000vygotsky,
  title={Vygotsky. From a Primer on Topics Related to Instructional Design},
  author={Phillips, L.},
  year={2000},
  note={Retrieved September 25, 2000 from http://auburn.edu/academic/ education/eflt/vyg.html}
}

@book{mcinerney1994educational,
  title={Educational Psychology, Constructive Learning},
  author={McInerney, P. and McInerney, V.},
  publisher={Prentice Hall},
  address={Sydney},
  year={1994}
}

@article{ussher2002vygotsky,
  title={Vygotsky, physical education and social interaction},
  author={Ussher, B. and Gibbes, C.},
  journal={Journal of Physical Education New Zealand},
  volume={35},
  number={1},
  pages={76},
  year={2002},
  note={Retrieved from https://www.proquest.com/scholarly-journals/vygotsky-physical-education-social-interaction/docview/211211604/se-2}
}

@article{lin2020effects,
  title={The effects of adopting tablets and Facebook for learning badminton skills: A portfolio-based WISER model in physical education},
  author={Lin, K.-C. and Lee, I.-C. and Cheng, C.-F. and Hung, H.-C.},
  journal={Educational Technology \& Society},
  volume={23},
  number={4},
  pages={89–105},
  year={2020}
}



@article{hung2018exploring,
  title={Exploring the effects of integrating the iPad to improve students’ motivation and badminton skills: A WISER model for physical education},
  author={Hung, H. C. and Young, S. S.-C. and Lin, K. C.},
  journal={Technology, Pedagogy and Education},
  volume={27},
  number={3},
  pages={265–278},
  year={2018},
  doi={10.1080/1475939X.2017.1384756}
}

@article{lin2021effect,
  title={The effect of real-time pose recognition on badminton learning performance},
  author={Lin, K. C. and Ko, C. W. and Hung, H. C. and Chen, N. S.},
  journal={Interactive Learning Environments},
  year={2021},
  doi={10.1080/10494820.2021.1981396}
}

@article{maclean2019video,
  title={Video reflection in discharge communication skills training with simulated patients: A qualitative study of nursing students’ perceptions},
  author={MacLean, S. and Geddes, F. and Kelly, M. and Della, P.},
  journal={Clinical Simulation in Nursing},
  volume={28},
  pages={15–24},
  year={2019},
  doi={10.1016/j.ecns.2018.12.006}
}


@article{woodruff2023perceptions,
  title={Perceptions and barriers to adopting artificial intelligence in K-12 education: A survey of educators in fifty states},
  author={Woodruff, K. and Hutson, J. and Arnone, K.},
  year={2023}
}
@article{ahmad2022academic,
  title={Academic and administrative role of artificial intelligence in education},
  author={Ahmad, S. F. and Alam, M. M. and Rahmat, M. K. and Mubarik, M. S. and Hyder, S. I.},
  journal={Sustainability},
  volume={14},
  number={3},
  pages={1101},
  year={2022}
}
@misc{bryant2020AI,
  title={How artificial intelligence will impact K-12 teachers},
  author={Bryant, J. and Heitz, C. and Sanghvi, S. and Wagle, D.},
  year={2020},
  month={5},
  day={12},
  note={Retrieved May 12, 2020}
}
@inproceedings{siedentop1979process,
  title={A process approach to measuring teaching effectiveness in physical education},
  author={Siedentop, D. and Birdwell, D. and Metzler, M.},
  year={1979},
  month={3},
  booktitle={Annual meeting of the American Alliance of Health, Physical Education, Recreation and Dance},
  address={New Orleans, LA}
}
@article{hastie1994selected,
  title={Selected teacher behaviors and student ALT-PE in secondary school physical education},
  author={Hastie, P. A.},
  journal={Journal of Teaching in Physical Education},
  volume={13},
  number={3},
  pages={242--259},
  year={1994}
}
@article{silverman1991validity,
  title={The validity of Academic Learning Time–Physical Education (ALT–PE) as a process measure of achievement},
  author={Silverman, S. and Devillier, R. and Ramírez, T.},
  journal={Research quarterly for exercise and sport},
  volume={62},
  number={3},
  pages={319--325},
  year={1991}
}
@inproceedings{arsenovic2017facetime,
  title={FaceTime—Deep learning based face recognition attendance system},
  author={Arsenovic, M. and Sladojevic, S. and Anderla, A. and Stefanovic, D.},
  booktitle={2017 IEEE 15th International Symposium on Intelligent Systems and Informatics (SISY)},
  pages={000053--000058},
  year={2017},
  organization={IEEE}
}
@article{yovel2016recognizing,
  title={Recognizing people in motion},
  author={Yovel, G. and O’Toole, A. J.},
  journal={Trends in cognitive sciences},
  volume={20},
  number={5},
  pages={383--395},
  year={2016}
}
@inproceedings{lukas2016student,
  title={Student attendance system in classroom using face recognition technique},
  author={Lukas, S. and Mitra, A. R. and Desanti, R. I. and Krisnadi, D.},
  booktitle={2016 International Conference on Information and Communication Technology Convergence (ICTC)},
  pages={1032--1035},
  year={2016},
  organization={IEEE}
}
@article{van2021machine,
  title={Machine learning methods in sport injury prediction and prevention: a systematic review},
  author={Van Eetvelde, H. and Mendonça, L. D. and Ley, C. and Seil, R. and Tischer, T.},
  journal={Journal of experimental orthopaedics},
  volume={8},
  pages={1--15},
  year={2021}
}
@article{rossi2018effective,
  title={Effective injury forecasting in soccer with GPS training data and machine learning},
  author={Rossi, A. and Pappalardo, L. and Cintia, P. and Iaia, F. M. and Fernández, J. and Medina, D.},
  journal={PloS one},
  volume={13},
  number={7},
  pages={e0201264},
  year={2018},
  doi={10.1371/journal.pone.0201264}
}
@article{thornton2017importance,
  title={Importance of various training-load measures in injury incidence of professional rugby league athletes},
  author={Thornton, H. R. and Delaney, J. A. and Duthie, G. M. and Dascombe, B. J.},
  journal={International journal of sports physiology and performance},
  volume={12},
  number={6},
  pages={819--824},
  year={2017},
  doi={10.1123/ijspp.2016-0326}
}
@article{oliver2020using,
  title={Using machine learning to improve our understanding of injury risk and prediction in elite male youth football players},
  author={Oliver, J. L. and Ayala, F. and De Ste Croix, M. B. A. and Lloyd, R. S. and Myer, G. D. and Read, P. J.},
  journal={Journal of Science and Medicine in Sport},
  doi={10.1016/j.jsams.2020.04.021},
  year={2020}
}
@article{thornton2017importance,
  title={Importance of Various Training-Load Measures in Injury Incidence of Professional Rugby League Athletes},
  author={Thornton, H. R. and Delaney, J. A. and Duthie, G. M. and Dascombe, B. J.},
  journal={International Journal of Sports Physiology and Performance},
  volume={12},
  number={6},
  pages={819--824},
  year={2017},
  doi={10.1123/ijspp.2016-0326}
}
@book{drumheller1971handbook,
  title={Handbook of curriculum design for individualized instruction: a systems approach; how to develop curriculum materials from rigorously defined behavioral objectives},
  author={Drumheller, S. J.},
  year={1971},
  publisher={Educational Technology}
}
@article{slavin1984team,
  title={Effects of team assisted individualization on the mathematics achievement of academically handicapped and nonhandicapped students},
  author={Slavin, R. E. and Madden, N. A. and Leavey, M.},
  journal={Journal of educational Psychology},
  volume={76},
  number={5},
  pages={813},
  year={1984}
}
@article{subban2006differentiated,
  title={Differentiated instruction: A research basis},
  author={Subban, P.},
  journal={International education journal},
  volume={7},
  number={7},
  pages={935-947},
  year={2006}
}
@article{tomlinson1999mapping,
  title={Mapping a route toward differentiated instruction},
  author={Tomlinson, C. A.},
  journal={Educational leadership},
  volume={57},
  pages={12-17},
  year={1999}
}
@article{zhang2020understanding,
  title={Understanding the implementation of personalized learning: A research synthesis},
  author={Zhang, L. and Basham, J. D. and Yang, S.},
  journal={Educational Research Review},
  volume={31},
  pages={100339},
  year={2020}
}
@article{bernacki2021systematic,
  title={A systematic review of research on personalized learning: Personalized by whom, to what, how, and for what purpose(s)?},
  author={Bernacki, M. L. and Greene, M. J. and Lobczowski, N. G.},
  journal={Educational Psychology Review},
  volume={33},
  number={4},
  pages={1675-1715},
  year={2021}
}
@book{ferguson2001designing,
  title={Designing personalized learning for every student},
  author={Ferguson, D. L.},
  year={2001},
  publisher={ASCD}
}
@book{grant2014personalized,
  title={Personalized learning: A guide for engaging students with technology},
  author={Grant, P. and Basye, D.},
  year={2014},
  publisher={International Society for Technology in Education}
}
@article{walkington2013using,
  title={Using adaptive learning technologies to personalize instruction to student interests: The impact of relevant contexts on performance and learning outcomes},
  author={Walkington, C. A.},
  journal={Journal of educational psychology},
  volume={105},
  number={4},
  pages={932},
  year={2013}
}
@article{arroyo2014multimedia,
  title={A multimedia adaptive tutoring system for mathematics that addresses cognition, metacognition and affect},
  author={Arroyo, I. and Woolf, B. P. and Burelson, W. and Muldner, K. and Rai, D. and Tai, M.},
  journal={International Journal of Artificial Intelligence in Education},
  volume={24},
  pages={387-426},
  year={2014}
}
@article{hwang2012development,
  title={Development of a personalized educational computer game based on students’ learning styles},
  author={Hwang, G. J. and Sung, H. Y. and Hung, C. M. and Huang, I. and Tsai, C. C.},
  journal={Educational Technology Research and Development},
  volume={60},
  pages={623-638},
  year={2012}
}
@article{chen2009personalized,
  title={Personalized E-learning system with self-regulated learning assisted mechanisms for promoting learning performance},
  author={Chen, C. M.},
  journal={Expert systems with applications},
  volume={36},
  number={5},
  pages={8816-8829},
  year={2009}
}
@article{marin2014methodology,
  title={A methodology for assessing the predictable behaviour of mobile users in wireless networks},
  author={Marin, R. C. and Dobre, C. and Xhafa, F.},
  journal={Concurrency and Computation: Practice and Experience},
  volume={26},
  number={5},
  pages={1215-1230},
  year={2014}
}
@article{nwana1990intelligent,
  title={Intelligent tutoring systems: an overview},
  author={Nwana, H. S.},
  journal={Artificial Intelligence Review},
  volume={4},
  number={4},
  pages={251-277},
  year={1990}
}
@article{desmarais2012review,
  title={A review of recent advances in learner and skill modeling in intelligent learning environments},
  author={Desmarais, M. C. and Baker, R. S. D.},
  journal={User Modeling and User-Adapted Interaction},
  volume={22},
  pages={9-38},
  year={2012}
}
@article{kulik2016effectiveness,
  title={Effectiveness of intelligent tutoring systems: a meta-analytic review},
  author={Kulik, J. A. and Fletcher, J. D.},
  journal={Review of educational research},
  volume={86},
  number={1},
  pages={42-78},
  year={2016}
}
@article{colquitt2017differentiating,
  title={Differentiating instruction in physical education: Personalization of learning},
  author={Colquitt, G. and Pritchard, T. and Johnson, C. and McCollum, S.},
  journal={Journal of Physical Education, Recreation \& Dance},
  volume={88},
  number={7},
  pages={44-50},
  year={2017}
}
@article{dijkhuis2018personalized,
  title={Personalized physical activity coaching: a machine learning approach},
  author={Dijkhuis, T. B. and Blaauw, F. J. and Van Ittersum, M. W. and Velthuijsen, H. and Aiello, M.},
  journal={Sensors},
  volume={18},
  number={2},
  pages={623},
  year={2018}
}
@article{monteiro2019personalization,
  title={Personalization in real-time physical activity coaching using mobile applications: a scoping review},
  author={Monteiro-Guerra, F. and Rivera-Romero, O. and Fernandez-Luque, L. and Caulfield, B.},
  journal={IEEE journal of biomedical and health informatics},
  volume={24},
  number={6},
  pages={1738-1751},
  year={2019}
}
@inproceedings{fogg2009behavior,
  title={The behavior grid: 35 ways behavior can change},
  author={Fogg, B. J.},
  booktitle={Proceedings of the 4th international Conference on Persuasive Technology},
  pages={1-5},
  year={2009},
  month={April}
}
@inproceedings{zhang2020sport,
  title={A sport athlete object tracking based on deep sort and yolo V4 in case of camera movement},
  author={Zhang, Y. and Chen, Z. and Wei, B.},
  booktitle={2020 IEEE 6th international conference on computer and communications (ICCC)},
  pages={1312-1316},
  year={2020},
  month={December}
}
@article{yoon2019analyzing,
  title={Analyzing basketball movements and pass relationships using realtime object tracking techniques based on deep learning},
  author={Yoon, Y. and Hwang, H. and Choi, Y. and Joo, M. and Oh, H. and Park, I. and Hwang, J. H.},
  journal={IEEE Access},
  volume={7},
  pages={56564-56576},
  year={2019}
}
@article{guntuboina2021deep,
  title={Deep learning based automated sports video summarization using YOLO},
  author={Guntuboina, C. and Porwal, A. and Jain, P. and Shingrakhia, H.},
  journal={ELCVIA Electronic Letters on Computer Vision and Image Analysis},
  volume={20},
  number={1},
  pages={99-116},
  year={2021}
}
@article{oh2021systematic,
  title={A systematic review of artificial intelligence chatbots for promoting physical activity, healthy diet, and weight loss},
  author={Oh, Y. J. and Zhang, J. and Fang, M. L. and Fukuoka, Y.},
  journal={International Journal of Behavioral Nutrition and Physical Activity},
  volume={18},
  pages={1-25},
  year={2021}
}
@article{novatchkov2013artificial,
  title={Artificial intelligence in sports on the example of weight training},
  author={Novatchkov, H. and Baca, A.},
  journal={Journal of sports science \& medicine},
  volume={12},
  number={1},
  pages={27},
  year={2013}
}
@article{santangelo2012teacher,
  title={Teacher educators' perceptions and use of differentiated instruction practices: An exploratory investigation},
  author={Santangelo, T. and Tomlinson, C. A.},
  journal={Action in Teacher Education},
  volume={34},
  number={4},
  pages={309-327},
  year={2012}
}
@article{chapman1995designing,
  title={Designing literacy learning experiences in a multiage classroom},
  author={Chapman, M. L.},
  journal={Language Arts},
  volume={72},
  number={6},
  pages={416-428},
  year={1995}
}
@book{metzler2017instructional,
  title={Instructional models in physical education},
  author={Metzler, M.},
  year={2017},
  publisher={Taylor \& Francis}
}
@article{graham1993children,
  title={Children in homeless families: risks to mental health and development},
  author={Masten, A. S. and Miliotis, D. and Graham-Bermann, S. A. and Ramirez, M. and Neemann, J.},
  journal={Journal of consulting and clinical psychology},
  volume={61},
  number={2},
  pages={335},
  year={1993}
}
@article{rink1993teacher,
  title={Teacher education: A focus on action},
  author={Rink, J. E.},
  journal={Quest},
  volume={45},
  number={3},
  pages={308-320},
  year={1993}
}
@article{schiefele1995motivation,
  title={Motivation and ability as factors in mathematics experience and achievement},
  author={Schiefele, U. and Csikszentmihalyi, M.},
  journal={Journal for research in mathematics education},
  volume={26},
  number={2},
  pages={163-181},
  year={1995}
}
@article{schraw2001situational,
  title={Situational interest: A review of the literature and directions for future research},
  author={Schraw, G. and Lehman, S.},
  journal={Educational psychology review},
  volume={13},
  pages={23-52},
  year={2001}
}
@article{lentillon2016effects,
  title={Effects of grouping forms, student gender and ability level on the pleasure experienced in physical education},
  author={Lentillon-Kaestner, V. and Patelli, G.},
  journal={Journal of Teaching in Physical Education},
  volume={35},
  number={3},
  pages={251-262},
  year={2016}
}
@inproceedings{diwanji2018enhance,
  title={Enhance Classroom Preparation for Flipped Classroom using AI and Analytics},
  author={Diwanji, P. and Hinkelmann, K. and Witschel, H. F.},
  booktitle={ICEIS (1)},
  pages={477-483},
  year={2018},
  month={March}
}
@article{srba2014dynamic,
  title={Dynamic group formation as an approach to collaborative learning support},
  author={Srba, I. and Bielikova, M.},
  journal={IEEE transactions on learning technologies},
  volume={8},
  number={2},
  pages={173-186},
  year={2014}
}
@article{muniz2023sports,
  title={Sports analytics for balanced team-building decisions},
  author={Muniz, M. and Flamand, T.},
  journal={Journal of the Operational Research Society},
  volume={74},
  number={8},
  pages={1892-1909},
  year={2023}
}
@article{hsia2023ai,
  title={AI-facilitated reflective practice in physical education: an auto-assessment and feedback approach},
  author={Hsia, L. H. and Hwang, G. J. and Hwang, J. P.},
  journal={Interactive Learning Environments},
  pages={1-20},
  year={2023}
}
@article{hsia2020from,
  title={From reflective thinking to learning engagement awareness: A reflective thinking promoting approach to improve students’ dance performance, self-efficacy and task load in flipped learning},
  author={Hsia, L. H. and Hwang, G. J.},
  journal={British Journal of Educational Technology},
  volume={51},
  number={6},
  pages={2461–2477},
  year={2020},
  doi={10.1111/bjet.12911}
}
@article{hung2018exploring,
  title={Exploring the effects of integrating the iPad to improve students’ motivation and badminton skills: A WISER model for physical education},
  author={Hung, H. C. and Young, S. S.-C. and Lin, K. C.},
  journal={Technology, Pedagogy and Education},
  volume={27},
  number={3},
  pages={265–278},
  year={2018},
  doi={10.1080/1475939X.2017.1384756}
}
@article{lin2021effect,
  title={The effect of real-time pose recognition on badminton learning performance},
  author={Lin, K. C. and Ko, C. W. and Hung, H. C. and Chen, N. S.},
  journal={Interactive Learning Environments},
  year={2021},
  doi={10.1080/10494820.2021.1981396}
}
@article{maclean2019video,
  title={Video reflection in discharge communication skills training with simulated patients: A qualitative study of nursing students’ perceptions},
  author={MacLean, S. and Geddes, F. and Kelly, M. and Della, P.},
  journal={Clinical Simulation in Nursing},
  volume={28},
  pages={15–24},
  year={2019},
  doi={10.1016/j.ecns.2018.12.006}
}
@article{huang2023ethics, 
 title={Ethics of artificial intelligence in education: Student privacy and data protection},
  author={Huang, Lan},
  journal={Science Insights Education Frontiers},
  volume={16},
  number={2},
  pages={2577--2587},
  year={2023}
}
@article{slade2013learning,
  title={Learning analytics: Ethical issues and dilemmas},
  author={Slade, Sharon and Prinsloo, Paul},
  journal={American Behavioral Scientist},
  volume={57},
  number={10},
  pages={1510--1529},
  year={2013},
  publisher={Sage Publications Sage CA: Los Angeles, CA}
}
@inproceedings{prinsloo2021learning,
  title={Learning analytics in a time of pandemics: Mapping the field},
  author={Prinsloo, Paul and Khalil, Mohammad and Slade, Sharon},
  booktitle={EDEN conference proceedings},
  number={1},
  pages={59--70},
  year={2021}
}
@book{mckay2021manage,
  title={Manage Your Own Learning Analytics: Implement a Rasch Modelling Approach},
  author={McKay, Elspeth},
  volume={261},
  year={2021},
  publisher={Springer}
}
@article{aguilar2018learning,
  title={Learning analytics tasks as services in smart classrooms},
  author={Aguilar, Jose and S{\'a}nchez, Manuel and Cordero, Jorge and Valdiviezo-D{\'\i}az, Priscila and Barba-Guam{\'a}n, Luis and Chamba-Eras, Luis},
  journal={Universal Access in the Information Society},
  volume={17},
  pages={693--709},
  year={2018},
  publisher={Springer}
}
@misc{royal2019protecting,
  title={Protecting privacy in practice: The current use, development and limits of Privacy Enhancing Technologies in data analysis},
  author={Royal Society},
  year={2019},
  publisher={The Royal Society London, UK}
}
@article{solove2012introduction,
  title={Introduction: Privacy self-management and the consent dilemma},
  author={Solove, Daniel J},
  journal={Harv. L. Rev.},
  volume={126},
  pages={1880},
  year={2012},
  publisher={HeinOnline}
}
@article{prinsloo2022answer,
  title={The answer is (not only) technological: Considering student data privacy in learning analytics},
  author={Prinsloo, Paul and Slade, Sharon and Khalil, Mohammad},
  journal={British Journal of Educational Technology},
  volume={53},
  number={4},
  pages={876--893},
  year={2022},
  publisher={Wiley Online Library}
}
@article{godhe2019making,
  title={Making sense of making: critical issues in the integration of maker education into schools},
  author={Godhe, Anna-Lena and Lilja, Patrik and Selwyn, Neil},
  journal={Technology, Pedagogy and Education},
  volume={28},
  number={3},
  pages={317--328},
  year={2019},
  publisher={Taylor \& Francis}
}
@inproceedings{kinnula2015mundane,
  title={Mundane or Magical? Discourses on Technology Adoption in Finnish Schools.},
  author={Kinnula, Marianne and Laari-Salmela, Sari and Iivari, Netta},
  booktitle={ECIS},
  year={2015}
}
@article{smith2016impediments,
  title={Impediments to digital fabrication in education: A study of teachers' role in digital fabrication},
  author={Smith, Rachel Charlotte and Iversen, Ole Sejer and Veerasawmy, Rune},
  journal={International Journal of Digital Literacy and Digital Competence (IJDLDC)},
  volume={7},
  number={1},
  pages={33--49},
  year={2016},
  publisher={IGI Global}
}
@inproceedings{ritter2016towards,
  title={Towards Integrating Human and Automated Tutoring Systems.},
  author={Ritter, Steven and Yudelson, Michael and Fancsali, Stephen and Berman, Susan R},
  booktitle={EDM},
  pages={626--627},
  year={2016}
}
@article{baker2016stupid,
  title={Stupid tutoring systems, intelligent humans},
  author={Baker, Ryan S},
  journal={International Journal of Artificial Intelligence in Education},
  volume={26},
  pages={600--614},
  year={2016},
  publisher={Springer}
}
@article{ogborn2002ownership,
  title={Ownership and transformation: Teachers using curriculum innovations},
  author={Ogborn, Jon},
  journal={Physics Education},
  volume={37},
  number={2},
  pages={142},
  year={2002},
  publisher={IOP Publishing}
}
@article{tabak2004reconstructing,
  title={Reconstructing context: Negotiating the tension between exogenous and endogenous educational design},
  author={Tabak, Iris},
  journal={Educational psychologist},
  volume={39},
  number={4},
  pages={225--233},
  year={2004},
  publisher={Taylor \& Francis}
}
@article{zhang2021ai,
  title={AI technologies for education: Recent research \& future directions},
  author={Zhang, Ke and Aslan, Ayse Begum},
  journal={Computers and Education: Artificial Intelligence},
  volume={2},
  pages={100025},
  year={2021},
  publisher={Elsevier}
}
@inproceedings{roth2004co,
  title={Co-generative dialoguing and metaloguing: Reflexivity of processes and genres},
  author={Roth, Wolff-Michael and Tobin, Kenneth and others},
  booktitle={Forum Qualitative Sozialforschung/Forum: Qualitative Social Research},
  volume={5},
  number={3},
  year={2004}
}
@inproceedings{nicholson2022participatory,
  title={Participatory Design Goes to School: Co-Teaching as a Form of Co-Design for Educational Technology},
  author={Nicholson, Rebecca and Bartindale, Tom and Kharrufa, Ahmed and Kirk, David and Walker-Gleaves, Caroline},
  booktitle={Proceedings of the 2022 CHI Conference on Human Factors in Computing Systems},
  pages={1--17},
  year={2022}
}
@article{koehler2009technological,
  title={What is technological pedagogical content knowledge (TPACK)?},
  author={Koehler, Matthew and Mishra, Punya},
  journal={Contemporary issues in technology and teacher education},
  volume={9},
  number={1},
  pages={60--70},
  year={2009},
  publisher={Society for Information Technology \& Teacher Education}
}

@incollection{bodker2022participatory,
  title={What Is Participatory Design?},
  author={B{\o}dker, Susanne and Dindler, Christian and Iversen, Ole S and Smith, Rachel C},
  booktitle={Participatory Design},
  pages={5--13},
  year={2022},
  publisher={Springer}
}
@misc{mckercher2022beyond,
  title = {Beyond Sticky Notes},
  author = {McKercher, K. A.},
  year = {2022},
  howpublished = {\url{https://www.beyondstickynotes.com/what-is-codesign##block-yui_3_17_2_1_1558157111681_41037}}
}

@article{hardman2014unesco, title={UNESCO-NWCPEA: World-wide survey of school Physical Education}, author={Hardman, Ken and Murphy, C and Routen, A and Tones, S}, journal={Par{\'\i}s: United Nations Educational, Scientific and Cultural Organization}, year={2014} }
@misc{shapeamerica2016, title = {Status of Physical Education in the USA}, author = {{Shape America}}, year = {2016}, howpublished = {\url{https://www.shapeamerica.org/advocacy/son/}} }
@misc{korean_educational_statistics_2022, title = {KESS}, url = {https://kess.kedi.re.kr/mobile/publ/view?searchYear=2022&survSeq=2022&publSeq=3&menuSeq=3645&itemCode=02}, year = {2022}, note = {Accessed: 2023-12-03} }
@misc{korean_pe_curriculum_2015, title = {Physical Education Curriculum}, author = {South Korea Ministry of Education}, year = {2015}, howpublished = {Ministry of Education Notice No. 2022-33}, url = {https://www.moe.go.kr}, note = {Accessed: 2023-12-03} }
@article{edtech_ai_k12_2023, title = {How to Enact an AI Policy in Your K–12 Schools}, author = {EdTech Magazine}, year = {2023}, url = {https://edtechmagazine.com/k12/article/2023/03/how-enact-ai-policy-your-k-12-schools}, note = {Accessed: 2023-12-03} }
@article{ausubel1963psychology, title={The psychology of meaningful verbal learning.}, author={Ausubel, David P}, year={1963}, publisher={Grune \& Stratton} }
@article{mcewan2020teamwork, title={Teamwork training in sport: A pilot intervention study}, author={McEwan, Desmond and Beauchamp, Mark R}, journal={Journal of Applied Sport Psychology}, volume={32}, number={2}, pages={220--236}, year={2020}, publisher={Taylor \& Francis} }
@article{mcewan2020teamwork, title={Teamwork training in sport: A pilot intervention study}, author={McEwan, Desmond and Beauchamp, Mark R}, journal={Journal of Applied Sport Psychology}, volume={32}, number={2}, pages={220--236}, year={2020}, publisher={Taylor \& Francis} }
@article{kim2021group, title={Group dynamics in sport}, author={Kim, Jeemin and Panza, Michael and Evans, M Blair}, journal={Essentials of exercise and sport psychology: An open access textbook}, pages={613--642}, year={2021} }
@article{schraw2001situational, title={Situational interest: A review of the literature and directions for future research}, author={Schraw, Gregory and Lehman, Stephen}, journal={Educational psychology review}, volume={13}, pages={23--52}, year={2001}, publisher={Springer} }
@article{yongue1998relationship, title={Relationship between cognitive and psychomotor development Piaget in the gym}, author={Yongue, Bill}, journal={Physical Educator}, volume={55}, number={1}, pages={19}, year={1998}, publisher={Sagamore Publishing LLC} }
@book{vygotsky1978mind, title={Mind in society: Development of higher psychological processes}, author={Vygotsky, Lev Semenovich and Cole, Michael}, year={1978}, publisher={Harvard university press} }
@article{derri2008relationship, title={Relationship between academic learning time in physical education (ALT-PE) and skill concepts acquisition and retention}, author={Derri, Vassiliki and Emmanouilidou, Kyriaki and Vassiliadou, Olga and Tzetzis, George and Kioumourtzoglou, Efthimis}, journal={Physical Educator}, volume={65}, number={3}, pages={134}, year={2008}, publisher={Sagamore Publishing LLC} }
@book{couch2018rewiring,
  title={Rewiring education: How technology can unlock every student's potential},
  author={Couch, John D and Towne, Jason},
  year={2018},
  publisher={BenBella Books}
}
@article{karau1993social,
  title={Social loafing: A meta-analytic review and theoretical integration.},
  author={Karau, Steven J and Williams, Kipling D},
  journal={Journal of personality and social psychology},
  volume={65},
  number={4},
  pages={681},
  year={1993},
  publisher={American Psychological Association}
}
@article{schiefele1995motivation,
  title={Motivation and ability as factors in mathematics experience and achievement},
  author={Schiefele, Ulrich and Csikszentmihalyi, Mihaly},
  journal={Journal for research in mathematics education},
  volume={26},
  number={2},
  pages={163--181},
  year={1995},
  publisher={National Council of Teachers of Mathematics}
}

@article{bryant2020AI, title={How artificial intelligence will impact K-12 teachers}, author={Bryant, Jake and Heitz, Christine and Sanghvi, Saurabh and Wagle, Dilip}, journal={Retrieved May}, volume={12}, pages={2020}, year={2020} }
@article{gonulal2018scaffolding, title={Scaffolding technique}, author={Gonulal, Talip and Loewen, Shawn}, journal={The TESOL encyclopedia of English language teaching}, pages={1--5}, year={2018}, publisher={John Wiley \& Sons, Inc. Hoboken, NJ, USA} }
@article{oh2020physical,
  title={Understanding and Utilization of Process-Oriented Evaluation in Physical Education},
  author={Oh, Soohak and Kwon, Minjung},
  journal={Asian Journal of Physical Education and Sport Science},
  volume={8},
  number={1},
  pages={121--163},
  year={2020}
}
@article{chen2020multi,
  title={A multi-perspective study on artificial intelligence in education: Grants, conferences, journals, software tools, institutions, and researchers},
  author={Chen, Xieling and Xie, Haoran and Hwang, Gwo-Jen},
  journal={Computers and Education: Artificial Intelligence},
  volume={1},
  pages={100005},
  year={2020},
  publisher={Elsevier}
}
@article{wang2022evaluation,
  title={Evaluation Method of Physical Education Teaching and Training Quality Based on Deep Learning},
  author={Wang, Hong and Yang, Fei and Xing, Xingyang},
  journal={Computational Intelligence and Neuroscience},
  volume={2022},
  year={2022},
  publisher={Hindawi}
}
@article{pan2019big,
  title={A big data-based data mining tool for physical education and technical and tactical analysis},
  author={Pan, L.},
  journal={International Journal of Emerging Technologies in Learning (Online)},
  volume={14},
  number={22},
  pages={220--231},
  year={2019},
  publisher={Kassel University Press},
  doi={10.3991/ijet.v14i22.11345}
}

@article{chen2020multi,
  title={A multi-perspective study on artificial intelligence in education: Grants, conferences, journals, software tools, institutions, and researchers},
  author={Chen, Xieling and Xie, Haoran and Hwang, Gwo-Jen},
  journal={Computers and Education: Artificial Intelligence},
  volume={1},
  pages={100005},
  year={2020},
  publisher={Elsevier}
}
@inproceedings{10.1145/3313831.3376727,
author = {Long, Duri and Magerko, Brian},
title = {What is AI Literacy? Competencies and Design Considerations},
year = {2020},
isbn = {9781450367080},
publisher = {Association for Computing Machinery},
address = {New York, NY, USA},
url = {https://doi.org/10.1145/3313831.3376727},
doi = {10.1145/3313831.3376727},
booktitle = {Proceedings of the 2020 CHI Conference on Human Factors in Computing Systems},
pages = {1–16},
numpages = {16},
keywords = {AI literacy, AI for K-12, computing education, artificial intelligence, AI education, machine learning},
location = {Honolulu, HI, USA},
series = {CHI '20}
}
@article{al2020artificial,
  title={Artificial intelligence in education and assessment methods},
  author={Al Braiki, Balqis and Harous, Saad and Zaki, Nazar and Alnajjar, Fady},
  journal={Bulletin of Electrical Engineering and Informatics},
  volume={9},
  number={5},
  pages={1998--2007},
  year={2020}
}
@book{zhang2019moocs,
  title={MOOCs and open education in the Global South: Challenges, successes, and opportunities},
  author={Zhang, Ke and Bonk, Curtis J and Reeves, Thomas C and Reynolds, Thomas H},
  year={2019},
  publisher={Routledge}
}

@book{2013Etsb,
isbn = {0-309-28316-7},
year = {2013},
title = {Educating the student body : taking physical activity and physical education to school / Committee on Physical Activity and Physical Education in the School Environment, Food and Nutrition Board ; Harold W. Kohl III and Heather D. Cook, editors ; Institute of Medicine of the National Academies.},
language = {eng},
keywords = {Physical education and training; Physical fitness for children},
organization = {Institute of Medicine (U.S.) Committee on Physical Activity and Physical Education, Corporate Author},
}
@book{Nsg,
title = {National standards \& grade-level outcomes for K–12 physical education},
organization = {SHAPE America – Society of Health and Physical Educators},
}
@article{castelli2015contextualizing,
  title={Contextualizing physical literacy in the school environment: The challenges},
  author={Castelli, Darla M and Barcelona, Jeanne M and Bryant, Lynne},
  journal={Journal of Sport and Health Science},
  volume={4},
  number={2},
  pages={156--163},
  year={2015},
  publisher={Elsevier}
}
@article{chen2018toward,
  title={Toward active living: Comprehensive school physical activity program research and implications},
  author={Chen, Senlin and Gu, Xiangli},
  journal={Quest},
  volume={70},
  number={2},
  pages={191--212},
  year={2018},
  publisher={Taylor \& Francis}
}
@article{america2015essential,
  title={The essential components of physical education},
  author={America, SHAPE},
  journal={Reston, VA: Author},
  volume={11},
  year={2015}
}
@article{article,
author = {Crompton, Helen and Burke, Diane},
year = {2022},
month = {07},
pages = {113},
title = {Artificial intelligence in K-12 education},
volume = {2},
journal = {SN Social Sciences},
doi = {10.1007/s43545-022-00425-5}
}
@article{casal2023ai,
  title={AI literacy in K-12: a systematic literature review},
  author={Casal-Otero, Lorena and Catala, Alejandro and Fern{\'a}ndez-Morante, Carmen and Taboada, Maria and Cebreiro, Beatriz and Barro, Sen{\'e}n},
  journal={International Journal of STEM Education},
  volume={10},
  number={1},
  pages={29},
  year={2023},
  publisher={Springer}
}
@article{hwang2020fuzzy,
  title={A fuzzy expert system-based adaptive learning approach to improving students’ learning performances by considering affective and cognitive factors},
  author={Hwang, Gwo-Jen and Sung, Han-Yu and Chang, Shao-Chen and Huang, Xing-Ci},
  journal={Computers and Education: Artificial Intelligence},
  volume={1},
  pages={100003},
  year={2020},
  publisher={Elsevier}
}
@article{hinojo2019artificial,
  title={Artificial intelligence in higher education: A bibliometric study on its impact in the scientific literature},
  author={Hinojo-Lucena, Francisco-Javier and Aznar-D{\'\i}az, Inmaculada and C{\'a}ceres-Reche, Mar{\'\i}a-Pilar and Romero-Rodr{\'\i}guez, Jos{\'e}-Mar{\'\i}a},
  journal={Education Sciences},
  volume={9},
  number={1},
  pages={51},
  year={2019},
  publisher={MDPI}
}
@article{zawacki2019systematic,
  title={Systematic review of research on artificial intelligence applications in higher education--where are the educators?},
  author={Zawacki-Richter, Olaf and Mar{\'\i}n, Victoria I and Bond, Melissa and Gouverneur, Franziska},
  journal={International Journal of Educational Technology in Higher Education},
  volume={16},
  number={1},
  pages={1--27},
  year={2019},
  publisher={SpringerOpen}
}
@article{tang2023trends,
  title={Trends in artificial intelligence-supported e-learning: A systematic review and co-citation network analysis (1998--2019)},
  author={Tang, Kai-Yu and Chang, Ching-Yi and Hwang, Gwo-Jen},
  journal={Interactive Learning Environments},
  volume={31},
  number={4},
  pages={2134--2152},
  year={2023},
  publisher={Taylor \& Francis}
}
@article{kabudi2021ai,
  title={AI-enabled adaptive learning systems: A systematic mapping of the literature},
  author={Kabudi, Tumaini and Pappas, Ilias and Olsen, Dag H{\aa}kon},
  journal={Computers and Education: Artificial Intelligence},
  volume={2},
  pages={100017},
  year={2021},
  publisher={Elsevier}
}
@misc{bates2020can,
  title={Can artificial intelligence transform higher education?},
  author={Bates, Tony and Cobo, Crist{\'o}bal and Mari{\~n}o, Olga and Wheeler, Steve},
  journal={International Journal of Educational Technology in Higher Education},
  volume={17},
  number={1},
  pages={1--12},
  year={2020},
  publisher={SpringerOpen}
}

@article{ZHANG2021100025,
title = {AI technologies for education: Recent research \& future directions},
journal = {Computers and Education: Artificial Intelligence},
volume = {2},
pages = {100025},
year = {2021},
issn = {2666-920X},
doi = {https://doi.org/10.1016/j.caeai.2021.100025},
url = {https://www.sciencedirect.com/science/article/pii/S2666920X21000199},
author = {Ke Zhang and Ayse Begum Aslan}
}
@article{crompton2021potential,
  title={The potential of artificial intelligence in higher education},
  author={Crompton, Helen and Song, Donggil},
  journal={Revista virtual Universidad catolica del Norte},
  volume={62},
  year={2021}
}
@article{crompton2020psychological,
  title={Psychological foundations of emerging technologies for teaching and learning in higher education},
  author={Crompton, Helen and Bernacki, Matthew and Greene, Jeffrey A},
  journal={Current Opinion in Psychology},
  volume={36},
  pages={101--105},
  year={2020},
  publisher={Elsevier}
}
@article{chen2020artificial,
  title={Artificial intelligence in education: A review},
  author={Chen, Lijia and Chen, Pingping and Lin, Zhijian},
  journal={Ieee Access},
  volume={8},
  pages={75264--75278},
  year={2020},
  publisher={Ieee}
}
@article{alberola2016artificial,
  title={An artificial intelligence tool for heterogeneous team formation in the classroom},
  author={Alberola, Juan M and Del Val, Elena and Sanchez-Anguix, Victor and Palomares, Alberto and Teruel, Maria Dolores},
  journal={Knowledge-Based Systems},
  volume={101},
  pages={1--14},
  year={2016},
  publisher={Elsevier}
}
@article{chakroun2019artificial,
  title={Artificial intelligence for sustainable development: synthesis report, mobile learning week 2019},
  author={Chakroun, Borhene and Miao, Fengchun and Mendes, Valencir and Domiter, Anett and Fan, Huhua and Kharkova, Iaroslava and Holmes, Wayne and Orr, Dominic and Jermol, Mitja and Issroff, Kim and others},
  year={2019}
}
@article{park2016teachers,
  title={Teachers’ views on the use of robots and cloud services in education for sustainable development},
  author={Park, Ill-Woo and Han, Jeonghye},
  journal={Cluster Computing},
  volume={19},
  pages={987--999},
  year={2016},
  publisher={Springer}
}
@article{edwards2018not,
  title={Why not robot teachers: artificial intelligence for addressing teacher shortage},
  author={Edwards, Bosede I and Cheok, Adrian D},
  journal={Applied Artificial Intelligence},
  volume={32},
  number={4},
  pages={345--360},
  year={2018},
  publisher={Taylor \& Francis}
}
@article{bernacki2020towards,
  title={Towards convergence of mobile and psychological theories of learning},
  author={Bernacki, Matthew L and Crompton, Helen and Greene, Jeffrey A},
  journal={Contemporary Educational Psychology},
  volume={60},
  pages={101828},
  year={2020},
  publisher={Elsevier}
}
@inproceedings{samani2017bridging,
  title={Bridging the gap between high and low performing pupils through performance learning online analysis and curricula},
  author={Samani, Tej and Porayska-Pomsta, Ka{\'s}ka and Luckin, Rose},
  booktitle={Artificial Intelligence in Education: 18th International Conference, AIED 2017, Wuhan, China, June 28--July 1, 2017, Proceedings 18},
  pages={650--655},
  year={2017},
  organization={Springer}
}
@article{cope2021artificial,
  title={Artificial intelligence for education: Knowledge and its assessment in AI-enabled learning ecologies},
  author={Cope, Bill and Kalantzis, Mary and Searsmith, Duane},
  journal={Educational Philosophy and Theory},
  volume={53},
  number={12},
  pages={1229--1245},
  year={2021},
  publisher={Taylor \& Francis}
}
@article{mirzaeian2016learning,
  title={Learning Persian grammar with the aid of an intelligent feedback generator},
  author={Mirzaeian, Vahid R and Kohzadi, Hamedreza and Azizmohammadi, Fatemeh},
  journal={Engineering Applications of Artificial Intelligence},
  volume={49},
  pages={167--175},
  year={2016},
  publisher={Elsevier}
}
@techreport{roschelle2020ai,
  title={AI and the future of learning: Expert panel report},
  author={Roschelle, Jeremy and Lester, James and Fusco, Judi},
  year={2020},
  institution={Digital Promise}
}
@article{zhu2020effect,
  title={The effect of automated feedback on revision behavior and learning gains in formative assessment of scientific argument writing},
  author={Zhu, Mengxiao and Liu, Ou Lydia and Lee, Hee-Sun},
  journal={Computers \& Education},
  volume={143},
  pages={103668},
  year={2020},
  publisher={Elsevier}
}
@article{lee2019automated,
  title={Automated text scoring and real-time adjustable feedback: Supporting revision of scientific arguments involving uncertainty},
  author={Lee, Hee-Sun and Pallant, Amy and Pryputniewicz, Sarah and Lord, Trudi and Mulholland, Matthew and Liu, Ou Lydia},
  journal={Science Education},
  volume={103},
  number={3},
  pages={590--622},
  year={2019},
  publisher={Wiley Online Library}
}
@article{cutumisu2019digital,
  title={A digital game-based assessment of middle-school and college students’ choices to seek critical feedback and to revise},
  author={Cutumisu, Maria and Chin, Doris B and Schwartz, Daniel L},
  journal={British Journal of Educational Technology},
  volume={50},
  number={6},
  pages={2977--3003},
  year={2019},
  publisher={Wiley Online Library}
}
@article{chen2020application,
  title={Application and theory gaps during the rise of artificial intelligence in education},
  author={Chen, Xieling and Xie, Haoran and Zou, Di and Hwang, Gwo-Jen},
  journal={Computers and Education: Artificial Intelligence},
  volume={1},
  pages={100002},
  year={2020},
  publisher={Elsevier}
}



@inproceedings{bilstrup2020staging,
  title={Staging reflections on ethical dilemmas in machine learning: A card-based design workshop for high school students},
  author={Bilstrup, Karl-Emil Kj{\ae}r and Kaspersen, Magnus H and Petersen, Marianne Graves},
  booktitle={Proceedings of the 2020 ACM designing interactive systems conference},
  pages={1211--1222},
  year={2020}
}
@inproceedings{dhariwal2020let,
  title={Let's Chance: Playful probabilistic programming for children},
  author={Dhariwal, Manuj and Dhariwal, Shruti},
  booktitle={Extended Abstracts of the 2020 CHI Conference on Human Factors in Computing Systems},
  pages={1--7},
  year={2020}
}
@inproceedings{dipaola2020decoding,
  title={Decoding design agendas: an ethical design activity for middle school students},
  author={DiPaola, Daniella and Payne, Blakeley H and Breazeal, Cynthia},
  booktitle={Proceedings of the interaction design and children conference},
  pages={1--10},
  year={2020}
}
@incollection{druga2019inclusive,
  title={Inclusive AI literacy for kids around the world},
  author={Druga, Stefania and Vu, Sarah T and Likhith, Eesh and Qiu, Tammy},
  booktitle={Proceedings of FabLearn 2019},
  pages={104--111},
  year={2019}
}
@inproceedings{lin2020zhorai,
  title={Zhorai: Designing a conversational agent for children to explore machine learning concepts},
  author={Lin, Phoebe and Van Brummelen, Jessica and Lukin, Galit and Williams, Randi and Breazeal, Cynthia},
  booktitle={Proceedings of the AAAI Conference on Artificial Intelligence},
  volume={34},
  number={09},
  pages={13381--13388},
  year={2020}
}
@inproceedings{long2020ai,
  title={What is AI literacy? Competencies and design considerations},
  author={Long, Duri and Magerko, Brian},
  booktitle={Proceedings of the 2020 CHI conference on human factors in computing systems},
  pages={1--16},
  year={2020}
}
@inproceedings{srikant2017introducing,
  title={Introducing data science to school kids},
  author={Srikant, Shashank and Aggarwal, Varun},
  booktitle={Proceedings of the 2017 ACM SIGCSE technical symposium on computer science education},
  pages={561--566},
  year={2017}
}

@article{guo2021role,
  title={Role of AI physical education based on application of functional sports training},
  author={Guo, Qiang and Li, Bo},
  journal={Journal of Intelligent \& Fuzzy Systems},
  volume={40},
  number={2},
  pages={3337--3345},
  year={2021},
  publisher={IOS Press}
}

@article{touretzky2019year,
  title={A year in K--12 AI education},
  author={Touretzky, David and Gardner-McCune, Christina and Breazeal, Cynthia and Martin, Fred and Seehorn, Deborah},
  journal={AI magazine},
  volume={40},
  number={4},
  pages={88--90},
  year={2019},
  publisher={Wiley Online Library}
}
@inproceedings{van2019conversational,
  title={Conversational agents to democratize artificial intelligence},
  author={Van Brummelen, Jessica},
  booktitle={2019 IEEE Symposium on Visual Languages and Human-Centric Computing (VL/HCC)},
  pages={239--240},
  year={2019},
  organization={IEEE}
}
@inproceedings{wan2020smileycluster,
  title={SmileyCluster: supporting accessible machine learning in K-12 scientific discovery},
  author={Wan, Xiaoyu and Zhou, Xiaofei and Ye, Zaiqiao and Mortensen, Chase K and Bai, Zhen},
  booktitle={proceedings of the Interaction Design and Children Conference},
  pages={23--35},
  year={2020}
}
@article{singh2012hawk,
  title={Hawk Eye: A Logical Innovative Technology Use in Sports for Effective Decision Making.},
  author={Singh Bal, Baljinder and Dureja, Gaurav},
  journal={Sport Science Review},
  volume={21},
  year={2012}
}
@article{pammer2020learning,
  title={Learning and Education in HCI: A Reflection on the SIG at CHI 2019},
  author={Pammer-Schindler, Viktoria and Harpstead, Erik and Xie, Benjamin and DiSalvo, Betsy and Kharrufa, Ahmed and Slovak, Petr and Ogan, Amy and Williams, Joseph Jay and Lee, Michael J},
  journal={Interactions},
  volume={27},
  number={5},
  pages={6--7},
  year={2020},
  publisher={ACM New York, NY, USA}
}
@article{sanders2008co,
  title={Co-creation and the new landscapes of design},
  author={Sanders, Elizabeth B-N and Stappers, Pieter Jan},
  journal={Co-design},
  volume={4},
  number={1},
  pages={5--18},
  year={2008},
  publisher={Taylor \& Francis}
}
@inproceedings{scaife1997designing,
  title={Designing for or designing with? Informant design for interactive learning environments},
  author={Scaife, Michael and Rogers, Yvonne and Aldrich, Frances and Davies, Matt},
  booktitle={Proceedings of the ACM SIGCHI Conference on Human factors in computing systems},
  pages={343--350},
  year={1997}
}
@inproceedings{hippocrate2017smart,
  title={Smart gyms need smart mirrors: design of a smart gym concept through contextual inquiry},
  author={Hippocrate, Akpa Akpro Elder and Luhanga, Edith Talina and Masashi, Takata and Watanabe, Ko and Yasumoto, Keiichi},
  booktitle={Proceedings of the 2017 ACM International Joint Conference on Pervasive and Ubiquitous Computing and Proceedings of the 2017 ACM International Symposium on Wearable Computers},
  pages={658--661},
  year={2017}
}

@book{jakubowska2017skill,
  title={Skill Transmission, Sport and Tacit Knowledge: A Sociological Perspective},
  author={Jakubowska, Honorata},
  volume={4},
  year={2017},
  publisher={Taylor \& Francis}
}
@article{roschelle2006co,
  title={Co-design of innovations with teachers: Definition and dynamics},
  author={Roschelle, Jeremy and Penuel, William and Shechtman, Nicole},
  year={2006},
  publisher={International Society of the Learning Sciences}
}
@inproceedings{woodward2018using,
  title={Using co-design to examine how children conceptualize intelligent interfaces},
  author={Woodward, Julia and McFadden, Zari and Shiver, Nicole and Ben-Hayon, Amir and Yip, Jason C and Anthony, Lisa},
  booktitle={Proceedings of the 2018 CHI Conference on Human Factors in Computing Systems},
  pages={1--14},
  year={2018}
}
@inproceedings{yu2020considering,
  title={Considering parents in coding kit design: Understanding parents' perspectives and roles},
  author={Yu, Junnan and Bai, Chenke and Roque, Ricarose},
  booktitle={Proceedings of the 2020 CHI Conference on Human Factors in Computing Systems},
  pages={1--14},
  year={2020}
}
@article{kaur2020physical,
  title={Physical fitness and exercise during the COVID-19 pandemic: A qualitative enquiry},
  author={Kaur, Harleen and Singh, Tushar and Arya, Yogesh Kumar and Mittal, Shalini},
  journal={Frontiers in psychology},
  pages={2943},
  year={2020},
  publisher={Frontiers}
}
@inproceedings{kritopoulou2016towards,
  title={Towards the design of augmented feedforward and feedback for sensorimotor learning of motor skills},
  author={Kritopoulou, Paraskevi and Manitsaris, Sotiris and Moutarde, Fabien},
  booktitle={Proceedings of the 3rd International Symposium on Movement and Computing},
  pages={1--4},
  year={2016}
}
@inproceedings{ladha2013climbax,
  title={ClimbAX: skill assessment for climbing enthusiasts},
  author={Ladha, Cassim and Hammerla, Nils Y and Olivier, Patrick and Pl{\"o}tz, Thomas},
  booktitle={Proceedings of the 2013 ACM international joint conference on Pervasive and ubiquitous computing},
  pages={235--244},
  year={2013}
}
@book{lazar2017research,
  title={Research methods in human-computer interaction},
  author={Lazar, Jonathan and Feng, Jinjuan Heidi and Hochheiser, Harry},
  year={2017},
  publisher={Morgan Kaufmann}
}
@article{ngadiman2020comparative,
  title={A Comparative Study on Quality Characteristics in Designing Educational Applications},
  author={Ngadiman, Norzila and Sulaiman, Shahida and Idris, Norsham and Mohamed, Hasnah},
  journal={International Journal of Information and Education Technology},
  volume={10},
  number={8},
  year={2020}
}
@inproceedings{patel2015contextual,
  title={Contextual influences on the use and non-use of digital technology while exercising at the gym},
  author={Patel, Misha and O'kane, Aisling Ann},
  booktitle={Proceedings of the 33rd annual acm conference on human factors in computing systems},
  pages={2923--2932},
  year={2015}
}
@inproceedings{salim2020action,
  title={Action modelling for interaction and analysis in smart sports and physical education},
  author={Salim, Fahim A and Haider, Fasih and Frutos-Pascual, Maite and Reidsma, Dennis and Luz, Saturnino and van Beijnum, Bert-Jan},
  booktitle={Companion Publication of the 2020 International Conference on Multimodal Interaction},
  pages={228--229},
  year={2020}
}
@article{paracha2019co,
  title={Co-design with children: using participatory design for design thinking and social and emotional learning},
  author={Paracha, Samiullah and Hall, Lynne and Clawson, Kathy and Mitsche, Nicole and Jamil, Fatima},
  journal={Open Education Studies},
  volume={1},
  number={1},
  pages={267--280},
  year={2019},
  publisher={De Gruyter Open}
}
@inproceedings{sodhi2012lightguide,
  title={LightGuide: projected visualizations for hand movement guidance},
  author={Sodhi, Rajinder and Benko, Hrvoje and Wilson, Andrew},
  booktitle={Proceedings of the SIGCHI Conference on Human Factors in Computing Systems},
  pages={179--188},
  year={2012}
}
@inproceedings{sousa2016sleevear,
  title={SleeveAR: Augmented reality for rehabilitation using realtime feedback},
  author={Sousa, Maur{\'\i}cio and Vieira, Jo{\~a}o and Medeiros, Daniel and Arsenio, Artur and Jorge, Joaquim},
  booktitle={Proceedings of the 21st international conference on intelligent user interfaces},
  pages={175--185},
  year={2016}
}
@inproceedings{toivonen2020co,
  title={Co-designing machine learning apps in K--12 with primary school children},
  author={Toivonen, Tapani and Jormanainen, Ilkka and Kahila, Juho and Tedre, Matti and Valtonen, Teemu and Vartiainen, Henriikka},
  booktitle={2020 IEEE 20th International Conference on Advanced Learning Technologies (ICALT)},
  pages={308--310},
  year={2020},
  organization={IEEE}
}
@article{verhagen2015protecting,
  title={Protecting the health of the@ hlete: how online technology may aid our common goal to prevent injury and illness in sport},
  author={Verhagen, Evert and Bolling, Caroline},
  journal={British journal of sports medicine},
  volume={49},
  number={18},
  pages={1174--1178},
  year={2015},
  publisher={BMJ Publishing Group Ltd and British Association of Sport and Exercise Medicine}
}
@article{pammer2020learning,
  title={Learning and Education in HCI: A Reflection on the SIG at CHI 2019},
  author={Pammer-Schindler, Viktoria and Harpstead, Erik and Xie, Benjamin and DiSalvo, Betsy and Kharrufa, Ahmed and Slovak, Petr and Ogan, Amy and Williams, Joseph Jay and Lee, Michael J},
  journal={Interactions},
  volume={27},
  number={5},
  pages={6--7},
  year={2020},
  publisher={ACM New York, NY, USA}
}
@article{walker2020increasing,
  title={Increasing accuracy of rock-climbing techniques in novice athletes using expert modeling and video feedback},
  author={Walker, Seth G and Mattson, Stephanie L and Sellers, Tyra P},
  journal={Journal of Applied Behavior Analysis},
  volume={53},
  number={4},
  pages={2260--2270},
  year={2020},
  publisher={Wiley Online Library}
}
@article{spinuzzi2005methodology,
  title={The methodology of participatory design},
  author={Spinuzzi, Clay},
  journal={Technical communication},
  volume={52},
  number={2},
  pages={163--174},
  year={2005},
  publisher={Society for Technical Communication}
}
@incollection{muller2012participatory,
  title={Participatory design: The third space in human--computer interaction},
  author={Muller, Michael J and Druin, Allison},
  booktitle={Human Computer Interaction Handbook},
  pages={1125--1153},
  year={2012},
  publisher={CRC Press}
}
@article{sanders2008co,
  title={Co-creation and the new landscapes of design},
  author={Sanders, Elizabeth B-N and Stappers, Pieter Jan},
  journal={Co-design},
  volume={4},
  number={1},
  pages={5--18},
  year={2008},
  publisher={Taylor \& Francis}
}

@book{cohen2008learning,
  title={Learning policy: When state education reform works},
  author={Cohen, David K and Hill, Heather C},
  year={2008},
  publisher={Yale University Press}
}
@article{talbert1999assessing,
  title={Assessing the school environment: Embedded contexts and bottom-up research strategies.},
  author={Talbert, Joan E and McLaughlin, Milbrey W},
  year={1999},
  publisher={American Psychological Association}
}
@article{blumenfeld2000creating,
  title={Creating usable innovations in systemic reform: Scaling up technology-embedded project-based science in urban schools},
  author={Blumenfeld, Phyllis and Fishman, Barry J and Krajcik, Joseph and Marx, Ronald W and Soloway, Elliot},
  journal={Educational psychologist},
  volume={35},
  number={3},
  pages={149--164},
  year={2000},
  publisher={Taylor \& Francis}
}
@book{means2001connected,
  title={The connected school: Technology and learning in high school.},
  author={Means, Barbara and Penuel, William R and Padilla, Christine},
  year={2001},
  publisher={ERIC}
}

@article{durall2019co,
  title={Co-creation and co-design in technology-enhanced learning: Innovating science learning outside the classroom.},
  author={Durall, Eva and Bauters, Merja and Hietala, Iida and Leinonen, Teemu and Kapros, Evangelos},
  journal={IxD\&A},
  volume={42},
  pages={202--226},
  year={2019}
}
@article{wilkerson2017teachers,
  title={Teachers, students, and after-school professionals as designers of digital tools for learning},
  author={Wilkerson, Michelle Hoda},
  journal={Participatory design for learning},
  pages={125--138},
  year={2017},
  publisher={Routledge}
}
@inproceedings{bonsignore2013designing,
  title={Designing for learners, with learners: Toward a theory of cooperative inquiry in the design of learning technologies},
  author={Bonsignore, Elizabeth and Yip, Jason C and Ahn, June and Clegg, Tamara and Guha, Mona Leigh},
  booktitle={Human-Computer Interaction and the Learning Sciences. Pre-conference workshop at CSCL},
  year={2013}
}
@article{konings2005towards,
  title={Towards more powerful learning environments through combining the perspectives of designers, teachers, and students},
  author={K{\"o}nings, Karen D and Brand-Gruwel, Saskia and Van Merri{\"e}nboer, Jeroen JG},
  journal={British Journal of Educational Psychology},
  volume={75},
  number={4},
  pages={645--660},
  year={2005},
  publisher={Wiley Online Library}
}
@book{disalvo2017participatory,
  title={Participatory design for learning: Perspectives from practice and research},
  author={DiSalvo, Betsy and Yip, Jason and Bonsignore, Elizabeth and DiSalvo, Carl},
  year={2017},
  publisher={Taylor \& Francis}
}
@inproceedings{vendlinski2013use,
  title={The use of artificial neural nets (ANN) to help evaluate student problem solving strategies},
  author={Vendlinski, Terry and Stevens, Ron},
  booktitle={International Conference of the Learning Sciences},
  pages={108--114},
  year={2013},
  organization={Psychology Press}
}
@article{wei2018exploration,
  title={The exploration of a machine learning approach for the assessment of learning styles changes},
  author={Wei, Yueer and Yang, Qingxia and Chen, Jiangping and Hu, Jie},
  journal={Mech. Syst. Control Formerly Control Intell. Syst.},
  volume={46},
  number={3},
  pages={21},
  year={2018}
}
@article{garcia2008enhanced,
  title={An enhanced Bayesian model to detect students’ learning styles in Web-based courses},
  author={Garc{\'\i}a, Patricio and Schiaffino, Silvia and Amandi, Anal{\'\i}a},
  journal={Journal of Computer Assisted Learning},
  volume={24},
  number={4},
  pages={305--315},
  year={2008},
  publisher={Wiley Online Library}
}
@article{chin2010preparing,
  title={Preparing students for future learning with teachable agents},
  author={Chin, Doris B and Dohmen, Ilsa M and Cheng, Britte H and Oppezzo, Marily A and Chase, Catherine C and Schwartz, Daniel L},
  journal={Educational Technology Research and Development},
  volume={58},
  pages={649--669},
  year={2010},
  publisher={Springer}
}
@article{mclaren2011polite,
  title={Polite web-based intelligent tutors: Can they improve learning in classrooms?},
  author={McLaren, Bruce M and DeLeeuw, Krista E and Mayer, Richard E},
  journal={Computers \& Education},
  volume={56},
  number={3},
  pages={574--584},
  year={2011},
  publisher={Elsevier}
}
@article{cheung2003smarttutor,
  title={SmartTutor: An intelligent tutoring system in web-based adult education},
  author={Cheung, Bruce and Hui, Lucas and Zhang, J and Yiu, Siu-Ming},
  journal={Journal of Systems and Software},
  volume={68},
  number={1},
  pages={11--25},
  year={2003},
  publisher={Elsevier}
}
@article{nwana1990intelligent,
  title={Intelligent tutoring systems: an overview},
  author={Nwana, Hyacinth S},
  journal={Artificial Intelligence Review},
  volume={4},
  number={4},
  pages={251--277},
  year={1990},
  publisher={Springer}
}
@article{chou2003redefining,
  title={Redefining the learning companion: the past, present, and future of educational agents},
  author={Chou, Chih-Yueh and Chan, Tak-Wai and Lin, Chi-Jen},
  journal={Computers \& Education},
  volume={40},
  number={3},
  pages={255--269},
  year={2003},
  publisher={Elsevier}
}
@inproceedings{mccusker2012intelligent,
  title={Intelligent assessment and learner personalisation in virtual 3D immersive environments},
  author={McCusker, Kerri and Callaghan, Michael and Harkin, Jim and Wilson, Shane},
  booktitle={European Conference on Games Based Learning},
  pages={591},
  year={2012},
  organization={Academic Conferences International Limited}
}
@article{xu2006intelligent,
  title={Intelligent agent supported personalization for virtual learning environments},
  author={Xu, Dongming and Wang, Huaiqing},
  journal={Decision Support Systems},
  volume={42},
  number={2},
  pages={825--843},
  year={2006},
  publisher={Elsevier}
}
@inproceedings{silveira2005intelligent,
  title={Intelligent learning objects: an agent-based approach of learning objects},
  author={Silveira, Ricardo and Gomes, Eduardo and Vicari, Rosa},
  booktitle={Information and Communication Technologies and Real-Life Learning: New Education for the Knowledge Society},
  pages={103--110},
  year={2005},
  organization={Springer}
}
@article{zollanvari2017predicting,
  title={Predicting students’ GPA and developing intervention strategies based on self-regulatory learning behaviors},
  author={Zollanvari, Amin and Kizilirmak, Refik Caglar and Kho, Yau Hee and Hern{\'a}ndez-Torrano, Daniel},
  journal={IEEE Access},
  volume={5},
  pages={23792--23802},
  year={2017},
  publisher={IEEE}
}
@inproceedings{mccusker2012intelligent,
  title={Intelligent assessment and learner personalisation in virtual 3D immersive environments},
  author={McCusker, Kerri and Callaghan, Michael and Harkin, Jim and Wilson, Shane},
  booktitle={European Conference on Games Based Learning},
  pages={591},
  year={2012},
  organization={Academic Conferences International Limited}
}
@book{samarakou2014implementation,
  title={Implementation of Artificial Intelligence Assessment in Engineering Laboratory Education.},
  author={Samarakou, Maria and Fylladitakis, Emmanouil D and Prentakis, Pantelis and Athineos, Spyros},
  year={2014},
  publisher={ERIC}
}
@article{gokmen2010evaluation,
  title={Evaluation of student performance in laboratory applications using fuzzy logic},
  author={Gokmen, Gokhan and Akinci, Tahir {\c{C}}etin and Tekta{\c{s}}, Mehmet and Onat, Nevzat and Kocyigit, Gokhan and Tekta{\c{s}}, Necla},
  journal={Procedia-Social and Behavioral Sciences},
  volume={2},
  number={2},
  pages={902--909},
  year={2010},
  publisher={Elsevier}
}
@article{stantchev2015cloud,
  title={Cloud computing service for knowledge assessment and studies recommendation in crowdsourcing and collaborative learning environments based on social network analysis},
  author={Stantchev, Vladimir and Prieto-Gonz{\'a}lez, Lisardo and Tamm, Gerrit},
  journal={Computers in Human Behavior},
  volume={51},
  pages={762--770},
  year={2015},
  publisher={Elsevier}
}
@article{jastrow2022digital,
  title={Digital technology in physical education: A systematic review of research from 2009 to 2020},
  author={Jastrow, Florian and Greve, Steffen and Thumel, Mareike and Diekhoff, Henrike and S{\"u}{\ss}enbach, Jessica},
  journal={German Journal of Exercise and Sport Research},
  volume={52},
  number={4},
  pages={504--528},
  year={2022},
  publisher={Springer}
}
@book{schuler1993participatory,
  title={Participatory design: Principles and practices},
  author={Schuler, Douglas and Namioka, Aki},
  year={1993},
  publisher={CRC Press}
}
@incollection{holmes2023artificial,
  title={Artificial intelligence in education},
  author={Holmes, Wayne and Bialik, Maya and Fadel, Charles},
  year={2023},
  publisher={Globethics Publications}
}
@article{goodyear2014hiding,
  title={Hiding behind the camera: Social learning within the cooperative learning model to engage girls in physical education},
  author={Goodyear, Victoria A and Casey, Ashley and Kirk, David},
  journal={Sport, education and society},
  volume={19},
  number={6},
  pages={712--734},
  year={2014},
  publisher={Taylor \& Francis}
}
@article{o2013digital,
  title={Digital video: The impact on children’s learning experiences in primary physical education},
  author={O’Loughlin, Joe and Chr{\'o}in{\'\i}n, Deirdre N{\'\i} and O’Grady, David},
  journal={European Physical Education Review},
  volume={19},
  number={2},
  pages={165--182},
  year={2013},
  publisher={Sage Publications Sage UK: London, England}
}
@article{mishra2006technological,
  title={Technological pedagogical content knowledge: A framework for teacher knowledge},
  author={Mishra, Punya and Koehler, Matthew J},
  journal={Teachers college record},
  volume={108},
  number={6},
  pages={1017--1054},
  year={2006},
  publisher={SAGE Publications Sage CA: Los Angeles, CA}
}
@book{koekoek2018digital,
  title={Digital technology in physical education: Global perspectives},
  author={Koekoek, Jeroen and Van Hilvoorde, Ivo},
  year={2018},
  publisher={Routledge}
}
@article{walton2019exploring,
  title={Exploring future research in physical education: Espousing a social justice perspective},
  author={Walton-Fisette, Jennifer L and Richards, K Andrew R and Centeio, Erin E and Pennington, Todd R and Hopper, Tim},
  journal={Research quarterly for exercise and sport},
  volume={90},
  number={4},
  pages={440--451},
  year={2019},
  publisher={Taylor \& Francis}
}
@article{gibbone2010technology,
  title={Technology integration in secondary physical education: Teachers’ attitudes and practice},
  author={Gibbone, Anne and Rukavina, Paul and Silverman, Stephen},
  journal={Journal of educational technology development and exchange (JETDE)},
  volume={3},
  number={1},
  pages={3},
  year={2010}
}
@article{juniu2013technology,
  title={Technology integration in physical education teacher education programs: a comparative analysis},
  author={Juniu, Susana and Shonfeld, Miri and Ganot, Adit},
  journal={Actualidades investigativas en educaci{\'o}n},
  volume={13},
  number={3},
  pages={218--240},
  year={2013},
  publisher={http://creativecommons. org/licenses/by-nc-nd/3.0/}
}
@book{casey2016digital,
  title={Digital technologies and learning in physical education: Pedagogical cases},
  author={Casey, Ashley and Goodyear, Victoria A and Armour, Kathleen M},
  year={2016},
  publisher={Taylor \& Francis}
}
@article{beighle2004using,
  title={Using pedometers in elementary physical education.},
  author={Beighle, Aaron and Morgan, Charles F and Pangrazi, Robert P},
  journal={Teaching Elementary Physical Education},
  volume={15},
  number={1},
  pages={17--18},
  year={2004},
  publisher={ERIC}
}
@article{phillips2014apps,
  title={Apps for physical education: Teacher tested, kid approved! Column Editor: Brent Heidorn},
  author={Phillips, Amber and Rodenbeck, Myshel and Clegg, Bethany},
  journal={Strategies},
  volume={27},
  number={3},
  pages={28--31},
  year={2014},
  publisher={Taylor \& Francis}
}
@article{jones2012moving,
  title={Moving beyond the stopwatch and whistle: Examining technology use in teacher training},
  author={Jones, EM and Bulger, SM and Wyant, JD},
  journal={The Global Journal of Health and Physical Education Pedagogy},
  volume={1},
  number={3},
  pages={210--222},
  year={2012}
}
@article{legrain2015integration,
  title={Integration of information and communication technology and pupils’ motivation in a physical education setting},
  author={Legrain, Pascal and Gillet, Nicolas and Gernigon, Christophe and Lafreniere, Marc-Andr{\'e}},
  journal={Journal of teaching in Physical Education},
  volume={34},
  number={3},
  pages={384--401},
  year={2015},
  publisher={Human Kinetics, Inc.}
}
@article{melton2015evaluating,
  title={Evaluating a physical activity app in the classroom: a mixed methodological approach among},
  author={Melton, Bridget and Harris, Helen Bland Brandonn and Kelly, Destiny and Chandler, Kristin},
  journal={The Physical Educator},
  volume={72},
  pages={601--620},
  year={2015}
}
@article{pangrazi2003physical,
  title={Physical education K-12:“All for one and one for all”},
  author={Pangrazi, Robert P},
  journal={Quest},
  volume={55},
  number={2},
  pages={105--117},
  year={2003},
  publisher={Taylor \& Francis}
}
@article{tulyakul2019classroom,
  title={Classroom Management Strategies and Teaching Motivation among Physical Education Teachers in Primary School.},
  author={Tulyakul, Singha and Sangkaew, Teeraphan and Buaduang, Namchok and Metheethammawat, Chawapong and Sirirattanapun, Katcha and Pantusa, Kasem and Sangthong, Nom and Boontawee, Nattakorn and Puichumpol, Piyorot and Kaewmanee, Chanasit and others},
  journal={African Educational Research Journal},
  volume={7},
  number={4},
  pages={212--219},
  year={2019},
  publisher={ERIC}
}
@phdthesis{powell2014teachers,
  title={Teachers' perspectives on classroom management: confidence, strategies, and professional development: a thesis presented in partial fulfilment of the requirements for the degree of Master of Educational Psychology at Massey University, Auckland, New Zealand},
  author={Powell, Lynette Mary},
  year={2014},
  school={Massey University}
}
@article{sieberer2016effective,
  title={Effective classroom-management \& positive teaching.},
  author={Sieberer-Nagler, Katharina},
  journal={English Language Teaching},
  volume={9},
  number={1},
  pages={163--172},
  year={2016},
  publisher={ERIC}
}
@article{bevans2010physical,
  title={Physical education resources, class management, and student physical activity levels: A structure-process-outcome approach to evaluating physical education effectiveness},
  author={Bevans, Katherine B and Fitzpatrick, Leslie-Anne and Sanchez, Betty M and Riley, Anne W and Forrest, Christopher},
  journal={Journal of School Health},
  volume={80},
  number={12},
  pages={573--580},
  year={2010},
  publisher={Wiley Online Library}
}
@incollection{cothran2014classroom,
  title={Classroom management in physical education},
  author={Cothran, Donetta and Kulinna, Pamela},
  booktitle={Handbook of classroom management},
  pages={239--260},
  year={2014},
  publisher={Routledge}
}
@article{chepyator2003pre,
  title={PRE-SERVICE TEACHERS'REFLECTIONS ON STUDENT TEACHING EXPERIENCES: LESSONS LEARNED AND SUGGESTIONS FOR REFORM IN PETE PROGRAMS},
  author={Chepyator-Thomson, Jepkorir Rose and Liu, Wenhao},
  journal={Physical Educator},
  volume={60},
  number={2},
  pages={2--12},
  year={2003},
  publisher={Phi Epsilon Kappa Fraternity}
}
@article{o1994rules,
  title={Rules, routines, and expectations of 11 high school physical education teachers},
  author={O'Sullivan, Mary and Dyson, Ben},
  journal={Journal of Teaching in Physical Education},
  volume={13},
  pages={361--361},
  year={1994},
  publisher={HUMAN KINETICS PUBLISHERS}
}
@article{rimmer1989confrontation,
  title={Confrontation in the gym: A systematic solution for behavior problems},
  author={Rimmer, James H},
  journal={Journal of Physical Education, Recreation \& Dance},
  volume={60},
  number={5},
  pages={63--65},
  year={1989},
  publisher={Taylor \& Francis}
}
@article{belka1991let,
  title={Let's manage to have some order},
  author={Belka, David E},
  journal={Journal of Physical Education, Recreation \& Dance},
  volume={62},
  number={9},
  pages={21--23},
  year={1991},
  publisher={Taylor \& Francis}
}
@misc{acsd2014whole,
    author    = {ACSD},
    title     = {Whole School, Whole Community, Whole Child},
    year      = {2014},
    url       = {http://www.ascd.org/programs/learning-and-health/wscc-model.aspx},
    note      = {Accessed December 13, 2017}
}
@misc{education2010association,
  title={The association between school-based physical activity, including physical education, and academic performance},
  author={Education, Including Physical},
  year={2010},
  publisher={US Department of Health and Human Services Atlanta, GA, USA}
}
@article{sallis1991physical,
  title={Physical education's role in public health},
  author={Sallis, James F and McKenzie, Thomas L},
  journal={Research quarterly for exercise and sport},
  volume={62},
  number={2},
  pages={124--137},
  year={1991},
  publisher={Taylor \& Francis}
}
@book{siedentop2022introduction,
  title={Introduction to physical education, fitness, and sport},
  author={Siedentop, Daryl and Van der Mars, Hans},
  year={2022},
  publisher={Human kinetics}
}
@article{dishman2015motivation,
  title={Motivation and behavioral regulation of physical activity in middle-school students},
  author={Dishman, Rod K and McIver, Kerry L and Dowda, Marsha and Saunders, Ruth P and Pate, Russell R},
  journal={Medicine and science in sports and exercise},
  volume={47},
  number={9},
  pages={1913},
  year={2015},
  publisher={NIH Public Access}
}
@article{hastie2014perceived,
  title={Perceived and actual motivational climate of a mastery-involving sport education season},
  author={Hastie, Peter and Sinelnikov, Oleg and Wallhead, Tristan and Layne, Todd},
  journal={European Physical Education Review},
  volume={20},
  number={2},
  pages={215--228},
  year={2014},
  publisher={Sage Publications Sage UK: London, England}
}
@article{cox2008roles,
  title={The roles of perceived teacher support, motivational climate, and psychological need satisfaction in students’ physical education motivation},
  author={Cox, Anne and Williams, Lavon},
  journal={Journal of sport and exercise psychology},
  volume={30},
  number={2},
  pages={222--239},
  year={2008},
  publisher={Human Kinetics, Inc.}
}
@article{world2018promoting,
  title={Promoting physical activity in the education sector},
  author={World Health Organization and others},
  journal={Current status and success stories from the European Union Member States of the WHO European Region},
  year={2018},
  publisher={WHO Regional Office for Europe Copehangen, Denmark}
}
@inproceedings{kareem2020application,
    author    = {Kareem, M. A.},
    title     = {Application of technology in physical education class},
    booktitle = {International Conference on Enhancing Skills in Physical Education and Sport Science},
    year      = {2020},
    edition   = {1st},
    address   = {London},
    publisher = {Rubicon}
}
@book{bar1995health,
  title={Health benefits of physical activity during childhood and adolescence},
  author={Bar-Or, Oded},
  year={1995},
  publisher={President's Council on Physical Fitness and Sports}
}
@article{telama1997physical,
  title={Physical activity in childhood and adolescence as predictor of physical activity in young adulthood},
  author={Telama, Risto and Yang, Xiaolin and Laakso, Lauri and Viikari, Jorma},
  journal={American journal of preventive medicine},
  volume={13},
  number={4},
  pages={317--323},
  year={1997},
  publisher={Elsevier}
}
@article{ertmer2012teacher,
  title={Teacher beliefs and technology integration practices: A critical relationship},
  author={Ertmer, Peggy A and Ottenbreit-Leftwich, Anne T and Sadik, Olgun and Sendurur, Emine and Sendurur, Polat},
  journal={Computers \& education},
  volume={59},
  number={2},
  pages={423--435},
  year={2012},
  publisher={Elsevier}
}
@article{mama2013developing,
  title={Developing a typology of teacher beliefs and practices concerning classroom use of ICT},
  author={Mama, Maria and Hennessy, Sara},
  journal={Computers \& Education},
  volume={68},
  pages={380--387},
  year={2013},
  publisher={Elsevier}
}
@article{van2017glid,
  title={The GLID method: Moving from design features to underlying values in co-design},
  author={Van Mechelen, Maarten and Derboven, Jan and Laenen, Ann and Willems, Bert and Geerts, David and Abeele, Vero Vanden},
  journal={International Journal of Human-Computer Studies},
  volume={97},
  pages={116--128},
  year={2017},
  publisher={Elsevier}
}
@inproceedings{lin2021engaging,
  title={Engaging teachers to co-design integrated AI curriculum for K-12 classrooms},
  author={Lin, Phoebe and Van Brummelen, Jessica},
  booktitle={Proceedings of the 2021 CHI conference on human factors in computing systems},
  pages={1--12},
  year={2021}
}
@article{baca2006rapido,
  title={Rapid feedback systems for elite sports training},
  author={Baca, Arnold and Kornfeind, Philipp},
  journal={IEEE Pervasive Computing},
  volume={5},
  number={4},
  pages={70--76},
  year={2006},
  publisher={IEEE}
}
@article{yaugci2019prediction,
title={Prediction of academic achievements of vocational and technical high school (VTS) students in science courses through artificial neural networks (comparison of Turkey and Malaysia)},
author={Ya{\u{g}}ci, Ali and {\c{C}}evik, Mustafa},
journal={Education and Information Technologies},
volume={24},
number={5},
pages={2741--2761},
year={2019},
publisher={Springer}
}
@article{roll2016evolution,
title={Evolution and revolution in artificial intelligence in education},
author={Roll, Ido and Wylie, Ruth},
journal={International Journal of Artificial Intelligence in Education},
volume={26},
pages={582--599},
year={2016},
publisher={Springer}
}

@book{o1986learning,
title={Learning and teaching with computers: The artificial intelligence revolution},
author={O'shea, Tim and Self, John},
year={1986},
publisher={Prentice Hall Professional Technical Reference}
}


@misc{hwang2020vision,
  title={Vision, challenges, roles and research issues of Artificial Intelligence in Education},
  author={Hwang, Gwo-Jen and Xie, Haoran and Wah, Benjamin W and Ga{\v{s}}evi{\'c}, Dragan},
  journal={Computers and Education: Artificial Intelligence},
  volume={1},
  pages={100001},
  year={2020},
  publisher={Elsevier}
}
@article{ouyang2021artificial,
  title={Artificial intelligence in education: The three paradigms},
  author={Ouyang, Fan and Jiao, Pengcheng},
  journal={Computers and Education: Artificial Intelligence},
  volume={2},
  pages={100020},
  year={2021},
  publisher={Elsevier}
}
@article{wu2013expert,
title={An expert system-based context-aware ubiquitous learning approach for conducting science learning activities},
author={Wu, Po-Han and Hwang, Gwo-Jen and Tsai, Wen-Hung},
journal={Journal of Educational Technology \& Society},
volume={16},
number={4},
pages={217--230},
year={2013},
publisher={JSTOR}
}
@article{azcona2019detecting,
title={Detecting students-at-risk in computer programming classes with learning analytics from students’ digital footprints},
author={Azcona, David and Hsiao, I-Han and Smeaton, Alan F},
journal={User Modeling and User-Adapted Interaction},
volume={29},
pages={759--788},
year={2019},
publisher={Springer}
}
@article{gavrilovic2018algorithm,
title={Algorithm for adaptive learning process and improving learners’ skills in Java programming language},
author={Gavrilovi{\'c}, Neboj{\v{s}}a and Arsi{\'c}, Aleksandra and Domazet, Dragan and Mishra, Alok},
journal={Computer Applications in Engineering Education},
volume={26},
number={5},
pages={1362--1382},
year={2018},
publisher={Wiley Online Library}
}

@article{balakrishnan2018motivating,
title={Motivating engineering students learning via monitoring in personalized learning environment with tagging system},
author={Balakrishnan, Balamuralithara},
journal={Computer Applications in Engineering Education},
volume={26},
number={3},
pages={700--710},
year={2018},
publisher={Wiley Online Library}
}

@article{verner2020exploring,
title={Exploring affordances of robot manipulators in an introductory engineering course},
author={Verner, Igor M and Cuperman, Dan and Gamer, Sergei and Polishuk, Alex},
journal={International Journal of Engineering Education},
volume={36},
number={5},
pages={1691--1705},
year={2020}
}


@article{hooshyar2018development,
title={Development and evaluation of a game-based bayesian intelligent tutoring system for teaching programming},
author={Hooshyar, Danial and Binti Ahmad, Rodina and Wang, Minhong and Yousefi, Moslem and Fathi, Moein and Lim, Heuiseok},
journal={Journal of Educational Computing Research},
volume={56},
number={6},
pages={775--801},
year={2018},
publisher={SAGE Publications Sage CA: Los Angeles, CA}
}

@article{lin2020design,
title={Design and evaluation of a deep learning recommendation based augmented reality system for teaching programming and computational thinking},
author={Lin, Pei-Hsuan and Chen, Shih-Yeh},
journal={IEEE Access},
volume={8},
pages={45689--45699},
year={2020},
publisher={IEEE}
}

@article{jones2018adaptive,
title={Adaptive robotic tutors that support self-regulated learning: A longer-term investigation with primary school children},
author={Jones, Aidan and Castellano, Ginevra},
journal={International Journal of Social Robotics},
volume={10},
pages={357--370},
year={2018},
publisher={Springer}
}

@article{garcia2018automatic,
title={Automatic argument assessment of final project reports of computer engineering students},
author={Garc{\'\i}a-Gorrostieta, Jes{\'u}s M and L{\'o}pez-L{\'o}pez, Aurelio and Gonz{\'a}lez-L{\'o}pez, Samuel},
journal={Computer Applications in Engineering Education},
volume={26},
number={5},
pages={1217--1226},
year={2018},
publisher={Wiley Online Library}
}

@article{sapounidis2018latent,
title={Latent class modeling of children’s preference profiles on tangible and graphical robot programming},
author={Sapounidis, Theodosios and Stamovlasis, Dimitrios and Demetriadis, Stavros},
journal={IEEE Transactions on Education},
volume={62},
number={2},
pages={127--133},
year={2018},
publisher={IEEE}
}
@article{pereira2020using,
title={Using learning analytics in the Amazonas: understanding students’ behaviour in introductory programming},
author={Pereira, Filipe D and Oliveira, Elaine HT and Oliveira, David BF and Cristea, Alexandra I and Carvalho, Leandro SG and Fonseca, Samuel C and Toda, Armando and Isotani, Seiji},
journal={British journal of educational technology},
volume={51},
number={4},
pages={955--972},
year={2020},
publisher={Wiley Online Library}
}
@article{wang2016course,
title={Course-taking patterns of community college students beginning in STEM: Using data mining techniques to reveal viable STEM transfer pathways},
author={Wang, Xueli},
journal={Research in Higher Education},
volume={57},
pages={544--569},
year={2016},
publisher={Springer}
}

@article{corbin2021,
author = "Corbin, Charles B",
title = "Conceptual physical education: A course for the future",
journal = "Journal of Sport and Health Science",
year = "2021",
volume = "10",
number = "3",
pages = "308-322",
doi = "10.1016/j.jshs.2020.10.004",
issn = "2095-2546",
address = "College of Health Solutions, Arizona State University, Phoenix, AZ 85004, USA",
month = "May",
publisher = "China"
}
@article{article,
author = {Yaakop, Nurhidayah and Koh¹, Denise and Yasin¹, Ruhizan},
year = {2022},
month = {03},
pages = {2022},
title = {The Recent Trends on Physical Education Subject with the Issues and Strategies},
volume = {37},
journal = {International Journal of Special Education}
}
@article{de2018effects,
  title={Effects of physical activity on executive functions, attention and academic performance in preadolescent children: a meta-analysis},
  author={De Greeff, Johannes W and Bosker, Roel J and Oosterlaan, Jaap and Visscher, Chris and Hartman, E},
  journal={Journal of science and medicine in sport},
  volume={21},
  number={5},
  pages={501--507},
  year={2018},
  publisher={Elsevier}
}
@article{abouelmagd2020sports,
  title={Sports and physical activity during (COVID-19) pandemic},
  author={AbouElmagd, Mohammed},
  journal={International Journal of Physical Education, Sports and Health},
  volume={7},
  number={3},
  pages={82--84},
  year={2020}
}
@article{you2010physical,
title={Why physical Education teacher as curriculum maker},
author={You, JA},
journal={Korean Journal of Sport Pedagogy},
volume={17},
number={4},
pages={1--18},
year={2010}
}

@article{harris2018case,
  title={The case for physical education becoming a core subject in the National Curriculum},
  author={Harris, Jo},
  year={2018},
  publisher={Loughborough University}
}

@inproceedings{xian2010artificial,
title={Artificial intelligence and modern sports education technology},
author={Xian, Liu},
booktitle={2010 International Conference on Artificial Intelligence and Education (ICAIE)},
pages={772--776},
year={2010},
organization={IEEE}
}
@inproceedings{xian2010artificial,
title={Artificial intelligence and modern sports education technology},
author={Xian, Liu},
booktitle={2010 International Conference on Artificial Intelligence and Education (ICAIE)},
pages={772--776},
year={2010},
organization={IEEE}
}
@article{strotmeyer2021effects,
  title={Effects of an intervention for promoting basic motor competencies in middle childhood},
  author={Strotmeyer, Anne and Kehne, Miriam and Herrmann, Christian},
  journal={International journal of environmental research and public health},
  volume={18},
  number={14},
  pages={7343},
  year={2021},
  publisher={MDPI}
}
@article{chmait2021,
author = "Nader Chmait and Hans Westerbeek",
title = "Artificial Intelligence and Machine Learning in Sport Research: An Introduction for Non-data Scientists",
journal = "Frontiers in Sports and Active Living",
year = "2021",
doi = "10.3389/fspor.2021.682287",
url = "https://www.frontiersin.org/articles/10.3389/fspor.2021.682287/full",
note = "Accessed: 2023-09-13"
}

@article{lapham1995,
author = "Lapham, A C and Bartlett, R M",
title = "The use of artificial intelligence in the analysis of sports performance: a review of applications in human gait analysis and future directions for sports biomechanics",
journal = "Journal of Sports Sciences",
year = "1995",
volume = "13",
number = "3",
pages = "229-237",
doi = "10.1080/02640419508732232",
issn = "0264-0414",
address = "Centre for Information Management, Thames Valley University, Ealing, London.",
month = "Jun",
publisher = "England"
}
@article{bartlett2006artificial,
title={Artificial intelligence in sports biomechanics: New dawn or false hope?},
author={Bartlett, Roger},
journal={Journal of sports science \& medicine},
volume={5},
number={4},
pages={474},
year={2006},
publisher={Dept. of Sports Medicine, Medical Faculty of Uludag University}
}
@inproceedings{ratiu2010artificial,
title={Artificial intelligence (AI) in sports},
author={Ratiu, Oan Gheorghe and Badau, Dana and Carstea, Claudia Georgeta and Badau, Adela and Paraschiv, Florin},
booktitle={Proceedings of the 9th WSEAS international conference on Artificial intelligence, knowledge engineering and data bases},
pages={93--97},
year={2010}
}
@inproceedings{mccabe2008artificial,
title={Artificial intelligence in sports prediction},
author={McCabe, Alan and Trevathan, Jarrod},
booktitle={Fifth International Conference on Information Technology: New Generations (itng 2008)},
pages={1194--1197},
year={2008},
organization={IEEE}
}
@article{yang2004two,
title={A two-stage Bayesian model for predicting winners in major league baseball},
author={Yang, Tae Young and Swartz, Tim},
journal={Journal of Data Science},
volume={2},
number={1},
pages={61--73},
year={2004},
publisher={中華資料採礦協會}
}
@article{fister2015computational,
title={Computational intelligence in sports: challenges and opportunities within a new research domain},
author={Fister Jr, Iztok and Ljubi{\v{c}}, Karin and Suganthan, Ponnuthurai Nagaratnam and Perc, Matja{\v{z}} and Fister, Iztok},
journal={Applied Mathematics and Computation},
volume={262},
pages={178--186},
year={2015},
publisher={Elsevier}
}
@article{beal2019artificial,
title={Artificial intelligence for team sports: a survey},
author={Beal, Ryan and Norman, Timothy J and Ramchurn, Sarvapali D},
journal={The Knowledge Engineering Review},
volume={34},
pages={e28},
year={2019},
publisher={Cambridge University Press}
}
@article{nadikattu2020implementation,
title={Implementation of new ways of artificial intelligence in sports},
author={Nadikattu, Rahul Reddy},
journal={Journal of Xidian University},
volume={14},
number={5},
pages={5983--5997},
year={2020}
}
@article{atikovic2020differences,
title={Differences between all-around results in women’s artistic gymnastics and ways of minimizing them},
author={Atikovi{\'c}, Almir and Kamenja{\v{s}}evi{\'c}, Edina and No{\v{z}}inovi{\'c} Mujanovi{\'c}, Amra and U{\v{z}}i{\v{c}}anin, Edin and Tabakovi{\'c}, Muhamed and {\'C}uri{\'c}, Mijo},
journal={Baltic journal of health and physical activity},
volume={12},
number={3},
pages={8},
year={2020}
}
@article{roure2018exploring,
title={Exploring situational interest sources in the French physical education context},
author={Roure, C{\'e}dric and Pasco, Denis},
journal={European Physical Education Review},
volume={24},
number={1},
pages={3--20},
year={2018},
publisher={SAGE Publications Sage UK: London, England}
}
@article{santos2017assessment,
title={Assessment of health and comfort criteria in a life cycle social context: Application to buildings for higher education},
author={Santos, P and Pereira, A Carvalho and Gerv{\'a}sio, H and Bettencourt, A and Mateus, D},
journal={Building and Environment},
volume={123},
pages={625--648},
year={2017},
publisher={Elsevier}
}
@article{lytle2018physical,
title={Physical Education for Children With Moderate to Severe Disabilities},
author={Lytle, Rebecca},
journal={Adapted Physical Activity Quarterly},
volume={35},
number={2},
pages={243--244},
year={2018},
publisher={Human Kinetics}
}
@article{miguel2017foreword,
title={Foreword of the special issue on motivation in physical education, sport and physical activity and health},
author={Miguel, Pedro Antonio S{\'a}nchez and Amado, Diana},
journal={Journal of Human Kinetics},
volume={59},
number={1},
pages={3--4},
year={2017}
}

@article{xu2022application,
title={The application of AI technologies in STEM education: a systematic review from 2011 to 2021},
author={Xu, Weiqi and Ouyang, Fan},
journal={International Journal of STEM Education},
volume={9},
number={1},
pages={1--20},
year={2022},
publisher={SpringerOpen}
}
@article{landi2021physical,
  title={Physical education policy research in the United States: Setting a new orientation},
  author={Landi, Dillon and Walton-Fisette, Jennifer L and Sutherland, Sue},
  journal={Quest},
  volume={73},
  number={1},
  pages={45--62},
  year={2021},
  publisher={Taylor \& Francis}
}
@book{Kim2020ai,
  title={Best Class about AI},
  author={Jin Hyung Kim},
  year={2020},
  publisher={Maekyung Publishing}
}


@article{ghamrawi2023exploring,
  title={Exploring the impact of AI on teacher leadership: regressing or expanding?},
  author={Ghamrawi, Norma and Shal, Tarek and Ghamrawi, Najah AR},
  journal={Education and Information Technologies},
  pages={1--19},
  year={2023},
  publisher={Springer}
}



@article{berendt2020ai,
  title={AI in education: Learner choice and fundamental rights},
  author={Berendt, Bettina and Littlejohn, Allison and Blakemore, Mike},
  journal={Learning, Media and Technology},
  volume={45},
  number={3},
  pages={312--324},
  year={2020},
  publisher={Taylor \& Francis}
}


@article{chen2022understanding,
  title={Understanding teacher leaders’ behaviours: Development and validation of the Teacher Leadership Inventory},
  author={Chen, Junjun},
  journal={Educational Management Administration \& Leadership},
  volume={50},
  number={4},
  pages={630--648},
  year={2022},
  publisher={SAGE Publications Sage UK: London, England}
}

@article{akgun2021artificial,
  title={Artificial intelligence in education: Addressing ethical challenges in K-12 settings},
  author={Akgun, Selin and Greenhow, Christine},
  journal={AI and Ethics},
  pages={1--10},
  year={2021},
  publisher={Springer}
}
 
@article{sanusi2022exploring,
  title={Exploring teachers' preconceptions of teaching machine learning in high school: A preliminary insight from Africa},
  author={Sanusi, Ismaila Temitayo and Oyelere, Solomon Sunday and Omidiora, Joseph Olamide},
  journal={Computers and Education Open},
  volume={3},
  pages={100072},
  year={2022},
  publisher={Elsevier}
}

@article{nazaretsky2022teachers,
  title={Teachers' trust in AI-powered educational technology and a professional development program to improve it},
  author={Nazaretsky, Tanya and Ariely, Moriah and Cukurova, Mutlu and Alexandron, Giora},
  journal={British journal of educational technology},
  volume={53},
  number={4},
  pages={914--931},
  year={2022},
  publisher={Wiley Online Library}
}

@article{guan2020artificial,
  title={Artificial intelligence innovation in education: A twenty-year data-driven historical analysis},
  author={Guan, Chong and Mou, Jian and Jiang, Zhiying},
  journal={International Journal of Innovation Studies},
  volume={4},
  number={4},
  pages={134--147},
  year={2020},
  publisher={Elsevier}
}

@article{shen2020association,
  title={The association between teacher leadership and student achievement: A meta-analysis},
  author={Shen, Jianping and Wu, Huang and Reeves, Patricia and Zheng, Yunzheng and Ryan, Lisa and Anderson, Dustin},
  journal={Educational Research Review},
  volume={31},
  pages={100357},
  year={2020},
  publisher={Elsevier}
}
@incollection{hejres2022impact,
  title={The Impact of Artificial Intelligence on Instructional Leadership},
  author={Hejres, Sabah},
  booktitle={Technologies, Artificial Intelligence and the Future of Learning Post-COVID-19: The Crucial Role of International Accreditation},
  pages={697--711},
  year={2022},
  publisher={Springer}
}

@article{borenstein2021emerging,
  title={Emerging challenges in AI and the need for AI ethics education},
  author={Borenstein, Jason and Howard, Ayanna},
  journal={AI and Ethics},
  volume={1},
  pages={61--65},
  year={2021},
  publisher={Springer}
}
@article{tsai2020precision,
  title={Precision education with statistical learning and deep learning: a case study in Taiwan},
  author={Tsai, Shuo-Chang and Chen, Cheng-Huan and Shiao, Yi-Tzone and Ciou, Jin-Shuei and Wu, Trong-Neng},
  journal={International Journal of Educational Technology in Higher Education},
  volume={17},
  pages={1--13},
  year={2020},
  publisher={Springer}
}
@article{xia2022systematic,
  title={Systematic literature review on opportunities, challenges, and future research recommendations of artificial intelligence in education},
  author={Xia, Qi and Chiu, Thomas KF and Zhou, Xinyan and Chai, Ching Sing and Cheng, Miaoting},
  journal={Computers and Education: Artificial Intelligence},
  pages={100118},
  year={2022},
  publisher={Elsevier}
}
@article{maghsudi2021personalized,
  title={Personalized education in the artificial intelligence era: what to expect next},
  author={Maghsudi, Setareh and Lan, Andrew and Xu, Jie and van Der Schaar, Mihaela},
  journal={IEEE Signal Processing Magazine},
  volume={38},
  number={3},
  pages={37--50},
  year={2021},
  publisher={IEEE}
}
@article{buckley2016gamification,
  title={Gamification and student motivation},
  author={Buckley, Patrick and Doyle, Elaine},
  journal={Interactive learning environments},
  volume={24},
  number={6},
  pages={1162--1175},
  year={2016},
  publisher={Taylor \& Francis}
}
@article{reich2017good,
  title={From good intentions to real outcomes: Equity by design in learning technologies},
  author={Reich, Justin and Ito, Mizuko},
  journal={Digital Media and Learning Research Hub},
  year={2017}
}
@inproceedings{doroudi2019fairer,
  title={Fairer but not fair enough on the equitability of knowledge tracing},
  author={Doroudi, Shayan and Brunskill, Emma},
  booktitle={Proceedings of the 9th international conference on learning analytics \& knowledge},
  pages={335--339},
  year={2019}
}
@online{KESS2022,
    author = {Korea Educational Development Instituted},
    title = {KESS},
    year = {2022},
    url = {https://kess.kedi.re.kr/stats/school?menuCd=0101&cd=5443&survSeq=2022&itemCode=01&menuId=m_010102&uppCd1=010102&uppCd2=010102&flag=B},
    note = {Accessed: 2023-09-14} 
}
@online{Lee2020,
    author = {Jong-Seung Lee},
    title = {School Physical Activities: The Foundation for Lifelong Health and the Driving Force for the Future},
    year = {2020},
    journal = {Dong-A Ilbo},
    url = {https://www.donga.com/news/Society/article/all/20200219/99773170/1},
    note = {Accessed: 2023-09-14} 
}
@book{osoba2017intelligence,
  title={An intelligence in our image: The risks of bias and errors in artificial intelligence},
  author={Osoba, Osonde A and Welser IV, William and Welser, William},
  year={2017},
  publisher={Rand Corporation}
}
@article{guliherme2017ai,
  title={AI and Education: The importance of teacher and student relationship},
  author={Guliherme, A},
  journal={AI Soc},
  volume={32},
  pages={1--8},
  year={2017}
}
@article{park2017students,
  title={Students’ perceptions of artificial intelligence technology and artificial intelligence teachers},
  author={Park, Jong Hyang and Shin, Na Min},
  journal={The Journal of Korean Teacher Education},
  volume={34},
  number={2},
  pages={169--192},
  year={2017}
}
@article{cantu2020artificial,
  title={An artificial intelligence educational strategy for the digital transformation},
  author={Cant{\'u}-Ortiz, Francisco J and Galeano S{\'a}nchez, Nathal{\'\i}e and Garrido, Leonardo and Terashima-Marin, Hugo and Brena, Ram{\'o}n F},
  journal={International Journal on Interactive Design and Manufacturing (IJIDeM)},
  volume={14},
  pages={1195--1209},
  year={2020},
  publisher={Springer}
}
@book{selwyn2016technology,
  title={Is technology good for education?},
  author={Selwyn, Neil},
  year={2016},
  publisher={John Wiley \& Sons}
}
@article{schepman2020initial,
  title={Initial validation of the general attitudes towards Artificial Intelligence Scale},
  author={Schepman, Astrid and Rodway, Paul},
  journal={Computers in human behavior reports},
  volume={1},
  pages={100014},
  year={2020},
  publisher={Elsevier}
}
@online{google-oii-atozofai,
  title = {The A-Z of AI},
  url = {https://atozofai.withgoogle.com/},
  year = {n.d.},
  publisher = {Google and OII},
  note = {Accessed: 2023-09-15}
}
@book{lynch2019physical,
  title={Physical education and wellbeing: Global and holistic approaches to child health},
  author={Lynch, Timothy},
  year={2019},
  publisher={Springer}
}
@article{barmer2021robust,
  title={Robust and Secure AI},
  author={Barmer, Hollen and Dzombak, Rachel and Gaston, Matthew and Heim, Eric and Palat, Vijaykumar and Redner, Frank and Smith, Tanisha and Vanhoudnos, Nathan},
  year={2021},
  publisher={Carnegie Mellon University}
}
@article{hagras2018toward,
  title={Toward human-understandable, explainable AI},
  author={Hagras, Hani},
  journal={Computer},
  volume={51},
  number={9},
  pages={28--36},
  year={2018},
  publisher={IEEE}
}
@book{patton2014qualitative,
  title={Qualitative research \& evaluation methods: Integrating theory and practice},
  author={Patton, Michael Quinn},
  year={2014},
  publisher={Sage publications}
}
@online{GoogleDesignSprints2023,
    author = {GoogleDesignSprints},
    title = {Crazy 8’s},
    year = {2023},
    url = {https://designsprintkit.withgoogle.com/methodology/phase3-sketch/crazy-8s},
    note = {Retrieved January 20, 2023}
}
@article{porsanger2021risk,
  title={Risk and Safety Management in Physical Education: A Study of Teachers' Practice Perspectives},
  author={Porsanger, Lise and Magnussen, Leif Inge},
  journal={Frontiers in Sports and Active Living},
  volume={3},
  pages={663676},
  year={2021},
  publisher={Frontiers Media SA}
}
@article{luckin2017towards,
  title={Towards artificial intelligence-based assessment systems},
  author={Luckin, Rose},
  journal={Nature Human Behaviour},
  volume={1},
  number={3},
  pages={0028},
  year={2017},
  publisher={Nature Publishing Group UK London}
}
@online{chan2019cambridge,
  author    = {Chan, R.},
  title     = {The Cambridge Analytica whistleblower explains how the firm used Facebook data to sway elections},
  year      = {2019},
  url       = {https://www.businessinsider.com/cambridge-analytica-whistleblower-christopher-wylie-facebook-data-2019-10},
  publisher = {Business Insider},
  note      = {Retrieved from https://www.businessinsider.com/cambridge-analytica-whistleblower-christopher-wylie-facebook-data-2019-10}
}
@article{crawford2016there,
  title={There is a blind spot in AI research},
  author={Crawford, Kate and Calo, Ryan},
  journal={Nature},
  volume={538},
  number={7625},
  pages={311--313},
  year={2016},
  publisher={Nature Publishing Group UK London}
}
@article{murphy2019artificial,
  title={Artificial intelligence applications to support K-12 teachers and teaching},
  author={Murphy, Robert F},
  journal={Rand Corporation},
  volume={10},
  year={2019},
  publisher={JSTOR}
}
@article{wogu2018artificial,
  title={Artificial intelligence, artificial teachers and the fate of learners in the 21st century education sector: Implications for theory and practice},
  author={Wogu, Ikedinachi Ayodele Power and Misra, Sanjay and Olu-Owolabi, Esther Fadeke and Assibong, Patrick A and Udoh, Oluwakemei D and Ogiri, SO and Damasevicius, R},
  journal={International Journal of Pure and Applied Mathematics},
  volume={119},
  number={16},
  pages={2245--2259},
  year={2018}
}
@article{goel2018jill,
  title={Jill Watson},
  author={Goel, Ashok K and Polepeddi, Lalith},
  journal={Learning engineering for online education: Theoretical contexts and design-based examples. Routledge},
  year={2018}
}
@article{chan2018school, title={A school in China is monitoring students with facial-recognition technology that scans the classroom every 30 seconds}, author={Chan, Tara Francis}, journal={Business Insider}, url={https://www.businessinsider.com/china-school-facial-recognition-technology-2018-5}, year={2018}, month={May}, day={21}, note={Accessed: 2023-12-07} }

@article{rovira2017data,
  title={Data-driven system to predict academic grades and dropout},
  author={Rovira, Sergi and Puertas, Eloi and Igual, Laura},
  journal={PLoS one},
  volume={12},
  number={2},
  pages={e0171207},
  year={2017},
  publisher={Public Library of Science San Francisco, CA USA}
}

@article{dobre2014assessing,
  title={Assessing the Student's Knowledge in Informatics Discipline Using the METEOR Metric},
  author={Dobre, Iuliana},
  journal={Mediterranean Journal of Social Sciences},
  volume={5},
  number={19},
  pages={84},
  year={2014}
}
@article{hooshyar2015flowchart,
  title={A flowchart-based intelligent tutoring system for improving problem-solving skills of novice programmers},
  author={Hooshyar, Danial and Ahmad, Rodina Binti and Yousefi, Moslem and Yusop, Farrah Dina and Horng, S-J},
  journal={Journal of computer assisted learning},
  volume={31},
  number={4},
  pages={345--361},
  year={2015},
  publisher={Wiley Online Library}
}

@article{howard2017shifting,
  title={Shifting the load: A peer dialogue agent that encourages its human collaborator to contribute more to problem solving},
  author={Howard, Cynthia and Jordan, Pamela and Di Eugenio, Barbara and Katz, Sandra},
  journal={International Journal of Artificial Intelligence in Education},
  volume={27},
  pages={101--129},
  year={2017},
  publisher={Springer}
}

@article{shen2011intelligent,
  title={Intelligent multiagent tutoring system in artificial intelligence},
  author={Shen, Victor RL and Yang, Cheng-Ying and others},
  journal={International Journal of Engineering Education},
  year={2011}
}
@article{miwa2014intelligent,
  title={An intelligent tutoring system with variable levels of instructional support for instructing natural deduction},
  author={Miwa, Kazuhisa and Terai, Hitoshi and Kanzaki, Nana and Nakaike, Ryuichi},
  journal={Information and Media Technologies},
  volume={9},
  number={1},
  pages={132--140},
  year={2014},
  publisher={Information and Media Technologies Editorial Board}
}
@article{barker2010automated,
  title={An automated feedback system based on adaptive testing: Extending the model},
  author={Barker, Trevor},
  journal={International Journal of Emerging Technologies in Learning (iJET)},
  volume={5},
  number={2},
  pages={11--14},
  year={2010},
  publisher={International Journal of Emerging Technology in Learning}
}
@article{babic2017machine,
  title={Machine learning methods in predicting the student academic motivation},
  author={Babi{\'c}, Ivana {\DJ}ur{\dj}evi{\'c}},
  journal={Croatian Operational Research Review},
  pages={443--461},
  year={2017}
}

@article{blikstein2014programming,
  title={Programming pluralism: Using learning analytics to detect patterns in the learning of computer programming},
  author={Blikstein, Paulo and Worsley, Marcelo and Piech, Chris and Sahami, Mehran and Cooper, Steven and Koller, Daphne},
  journal={Journal of the Learning Sciences},
  volume={23},
  number={4},
  pages={561--599},
  year={2014},
  publisher={Taylor \& Francis}
}
@article{perin2018assessing,
  title={Assessing text-based writing of low-skilled college students},
  author={Perin, Dolores and Lauterbach, Mark},
  journal={International Journal of Artificial Intelligence in Education},
  volume={28},
  pages={56--78},
  year={2018},
  publisher={Springer}
}
@article{barker2011automated,
  title={An Automated Individual Feedback and Marking System: An Empirical Study.},
  author={Barker, Trevor},
  journal={Electronic Journal of E-Learning},
  volume={9},
  number={1},
  pages={1--14},
  year={2011},
  publisher={ERIC}
}
@article{gierl2014automated,
  title={Automated essay scoring and the future of educational assessment in medical education},
  author={Gierl, Mark J and Latifi, Syed and Lai, Hollis and Boulais, Andr{\'e}-Philippe and De Champlain, Andr{\'e}},
  journal={Medical education},
  volume={48},
  number={10},
  pages={950--962},
  year={2014},
  publisher={Wiley Online Library}
}
@article{mcnamara2015hierarchical,
  title={A hierarchical classification approach to automated essay scoring},
  author={McNamara, Danielle S and Crossley, Scott A and Roscoe, Rod D and Allen, Laura K and Dai, Jianmin},
  journal={Assessing Writing},
  volume={23},
  pages={35--59},
  year={2015},
  publisher={Elsevier}
}

@article{spikol2018supervised,
  title={Supervised machine learning in multimodal learning analytics for estimating success in project-based learning},
  author={Spikol, Daniel and Ruffaldi, Emanuele and Dabisias, Giacomo and Cukurova, Mutlu},
  journal={Journal of Computer Assisted Learning},
  volume={34},
  number={4},
  pages={366--377},
  year={2018},
  publisher={Wiley Online Library}
}
@article{casamayor2009intelligent,
  title={Intelligent assistance for teachers in collaborative e-learning environments},
  author={Casamayor, Agustin and Amandi, Analia and Campo, Marcelo},
  journal={Computers \& Education},
  volume={53},
  number={4},
  pages={1147--1154},
  year={2009},
  publisher={Elsevier}
}
@misc{nvivo,
  title = {{NVivo (Version 14.23.0) [Computer software]}},
  author = {{QSR International}},
  howpublished = {\url{https://www.qsrinternational.com/nvivo-qualitative-data-analysis-software/home}}
}

@article{tomic2022ai,
  title={An AI-based Approach for Grading Students' Collaboration},
  author={Tomi{\'c}, Bojan B and Kijev{\v{c}}anin, Anisja D and {\v{S}}evarac, Zoran V and Jovanovi{\'c}, Jelena M},
  journal={IEEE Transactions on Learning Technologies},
  year={2022},
  publisher={IEEE}
}


@article{ferschke2013survey,
  title={A survey of nlp methods and resources for analyzing the collaborative writing process in wikipedia},
  author={Ferschke, Oliver and Daxenberger, Johannes and Gurevych, Iryna},
  journal={The People’s Web Meets NLP: Collaboratively Constructed Language Resources},
  pages={121--160},
  year={2013},
  publisher={Springer}
}

@inproceedings{liu2022dialogueein,
  title={DialogueEIN: emotion interaction network for dialogue affective analysis},
  author={Liu, Yuchen and Zhao, Jinming and Hu, Jingwen and Li, Ruichen and Jin, Qin},
  booktitle={Proceedings of the 29th International Conference on Computational Linguistics},
  pages={684--693},
  year={2022}
}

@article{sunaryono2021android,
  title={An android based course attendance system using face recognition},
  author={Sunaryono, Dwi and Siswantoro, Joko and Anggoro, Radityo},
  journal={Journal of King Saud University-Computer and Information Sciences},
  volume={33},
  number={3},
  pages={304--312},
  year={2021},
  publisher={Elsevier}
}

@inproceedings{mery2019student,
  title={Student attendance system in crowded classrooms using a smartphone camera},
  author={Mery, Domingo and Mackenney, Ignacio and Villalobos, Esteban},
  booktitle={2019 IEEE Winter Conference on Applications of Computer Vision (WACV)},
  pages={857--866},
  year={2019},
  organization={IEEE}
}
@inproceedings{tan2024more,
  title={More than model documentation: uncovering teachers' bespoke information needs for informed classroom integration of ChatGPT},
  author={Tan, Mei and Subramonyam, Hari},
  booktitle={Proceedings of the CHI Conference on Human Factors in Computing Systems},
  pages={1--19},
  year={2024}
}

@article{grayson1978education,
  title={Education, technology, and individual privacy},
  author={Grayson, Lawrence P},
  journal={ECTJ},
  volume={26},
  number={3},
  pages={195--206},
  year={1978},
  publisher={Springer}
}
@article{jones2019learning,
  title={Learning analytics and higher education: a proposed model for establishing informed consent mechanisms to promote student privacy and autonomy},
  author={Jones, Kyle ML},
  journal={International Journal of Educational Technology in Higher Education},
  volume={16},
  number={1},
  pages={1--22},
  year={2019},
  publisher={Springer}
}
@inproceedings{sun2019s,
  title={It's my data! Tensions among stakeholders of a learning analytics dashboard},
  author={Sun, Kaiwen and Mhaidli, Abraham H and Watel, Sonakshi and Brooks, Christopher A and Schaub, Florian},
  booktitle={Proceedings of the 2019 CHI conference on human factors in computing systems},
  pages={1--14},
  year={2019}
}

@inproceedings{slade2014student,
  title={Student perspectives on the use of their data: Between intrusion, surveillance and care},
  author={Slade, Sharon and Prinsloo, Paul},
  booktitle={EDEN Conference Proceedings},
  number={2},
  pages={291--300},
  year={2014}
}
@inproceedings{ngoon2023instructor,
  title={" An Instructor is [already] able to keep track of 30 students": Students’ Perceptions of Smart Classrooms for Improving Teaching \& Their Emergent Understandings of Teaching and Learning},
  author={Ngoon, Tricia J and Kovalev, David and Patidar, Prasoon and Harrison, Chris and Agarwal, Yuvraj and Zimmerman, John and Ogan, Amy},
  booktitle={Proceedings of the 2023 ACM designing interactive systems conference},
  pages={1277--1292},
  year={2023}
}

@article{jones2020we,
  title={“We're being tracked at all times”: Student perspectives of their privacy in relation to learning analytics in higher education},
  author={Jones, Kyle ML and Asher, Andrew and Goben, Abigail and Perry, Michael R and Salo, Dorothea and Briney, Kristin A and Robertshaw, M Brooke},
  journal={Journal of the Association for Information Science and Technology},
  volume={71},
  number={9},
  pages={1044--1059},
  year={2020},
  publisher={Wiley Online Library}
}
@inproceedings{tsai2020privacy,
  title={The privacy paradox and its implications for learning analytics},
  author={Tsai, Yi-Shan and Whitelock-Wainwright, Alexander and Ga{\v{s}}evi{\'c}, Dragan},
  booktitle={Proceedings of the tenth international conference on learning analytics \& knowledge},
  pages={230--239},
  year={2020}
}
@inproceedings{falcao2019students,
  title={Students' perceptions about learning analytics in a brazilian higher education institution},
  author={Falcao, Taciana Pontual and Ferreira, Rafael and Rodrigues, Rodrigo Lins and Diniz, Juliana and Gasevic, Dragan},
  booktitle={2019 ieee 19th international conference on advanced learning technologies (icalt)},
  volume={2161},
  pages={204--206},
  year={2019},
  organization={IEEE}
}

@inproceedings{han2024teachers,
  title={Teachers, Parents, and Students' perspectives on Integrating Generative AI into Elementary Literacy Education},
  author={Han, Ariel and Zhou, Xiaofei and Cai, Zhenyao and Han, Shenshen and Ko, Richard and Corrigan, Seth and Peppler, Kylie A},
  booktitle={Proceedings of the CHI Conference on Human Factors in Computing Systems},
  pages={1--17},
  year={2024}
}
@article{kessler2018technology,
  title={Technology and the future of language teaching},
  author={Kessler, Greg},
  journal={Foreign language annals},
  volume={51},
  number={1},
  pages={205--218},
  year={2018},
  publisher={Wiley Online Library}
}
@online{rhue2018racial,
  author = {Lauren Rhue},
  title = {Racial Influence on Automated Perceptions},
  year = {2018},
  note = {Retrieved from https://papers.ssrn.com/sol3/papers.cfm?abstract_id=3281765}
}

@article{mcstay2020emotional,
  author = {Andrew McStay},
  title = {Emotional AI, soft biometrics and the surveillance of emotional life: An unusual consensus on privacy},
  journal = {Big Data \& Society},
  volume = {7},
  number = {1},
  pages = {2053951720904386},
  year = {2020},
  doi = {10.1177/2053951720904386}
}

@article{roemmich2021data,
  author = {Kat Roemmich and Nazanin Andalibi},
  title = {Data Subjects’ Conceptualizations of and Attitudes Toward Automatic Emotion Recognition-Enabled Wellbeing Interventions on Social Media},
  journal = {Proceedings of the ACM on Human-Computer Interaction},
  volume = {5},
  number = {CSCW2},
  pages = {1--34},
  year = {2021},
  doi = {10.1145/3476049}
}

@article{araujo2020in,
  author = {Theo Araujo and Natali Helberger and Sanne Kruikemeier and Claes H. de Vreese},
  title = {In AI we trust? Perceptions about automated decision-making by artificial intelligence},
  journal = {AI \& Society},
  volume = {35},
  number = {3},
  pages = {611--623},
  year = {2020},
  doi = {10.1007/s00146-019-00931-w}
}

@book{chun2022discriminating,
  author = {Wendy Hui Kyong Chun},
  title = {Discriminating Data: Correlation, Neighborhoods, and the New Politics of Recognition},
  year = {2022},
  publisher = {The MIT Press},
  address = {Cambridge, MA}
}

@book{eubanks2018automating,
  author = {Virginia Eubanks},
  title = {Automating Inequality: How High-Tech Tools Profile, Police, and Punish the Poor},
  year = {2018},
  publisher = {St. Martin’s Press}
}

@book{hong2020technologies,
  author = {Sun-ha Hong},
  title = {Technologies of Speculation: The Limits of Knowledge in a Data-Driven Society},
  year = {2020},
  publisher = {NYU Press},
  address = {New York}
}

@article{lonas2023rising,
  author = {Lexi Lonas},
  title = {Rising cyberattacks on schools put students at risk},
  journal = {The Hill},
  pages = {1--3},
  year = {2023},
  note = {Retrieved December 10, 2023, from https://thehill.com/homenews/education/4222017-rising-cyberattacks-on-schools-put-students-at-risk/}
}

@article{drahl2023ai,
  author = {Carmen Drahl},
  title = {AI was asked to create images of black African docs treating White Kids. How'd it go?},
  journal = {NPR},
  year = {2023},
  note = {Retrieved from https://www.npr.org/sections/goatsandsoda/2023/10/06/1201840678/ai-was-asked-to-create-images-of-black-african-docs-treating-white-kids-howd-it-}
}
@book{kirk2009physical,
  title={Physical education futures},
  author={Kirk, David},
  year={2009},
  publisher={Routledge}
}
@article{marshall2000state,
  title={The state and status of physical education in schools in international context},
  author={Marshall, Joe and Hardman, Ken},
  journal={European Physical Education Review},
  volume={6},
  number={3},
  pages={203--229},
  year={2000},
  publisher={North West Counties Physical Education Association and SAGE Publications~…}
}
@inproceedings{diberardino2023anti,
  title={(Anti)-Intentional Harms: The Conceptual Pitfalls of Emotion AI in Education},
  author={DiBerardino, Nathalie and Stark, Luke},
  booktitle={Proceedings of the 2023 ACM Conference on Fairness, Accountability, and Transparency},
  pages={1386--1395},
  year={2023}
}
@inproceedings{tan2024more,
  title={More than model documentation: uncovering teachers' bespoke information needs for informed classroom integration of ChatGPT},
  author={Tan, Mei and Subramonyam, Hari},
  booktitle={Proceedings of the CHI Conference on Human Factors in Computing Systems},
  pages={1--19},
  year={2024}
}
@inproceedings{kwapisz2024privacy,
  title={Privacy Concerns of Student Data Shared with Instructors in an Online Learning Management System},
  author={Kwapisz, Monika Blue and Kohli, Avanya and Rajivan, Prashanth},
  booktitle={Proceedings of the CHI Conference on Human Factors in Computing Systems},
  pages={1--16},
  year={2024}
}

@article{wang2024artificial,
  title={Artificial intelligence in dance education: Using immersive technologies for teaching dance skills},
  author={Wang, Zheng},
  journal={Technology in Society},
  volume={77},
  pages={102579},
  year={2024},
  publisher={Elsevier}
}
@article{kaelin2021artificial,
  title={Artificial intelligence in rehabilitation targeting the participation of children and youth with disabilities: scoping review},
  author={Kaelin, Vera C and Valizadeh, Mina and Salgado, Zurisadai and Parde, Natalie and Khetani, Mary A},
  journal={Journal of medical Internet research},
  volume={23},
  number={11},
  pages={e25745},
  year={2021},
  publisher={JMIR Publications Inc., Toronto, Canada}
}
@article{mohan2020designing,
  title={Designing an AI health coach and studying its utility in promoting regular aerobic exercise},
  author={Mohan, Shiwali and Venkatakrishnan, Anusha and Hartzler, Andrea L},
  journal={ACM Transactions on Interactive Intelligent Systems (TiiS)},
  volume={10},
  number={2},
  pages={1--30},
  year={2020},
  publisher={ACM New York, NY, USA}
}


"@inproceedings{jordan2021poseblocks,
  title={PoseBlocks: A toolkit for creating (and dancing) with AI},
  author={Jordan, Brian and Devasia, Nisha and Hong, Jenna and Williams, Randi and Breazeal, Cynthia},
  booktitle={Proceedings of the AAAI Conference on Artificial Intelligence},
  volume={35},
  number={17},
  pages={15551--15559},
  year={2021}
}
@article{ashwin2023systematic,
  title={A systematic review of intelligent tutoring systems based on Gross body movement detected using computer vision},
  author={Ashwin, TS and Prakash, Vijay and Rajendran, Ramkumar},
  journal={Computers and Education: Artificial Intelligence},
  volume={4},
  pages={100125},
  year={2023},
  publisher={Elsevier}
}
@article{vourganas2020individualised,
  title={Individualised responsible artificial intelligence for home-based rehabilitation},
  author={Vourganas, Ioannis and Stankovic, Vladimir and Stankovic, Lina},
  journal={Sensors},
  volume={21},
  number={1},
  pages={2},
  year={2020},
  publisher={MDPI}
}


@article{wei2021exploring,
  title={Exploring the application of artificial intelligence in sports training: a case study approach},
  author={Wei, Shiqing and Huang, Puquan and Li, Rui and Liu, Zhiguo and Zou, Yuepei},
  journal={Complexity},
  volume={2021},
  number={1},
  pages={4658937},
  year={2021},
  publisher={Wiley Online Library}
}
@article{holmes2022state,
  title={State of the art and practice in AI in education},
  author={Holmes, Wayne and Tuomi, Ilkka},
  journal={European Journal of Education},
  volume={57},
  number={4},
  pages={542--570},
  year={2022},
  publisher={Wiley Online Library}
}
@article{vanlehn2011relative,
  title={The relative effectiveness of human tutoring, intelligent tutoring systems, and other tutoring systems},
  author={VanLehn, Kurt},
  journal={Educational psychologist},
  volume={46},
  number={4},
  pages={197--221},
  year={2011},
  publisher={Taylor \& Francis}
}
@article{ma2014intelligent,
  title={Intelligent tutoring systems and learning outcomes: A meta-analysis.},
  author={Ma, Wenting and Adesope, Olusola O and Nesbit, John C and Liu, Qing},
  journal={Journal of educational psychology},
  volume={106},
  number={4},
  pages={901},
  year={2014},
  publisher={American Psychological Association}
}
@article{bodily2017review,
  title={Review of research on student-facing learning analytics dashboards and educational recommender systems},
  author={Bodily, Robert and Verbert, Katrien},
  journal={IEEE Transactions on Learning Technologies},
  volume={10},
  number={4},
  pages={405--418},
  year={2017},
  publisher={IEEE}
}
@article{songer2020navigated,
  title={Navigated learning: An approach for differentiated classroom instruction built on learning science and data science foundations},
  author={Songer, Nancy B and Newstadt, Michelle R and Lucchesi, Kathleen and Ram, Prasad},
  journal={Human Behavior and Emerging Technologies},
  volume={2},
  number={1},
  pages={93--105},
  year={2020},
  publisher={Wiley Online Library}
}
@article{transformer3,
  title={A robot wrote this entire article. Are you scared yet, human},
  author={Transformer, Generative Pre-trained},
  journal={The Guardian},
year = 2020
}
@article{sharples2022new,
  title={New AI tools that can write student essays require educators to rethink teaching and assessment},
  author={Sharples, Mike},
  journal={Impact of Social Sciences Blog},
  year={2022},
  publisher={London School of Economics and Political Science}
}
@article{hwang2023review,
  title={A review of opportunities and challenges of chatbots in education},
  author={Hwang, Gwo-Jen and Chang, Ching-Yi},
  journal={Interactive Learning Environments},
  volume={31},
  number={7},
  pages={4099--4112},
  year={2023},
  publisher={Taylor \& Francis}
}
@article{perez2020rediscovering,
  title={Rediscovering the use of chatbots in education: A systematic literature review},
  author={P{\'e}rez, Jos{\'e} Quiroga and Daradoumis, Thanasis and Puig, Joan Manuel Marqu{\`e}s},
  journal={Computer Applications in Engineering Education},
  volume={28},
  number={6},
  pages={1549--1565},
  year={2020},
  publisher={Wiley Online Library}
}
@article{foster2019barriers,
  title={What Barriers Do Students Perceive to Engagement with Automated Immediate Formative Feedback.},
  author={Foster, Stephen},
  journal={Journal of Interactive Media in Education},
  volume={2019},
  number={1},
  year={2019},
  publisher={ERIC}
}
@inproceedings{hsu2021attitudes,
  title={Attitudes surrounding an imperfect AI autograder},
  author={Hsu, Silas and Li, Tiffany Wenting and Zhang, Zhilin and Fowler, Max and Zilles, Craig and Karahalios, Karrie},
  booktitle={Proceedings of the 2021 CHI conference on human factors in computing systems},
  pages={1--15},
  year={2021}
}
@article{vanlehn2021can,
  title={Can an orchestration system increase collaborative, productive struggle in teaching-by-eliciting classrooms?},
  author={VanLehn, Kurt and Burkhardt, Hugh and Cheema, Salman and Kang, Seokmin and Pead, Daniel and Schoenfeld, Alan and Wetzel, Jon},
  journal={Interactive Learning Environments},
  volume={29},
  number={6},
  pages={987--1005},
  year={2021},
  publisher={Taylor \& Francis}
}
@article{song2021review,
  title={A review of how class orchestration with technology has been conducted for pedagogical practices},
  author={Song, Yanjie},
  journal={Educational Technology Research and Development},
  volume={69},
  number={3},
  pages={1477--1503},
  year={2021},
  publisher={Springer}
}
"@article{hu2021artificial,
  title={Artificial intelligence in dance education: Dance for students with special educational needs},
  author={Hu, Mengyu and Wang, Jingyi},
  journal={Technology in Society},
  volume={67},
  pages={101784},
  year={2021},
  publisher={Elsevier}
}"

"@article{kaelin2021artificial,
  title={Artificial intelligence in rehabilitation targeting the participation of children and youth with disabilities: scoping review},
  author={Kaelin, Vera C and Valizadeh, Mina and Salgado, Zurisadai and Parde, Natalie and Khetani, Mary A},
  journal={Journal of medical Internet research},
  volume={23},
  number={11},
  pages={e25745},
  year={2021},
  publisher={JMIR Publications Inc., Toronto, Canada}
}"

"@article{jacob2021ai,
  title={AI and IoT-enabled smart exoskeleton system for rehabilitation of paralyzed people in connected communities},
  author={Jacob, Sunil and Alagirisamy, Mukil and Xi, Chen and Balasubramanian, Venki and Srinivasan, Ram and Parvathi, R and Jhanjhi, NZ and Islam, Sardar MN},
  journal={IEEE Access},
  volume={9},
  pages={80340--80350},
  year={2021},
  publisher={IEEE}
}"
"@article{feng2022automatic,
  title={Automatic Arrangement of Sports Dance Movement Based on Deep Learning},
  author={Feng, Hua and Zhao, Xiang and Zhang, Xiaomin},
  journal={Computational Intelligence and Neuroscience},
  volume={2022},
  number={1},
  pages={9722558},
  year={2022},
  publisher={Wiley Online Library}
}"
"@inproceedings{jordan2021poseblocks,
  title={PoseBlocks: A toolkit for creating (and dancing) with AI},
  author={Jordan, Brian and Devasia, Nisha and Hong, Jenna and Williams, Randi and Breazeal, Cynthia},
  booktitle={Proceedings of the AAAI Conference on Artificial Intelligence},
  volume={35},
  number={17},
  pages={15551--15559},
  year={2021}
}"
"@article{ashwin2023systematic,
  title={A systematic review of intelligent tutoring systems based on Gross body movement detected using computer vision},
  author={Ashwin, TS and Prakash, Vijay and Rajendran, Ramkumar},
  journal={Computers and Education: Artificial Intelligence},
  volume={4},
  pages={100125},
  year={2023},
  publisher={Elsevier}
}"

@misc{mishra2019considering,
  title={Considering contextual knowledge: The TPACK diagram gets an upgrade},
  author={Mishra, Punya},
  journal={Journal of digital learning in teacher education},
  volume={35},
  number={2},
  pages={76--78},
  year={2019},
  publisher={Taylor \& Francis}
}


@article{slingerland2022participatory,
  title={Participatory design going digital: challenges and opportunities for distributed place-making},
  author={Slingerland, Geertje and Murray, Maria and Lukosch, Stephan and McCarthy, John and Brazier, Frances},
  journal={Computer Supported Cooperative Work (CSCW)},
  volume={31},
  number={4},
  pages={669--700},
  year={2022},
  publisher={Springer}
}
@book{von2023corruption,
  title={The Corruption of Co-Design: Political and Social Conflicts in Participatory Design Thinking},
  author={von Busch, Otto and Palm{\aa}s, Karl},
  year={2023},
  publisher={Routledge}
}
@article{molenaar2021personalisation,
  title={Personalisation of learning: Towards hybrid human-AI learning technologies},
  author={Molenaar, Inge},
  journal={Blockchain, and Robots},
  pages={57--77},
  year={2021}
}
@inproceedings{bertills2019inclusive,
  title={Inclusive teaching skills and student engagement in physical education},
  author={Bertills, Karin and Granlund, Mats and Augustine, Lilly},
  booktitle={Frontiers in education},
  volume={4},
  pages={74},
  year={2019},
  organization={Frontiers Media SA}
}