@inproceedings{BalchDP20,
  author       = {Tucker Balch and
                  Benjamin E. Diamond and
                  Antigoni Polychroniadou},
  editor       = {Tucker Balch},
  title        = {SecretMatch: inventory matching from fully homomorphic encryption},
  booktitle    = {{ICAIF} '20: The First {ACM} International Conference on {AI} in Finance,
                  New York, NY, USA, October 15-16, 2020},
  pages        = {15:1--15:7},
  publisher    = {{ACM}},
  year         = {2020},
  url          = {https://doi.org/10.1145/3383455.3422569},
  doi          = {10.1145/3383455.3422569},
  timestamp    = {Fri, 08 Oct 2021 09:15:51 +0200},
  biburl       = {https://dblp.org/rec/conf/icaif/BalchDP20.bib},
  bibsource    = {dblp computer science bibliography, https://dblp.org}
}

@inproceedings{CartlidgeSA19,
  author       = {John Cartlidge and
                  Nigel P. Smart and
                  Younes Talibi Alaoui},
  editor       = {Steven D. Galbraith and
                  Giovanni Russello and
                  Willy Susilo and
                  Dieter Gollmann and
                  Engin Kirda and
                  Zhenkai Liang},
  title        = {{MPC} Joins The Dark Side},
  booktitle    = {Proceedings of the 2019 {ACM} Asia Conference on Computer and Communications
                  Security, AsiaCCS 2019, Auckland, New Zealand, July 09-12, 2019},
  pages        = {148--159},
  publisher    = {{ACM}},
  year         = {2019},
  url          = {https://doi.org/10.1145/3321705.3329809},
  doi          = {10.1145/3321705.3329809},
  timestamp    = {Tue, 10 Nov 2020 16:06:16 +0100},
  biburl       = {https://dblp.org/rec/conf/ccs/CartlidgeSA19.bib},
  bibsource    = {dblp computer science bibliography, https://dblp.org}
}

@article{CartlidgeSA21,
  author       = {John Cartlidge and
                  Nigel P. Smart and
                  Younes Talibi Alaoui},
  title        = {Multi-party computation mechanism for anonymous equity block trading:
                  {A} secure implementation of turquoise plato uncross},
  journal      = {Intell. Syst. Account. Finance Manag.},
  volume       = {28},
  number       = {4},
  pages        = {239--267},
  year         = {2021},
  url          = {https://doi.org/10.1002/isaf.1502},
  doi          = {10.1002/ISAF.1502},
  timestamp    = {Fri, 13 May 2022 19:53:04 +0200},
  biburl       = {https://dblp.org/rec/journals/isafm/CartlidgeSA21.bib},
  bibsource    = {dblp computer science bibliography, https://dblp.org}
}

@article{DBLP:journals/siamcomp/HsuHRRW16,
  author       = {Justin Hsu and
                  Zhiyi Huang and
                  Aaron Roth and
                  Tim Roughgarden and
                  Zhiwei Steven Wu},
  title        = {Private Matchings and Allocations},
  journal      = {{SIAM} J. Comput.},
  volume       = {45},
  number       = {6},
  pages        = {1953--1984},
  year         = {2016}
}

@inproceedings{GamaCPSA22,
  author       = {Mariana Botelho da Gama and
                  John Cartlidge and
                  Antigoni Polychroniadou and
                  Nigel P. Smart and
                  Younes Talibi Alaoui},
  editor       = {Ittay Eyal and
                  Juan A. Garay},
  title        = {Kicking-the-Bucket: Fast Privacy-Preserving Trading Using Buckets},
  booktitle    = {Financial Cryptography and Data Security - 26th International Conference,
                  {FC} 2022, Grenada, May 2-6, 2022, Revised Selected Papers},
  series       = {Lecture Notes in Computer Science},
  volume       = {13411},
  pages        = {20--37},
  publisher    = {Springer},
  year         = {2022},
  url          = {https://doi.org/10.1007/978-3-031-18283-9\_2},
  doi          = {10.1007/978-3-031-18283-9\_2},
  timestamp    = {Sun, 13 Nov 2022 17:52:13 +0100},
  biburl       = {https://dblp.org/rec/conf/fc/GamaCPSA22.bib},
  bibsource    = {dblp computer science bibliography, https://dblp.org}
}

@article{MazloomDPB23,
  author       = {Sahar Mazloom and
                  Benjamin E. Diamond and
                  Antigoni Polychroniadou and
                  Tucker Balch},
  title        = {An Efficient Data-Independent Priority Queue and its Application to
                  Dark Pools},
  journal      = {Proc. Priv. Enhancing Technol.},
  volume       = {2023},
  number       = {2},
  pages        = {5--22},
  year         = {2023},
  url          = {https://doi.org/10.56553/popets-2023-0038},
  doi          = {10.56553/POPETS-2023-0038},
  timestamp    = {Tue, 18 Apr 2023 16:42:00 +0200},
  biburl       = {https://dblp.org/rec/journals/popets/MazloomDPB23.bib},
  bibsource    = {dblp computer science bibliography, https://dblp.org}
}

@inproceedings{PolychroniadouC24,
  author       = {Antigoni Polychroniadou and
                  Gabriele Cipriani and
                  Richard Hua and
                  Tucker Balch},
  editor       = {Mehdi Dastani and
                  Jaime Sim{\~{a}}o Sichman and
                  Natasha Alechina and
                  Virginia Dignum},
  title        = {Atlas-X Equity Financing: Unlocking New Methods to Securely Obfuscate
                  Axe Inventory Data Based on Differential Privacy},
  booktitle    = {Proceedings of the 23rd International Conference on Autonomous Agents
                  and Multiagent Systems, {AAMAS} 2024, Auckland, New Zealand, May 6-10,
                  2024},
  pages        = {1585--1592},
  publisher    = {International Foundation for Autonomous Agents and Multiagent Systems
                  / {ACM}},
  year         = {2024},
  url          = {https://dl.acm.org/doi/10.5555/3635637.3663019},
  doi          = {10.5555/3635637.3663019},
  timestamp    = {Wed, 26 Jun 2024 14:06:50 +0200},
  biburl       = {https://dblp.org/rec/conf/atal/PolychroniadouC24.bib},
  bibsource    = {dblp computer science bibliography, https://dblp.org}
}

@article{bag2019seal,
  title={SEAL: Sealed-bid auction without auctioneers},
  author={Bag, Samiran and Hao, Feng and Shahandashti, Siamak F and Ray, Indranil Ghosh},
  journal={IEEE Transactions on Information Forensics and Security},
  volume={15},
  pages={2042--2052},
  year={2019},
  publisher={IEEE}
}

@inproceedings{galal2021publicly,
  title={Publicly verifiable and secrecy preserving periodic auctions},
  author={Galal, Hisham S and Youssef, Amr M},
  booktitle={Financial Cryptography and Data Security. FC 2021 International Workshops: CoDecFin, DeFi, VOTING, and WTSC, Virtual Event, March 5, 2021, Revised Selected Papers 25},
  pages={348--363},
  year={2021},
  organization={Springer}
}

@inproceedings{massacci2018futuresmex,
  title={FuturesMEX: secure, distributed futures market exchange},
  author={Massacci, Fabio and Ngo, Chan Nam and Nie, Jing and Venturi, Daniele and Williams, Julian},
  booktitle={2018 IEEE Symposium on Security and Privacy (SP)},
  pages={335--353},
  year={2018},
  organization={IEEE}
}

@inproceedings{ngo2021practical,
  title={Practical witness-key-agreement for blockchain-based dark pools financial trading},
  author={Ngo, Chan Nam and Massacci, Fabio and Kerschbaum, Florian and Williams, Julian},
  booktitle={Financial Cryptography and Data Security: 25th International Conference, FC 2021, Virtual Event, March 1--5, 2021, Revised Selected Papers, Part II 25},
  pages={579--598},
  year={2021},
  organization={Springer}
}

@inproceedings{polychroniadou2023prime,
  title={Prime Match: A $\{$Privacy-Preserving$\}$ Inventory Matching System},
  author={Polychroniadou, Antigoni and Asharov, Gilad and Diamond, Benjamin and Balch, Tucker and Buehler, Hans and Hua, Richard and Gu, Suwen and Gimler, Greg and Veloso, Manuela},
  booktitle={32nd USENIX Security Symposium (USENIX Security 23)},
  pages={6417--6434},
  year={2023}
}

