@inproceedings{GamaCPSA22,
  author       = {Mariana Botelho da Gama and
                  John Cartlidge and
                  Antigoni Polychroniadou and
                  Nigel P. Smart and
                  Younes Talibi Alaoui},
  editor       = {Ittay Eyal and
                  Juan A. Garay},
  title        = {Kicking-the-Bucket: Fast Privacy-Preserving Trading Using Buckets},
  booktitle    = {Financial Cryptography and Data Security - 26th International Conference,
                  {FC} 2022, Grenada, May 2-6, 2022, Revised Selected Papers},
  series       = {Lecture Notes in Computer Science},
  volume       = {13411},
  pages        = {20--37},
  publisher    = {Springer},
  year         = {2022},
  url          = {https://doi.org/10.1007/978-3-031-18283-9\_2},
  doi          = {10.1007/978-3-031-18283-9\_2},
  timestamp    = {Sun, 13 Nov 2022 17:52:13 +0100},
  biburl       = {https://dblp.org/rec/conf/fc/GamaCPSA22.bib},
  bibsource    = {dblp computer science bibliography, https://dblp.org}
}


@inproceedings{PolychroniadouC24,
  author       = {Antigoni Polychroniadou and
                  Gabriele Cipriani and
                  Richard Hua and
                  Tucker Balch},
  editor       = {Mehdi Dastani and
                  Jaime Sim{\~{a}}o Sichman and
                  Natasha Alechina and
                  Virginia Dignum},
  title        = {Atlas-X Equity Financing: Unlocking New Methods to Securely Obfuscate
                  Axe Inventory Data Based on Differential Privacy},
  booktitle    = {Proceedings of the 23rd International Conference on Autonomous Agents
                  and Multiagent Systems, {AAMAS} 2024, Auckland, New Zealand, May 6-10,
                  2024},
  pages        = {1585--1592},
  publisher    = {International Foundation for Autonomous Agents and Multiagent Systems
                  / {ACM}},
  year         = {2024},
  url          = {https://dl.acm.org/doi/10.5555/3635637.3663019},
  doi          = {10.5555/3635637.3663019},
  timestamp    = {Wed, 26 Jun 2024 14:06:50 +0200},
  biburl       = {https://dblp.org/rec/conf/atal/PolychroniadouC24.bib},
  bibsource    = {dblp computer science bibliography, https://dblp.org}
}




@inproceedings{polychroniadou2023prime,
  title={Prime Match: A $\{$Privacy-Preserving$\}$ Inventory Matching System},
  author={Polychroniadou, Antigoni and Asharov, Gilad and Diamond, Benjamin and Balch, Tucker and Buehler, Hans and Hua, Richard and Gu, Suwen and Gimler, Greg and Veloso, Manuela},
  booktitle={32nd USENIX Security Symposium (USENIX Security 23)},
  pages={6417--6434},
  year={2023}
}



@misc{fines,
  title = {Dark Pool Misrepresentations},
author= {Sec},
  howpublished = {\url{https://www.sec.gov/newsroom/press-releases/2018-193}}
}



@article{bag2019seal,
  title={SEAL: Sealed-bid auction without auctioneers},
  author={Bag, Samiran and Hao, Feng and Shahandashti, Siamak F and Ray, Indranil Ghosh},
  journal={IEEE Transactions on Information Forensics and Security},
  volume={15},
  pages={2042--2052},
  year={2019},
  publisher={IEEE}
}


@inproceedings{galal2021publicly,
  title={Publicly verifiable and secrecy preserving periodic auctions},
  author={Galal, Hisham S and Youssef, Amr M},
  booktitle={Financial Cryptography and Data Security. FC 2021 International Workshops: CoDecFin, DeFi, VOTING, and WTSC, Virtual Event, March 5, 2021, Revised Selected Papers 25},
  pages={348--363},
  year={2021},
  organization={Springer}
}

@inproceedings{ngo2021practical,
  title={Practical witness-key-agreement for blockchain-based dark pools financial trading},
  author={Ngo, Chan Nam and Massacci, Fabio and Kerschbaum, Florian and Williams, Julian},
  booktitle={Financial Cryptography and Data Security: 25th International Conference, FC 2021, Virtual Event, March 1--5, 2021, Revised Selected Papers, Part II 25},
  pages={579--598},
  year={2021},
  organization={Springer}
}

@inproceedings{massacci2018futuresmex,
  title={FuturesMEX: secure, distributed futures market exchange},
  author={Massacci, Fabio and Ngo, Chan Nam and Nie, Jing and Venturi, Daniele and Williams, Julian},
  booktitle={2018 IEEE Symposium on Security and Privacy (SP)},
  pages={335--353},
  year={2018},
  organization={IEEE}
}


@article{CartlidgeSA21,
  author       = {John Cartlidge and
                  Nigel P. Smart and
                  Younes Talibi Alaoui},
  title        = {Multi-party computation mechanism for anonymous equity block trading:
                  {A} secure implementation of turquoise plato uncross},
  journal      = {Intell. Syst. Account. Finance Manag.},
  volume       = {28},
  number       = {4},
  pages        = {239--267},
  year         = {2021},
  url          = {https://doi.org/10.1002/isaf.1502},
  doi          = {10.1002/ISAF.1502},
  timestamp    = {Fri, 13 May 2022 19:53:04 +0200},
  biburl       = {https://dblp.org/rec/journals/isafm/CartlidgeSA21.bib},
  bibsource    = {dblp computer science bibliography, https://dblp.org}
}


@inproceedings{CartlidgeSA19,
  author       = {John Cartlidge and
                  Nigel P. Smart and
                  Younes Talibi Alaoui},
  editor       = {Steven D. Galbraith and
                  Giovanni Russello and
                  Willy Susilo and
                  Dieter Gollmann and
                  Engin Kirda and
                  Zhenkai Liang},
  title        = {{MPC} Joins The Dark Side},
  booktitle    = {Proceedings of the 2019 {ACM} Asia Conference on Computer and Communications
                  Security, AsiaCCS 2019, Auckland, New Zealand, July 09-12, 2019},
  pages        = {148--159},
  publisher    = {{ACM}},
  year         = {2019},
  url          = {https://doi.org/10.1145/3321705.3329809},
  doi          = {10.1145/3321705.3329809},
  timestamp    = {Tue, 10 Nov 2020 16:06:16 +0100},
  biburl       = {https://dblp.org/rec/conf/ccs/CartlidgeSA19.bib},
  bibsource    = {dblp computer science bibliography, https://dblp.org}
}

@inproceedings{AsharovBPV20,
  author       = {Gilad Asharov and
                  Tucker Hybinette Balch and
                  Antigoni Polychroniadou and
                  Manuela Veloso},
  editor       = {Amal El Fallah Seghrouchni and
                  Gita Sukthankar and
                  Bo An and
                  Neil Yorke{-}Smith},
  title        = {Privacy-Preserving Dark Pools},
  booktitle    = {Proceedings of the 19th International Conference on Autonomous Agents
                  and Multiagent Systems, {AAMAS} '20, Auckland, New Zealand, May 9-13,
                  2020},
  pages        = {1747--1749},
  publisher    = {International Foundation for Autonomous Agents and Multiagent Systems},
  year         = {2020},
  url          = {https://dl.acm.org/doi/10.5555/3398761.3398969},
  doi          = {10.5555/3398761.3398969},
  timestamp    = {Tue, 26 Jul 2022 17:09:52 +0200},
  biburl       = {https://dblp.org/rec/conf/atal/AsharovBPV20.bib},
  bibsource    = {dblp computer science bibliography, https://dblp.org}
}


@inproceedings{BalchDP20,
  author       = {Tucker Balch and
                  Benjamin E. Diamond and
                  Antigoni Polychroniadou},
  editor       = {Tucker Balch},
  title        = {SecretMatch: inventory matching from fully homomorphic encryption},
  booktitle    = {{ICAIF} '20: The First {ACM} International Conference on {AI} in Finance,
                  New York, NY, USA, October 15-16, 2020},
  pages        = {15:1--15:7},
  publisher    = {{ACM}},
  year         = {2020},
  url          = {https://doi.org/10.1145/3383455.3422569},
  doi          = {10.1145/3383455.3422569},
  timestamp    = {Fri, 08 Oct 2021 09:15:51 +0200},
  biburl       = {https://dblp.org/rec/conf/icaif/BalchDP20.bib},
  bibsource    = {dblp computer science bibliography, https://dblp.org}
}


@article{MazloomDPB23,
  author       = {Sahar Mazloom and
                  Benjamin E. Diamond and
                  Antigoni Polychroniadou and
                  Tucker Balch},
  title        = {An Efficient Data-Independent Priority Queue and its Application to
                  Dark Pools},
  journal      = {Proc. Priv. Enhancing Technol.},
  volume       = {2023},
  number       = {2},
  pages        = {5--22},
  year         = {2023},
  url          = {https://doi.org/10.56553/popets-2023-0038},
  doi          = {10.56553/POPETS-2023-0038},
  timestamp    = {Tue, 18 Apr 2023 16:42:00 +0200},
  biburl       = {https://dblp.org/rec/journals/popets/MazloomDPB23.bib},
  bibsource    = {dblp computer science bibliography, https://dblp.org}
}



@inproceedings{MaWAPR23,
  author       = {Yiping Ma and
                  Jess Woods and
                  Sebastian Angel and
                  Antigoni Polychroniadou and
                  Tal Rabin},
  title        = {Flamingo: Multi-Round Single-Server Secure Aggregation with Applications
                  to Private Federated Learning},
  booktitle    = {44th {IEEE} Symposium on Security and Privacy, {SP} 2023, San Francisco,
                  CA, USA, May 21-25, 2023},
  pages        = {477--496},
  publisher    = {{IEEE}},
  year         = {2023},
  url          = {https://doi.org/10.1109/SP46215.2023.10179434},
  doi          = {10.1109/SP46215.2023.10179434},
  timestamp    = {Thu, 27 Jul 2023 08:17:10 +0200},
  biburl       = {https://dblp.org/rec/conf/sp/MaWAPR23.bib},
  bibsource    = {dblp computer science bibliography, https://dblp.org}
}


@inproceedings{ByrdHB20,
  author       = {David Byrd and
                  Maria Hybinette and
                  Tucker Hybinette Balch},
  editor       = {Jason Liu and
                  Philippe J. Giabbanelli and
                  Christopher D. Carothers},
  title        = {{ABIDES:} Towards High-Fidelity Multi-Agent Market Simulation},
  booktitle    = {Proceedings of the 2019 {ACM} {SIGSIM} Conference on Principles of
                  Advanced Discrete Simulation, {SIGSIM-PADS} 2020, Miami, FL, USA,
                  June 15-17, 2020},
  pages        = {11--22},
  publisher    = {{ACM}},
  year         = {2020},
  url          = {https://doi.org/10.1145/3384441.3395986},
  doi          = {10.1145/3384441.3395986},
  timestamp    = {Mon, 29 Apr 2024 16:19:40 +0200},
  biburl       = {https://dblp.org/rec/conf/pads/ByrdHB20.bib},
  bibsource    = {dblp computer science bibliography, https://dblp.org}
}

@article{greenwade93,
    author  = "George D. Greenwade",
    title   = "The {C}omprehensive {T}ex {A}rchive {N}etwork ({CTAN})",
    year    = "1993",
    journal = "TUGBoat",
    volume  = "14",
    number  = "3",
    pages   = "342--351"
}

@article{DBLP:journals/corr/abs-2406-17964,
  author       = {T.{-}H. Hubert Chan and
                  Quan Xue},
  title        = {Symmetric Splendor: Unraveling Universally Closest Refinements and
                  Fisher Market Equilibrium through Density-Friendly Decomposition},
  journal      = {CoRR},
  volume       = {abs/2406.17964},
  year         = {2024}
}

@inproceedings{DBLP:conf/crypto/MironovPRV09,
  author       = {Ilya Mironov and
                  Omkant Pandey and
                  Omer Reingold and
                  Salil P. Vadhan},
  title        = {Computational Differential Privacy},
  booktitle    = {{CRYPTO}},
  series       = {Lecture Notes in Computer Science},
  volume       = {5677},
  pages        = {126--142},
  publisher    = {Springer},
  year         = {2009}
}

@article{DBLP:journals/jacm/LinP15,
  author    = {Huijia Lin and
               Rafael Pass},
  title     = {Constant-Round Nonmalleable Commitments from Any One-Way Function},
  journal   = {J. {ACM}},
  volume    = {62},
  number    = {1},
  pages     = {5:1--5:30},
  year      = {2015}
}

@inproceedings{DBLP:conf/icalp/Dwork06,
  author       = {Cynthia Dwork},
  title        = {Differential Privacy},
  booktitle    = {{ICALP} {(2)}},
  series       = {Lecture Notes in Computer Science},
  volume       = {4052},
  pages        = {1--12},
  publisher    = {Springer},
  year         = {2006}
}

@article{DBLP:journals/siamcomp/HsuHRRW16,
  author       = {Justin Hsu and
                  Zhiyi Huang and
                  Aaron Roth and
                  Tim Roughgarden and
                  Zhiwei Steven Wu},
  title        = {Private Matchings and Allocations},
  journal      = {{SIAM} J. Comput.},
  volume       = {45},
  number       = {6},
  pages        = {1953--1984},
  year         = {2016}
}