@article{ashkboos2024computational,
  title={Computational Bottlenecks of Training Small-scale Large Language Models},
  author={Ashkboos, Saleh and Mirzadeh, Iman and Alizadeh, Keivan and Sekhavat, Mohammad Hossein and Nabi, Moin and Farajtabar, Mehrdad and Faghri, Fartash},
  journal={arXiv preprint arXiv:2410.19456},
  year={2024}
}

@article{gunter2024apple,
  title={Apple intelligence foundation language models},
  author={Gunter, Tom and Wang, Zirui and Wang, Chong and Pang, Ruoming and Narayanan, Andy and Zhang, Aonan and Zhang, Bowen and Chen, Chen and Chiu, Chung-Cheng and Qiu, David and others},
  journal={arXiv preprint arXiv:2407.21075},
  year={2024}
}

@article{muralidharan2024compact,
  title={Compact Language Models via Pruning and Knowledge Distillation},
  author={Muralidharan, Saurav and Sreenivas, Sharath Turuvekere and Joshi, Raviraj and Chochowski, Marcin and Patwary, Mostofa and Shoeybi, Mohammad and Catanzaro, Bryan and Kautz, Jan and Molchanov, Pavlo},
  journal={arXiv preprint arXiv:2407.14679},
  year={2024}
}

@article{muralidharan2024minitron,
  title={{LLM} Pruning and Distillation in Practice: The Minitron Approach},
  author={Muralidharan, Saurav and Sreenivas, Sharath Turuvekere and Joshi, Raviraj and Chochowski, Marcin and Patwary, Mostofa and Shoeybi, Mohammad and Catanzaro, Bryan and Kautz, Jan and Molchanov, Pavlo},
  journal={arXiv preprint arXiv:2408.11796},
  year={2024}
}

@article{pareja2024unveiling,
  title={Unveiling the Secret Recipe: A Guide For Supervised Fine-Tuning Small LLMs},
  author={Pareja, Aldo and Nayak, Nikhil Shivakumar and Wang, Hao and Killamsetty, Krishnateja and Sudalairaj, Shivchander and Zhao, Wenlong and Han, Seungwook and Bhandwaldar, Abhishek and Xu, Guangxuan and Xu, Kai and others},
  journal={arXiv preprint arXiv:2412.13337},
  year={2024}
}

@article{zhu2023survey,
  title={A Survey on Model Compression for Large Language Models},
  author={Zhu, Xunyu and Li, Jian and Liu, Yong and Ma, Can and Wang, Weiping},
  journal={arXiv preprint arXiv:2308.07633},
  year={2023}
}

