
% Journals

% First the Full Name is given, then the abbreviation used in the AMS Math
% Reviews, with an indication if it could not be found there.
% Note the 2nd overwrites the 1st, so swap them if you want the full name.

 %{AMS}
 @String{AMSTrans = "American Mathematical Society Translations" }
 @String{AMSTrans = "Amer. Math. Soc. Transl." }
 @String{BullAMS = "Bulletin of the American Mathematical Society" }
 @String{BullAMS = "Bull. Amer. Math. Soc." }
 @String{ProcAMS = "Proceedings of the American Mathematical Society" }
 @String{ProcAMS = "Proc. Amer. Math. Soc." }
 @String{TransAMS = "Transactions of the American Mathematical Society" }
 @String{TransAMS = "Trans. Amer. Math. Soc." }

 %ACM
 @String{CACM = "Communications of the {ACM}" }
 @String{CACM = "Commun. {ACM}" }
 @String{CompServ = "Comput. Surveys" }
 @String{JACM = "J. ACM" }
 @String{ACMMathSoft = "{ACM} Transactions on Mathematical Software" }
 @String{ACMMathSoft = "{ACM} Trans. Math. Software" }
 @String{SIGNUM = "{ACM} {SIGNUM} Newsletter" }
 @String{SIGNUM = "{ACM} {SIGNUM} Newslett." }

 @String{AmerSocio = "American Journal of Sociology" }
 @String{AmerStatAssoc = "Journal of the American Statistical Association" }
 @String{AmerStatAssoc = "J. Amer. Statist. Assoc." }
 @String{ApplMathComp = "Applied Mathematics and Computation" }
 @String{ApplMathComp = "Appl. Math. Comput." }
 @String{AmerMathMonthly = "American Mathematical Monthly" }
 @String{AmerMathMonthly = "Amer. Math. Monthly" }
 @String{BIT = "{BIT}" }
 @String{BritStatPsych = "British Journal of Mathematical and Statistical
          Psychology" }
 @String{BritStatPsych = "Brit. J. Math. Statist. Psych." }
 @String{CanMathBull = "Canadian Mathematical Bulletin" }
 @String{CanMathBull = "Canad. Math. Bull." }
 @String{CompApplMath = "Journal of Computational and Applied Mathematics" }
 @String{CompApplMath = "J. Comput. Appl. Math." }
 @String{CompPhys = "Journal of Computational Physics" }
 @String{CompPhys = "J. Comput. Phys." }
 @String{CompStruct = "Computers and Structures" }
 @String{CompStruct = "Comput. \& Structures" }
 @String{CompJour = "The Computer Journal" }
 @String{CompJour = "Comput. J." }
 @String{CompSysSci = "Journal of Computer and System Sciences" }
 @String{CompSysSci = "J. Comput. System Sci." }
 @String{Computing = "Computing" }
 @String{ContempMath = "Contemporary Mathematics" }
 @String{ContempMath = "Contemp. Math." }
 @String{Crelle = "Crelle's Journal" }
 @String{GiornaleMath = "Giornale di Mathematiche" }
 @String{GiornaleMath = "Giorn. Mat." } % didn't find in AMS MR., ibid.

 %IEEE
 @String{Computer = "{IEEE} Computer" }
 @String{IEEETransComp = "{IEEE} Transactions on Computers" }
 @String{IEEETransComp = "{IEEE} Trans. Comput." }
 @String{IEEETransAC = "{IEEE} Transactions on Automatic Control" }
 @String{IEEETransAC = "{IEEE} Trans. Automat. Control" }
 @String{IEEESpec = "{IEEE} Spectrum" } % didn't find in AMS MR
 @String{ProcIEEE = "Proceedings of the {IEEE}" }
 @String{ProcIEEE = "Proc. {IEEE}" } % didn't find in AMS MR
 @String{IEEETransAeroElec = "{IEEE} Transactions on Aerospace and Electronic
     Systems" }
 @String{IEEETransAeroElec = "{IEEE} Trans. Aerospace Electron. Systems" }

 @String{IMANumerAna = "{IMA} Journal of Numerical Analysis" }
 @String{IMANumerAna = "{IMA} J. Numer. Anal." }
 @String{InfProcLet = "Information Processing Letters" }
 @String{InfProcLet = "Inform. Process. Lett." }
 @String{InstMathApp = "Journal of the Institute of Mathematics and
     its Applications" }
 @String{InstMathApp = "J. Inst. Math. Appl." }
 @String{IntControl = "International Journal of Control" }
 @String{IntControl = "Internat. J. Control" }
 @String{IntNumerEng = "International Journal for Numerical Methods in
     Engineering" }
 @String{IntNumerEng = "Internat. J. Numer. Methods Engrg." }
 @String{IntSuper = "International Journal of Supercomputing Applications" }
 @String{IntSuper = "Internat. J. Supercomputing Applic." } % didn't find
%% in AMS MR
 @String{Kibernetika = "Kibernetika" }
 @String{JResNatBurStand = "Journal of Research of the National Bureau
     of Standards" }
 @String{JResNatBurStand = "J. Res. Nat. Bur. Standards" }
 @String{LinAlgApp = "Linear Algebra and its Applications" }
 @String{LinAlgApp = "Linear Algebra Appl." }
 @String{MathAnaAppl = "Journal of Mathematical Analysis and Applications" }
 @String{MathAnaAppl = "J. Math. Anal. Appl." }
 @String{MathAnnalen = "Mathematische Annalen" }
 @String{MathAnnalen = "Math. Ann." }
 @String{MathPhys = "Journal of Mathematical Physics" }
 @String{MathPhys = "J. Math. Phys." }
 @String{MathComp = "Mathematics of Computation" }
 @String{MathComp = "Math. Comp." }
 @String{MathScand = "Mathematica Scandinavica" }
 @String{MathScand = "Math. Scand." }
 @String{TablesAidsComp = "Mathematical Tables and Other Aids to Computation" }
 @String{TablesAidsComp = "Math. Tables Aids Comput." }
 @String{NumerMath = "Numerische Mathematik" }
 @String{NumerMath = "Numer. Math." }
 @String{PacificMath = "Pacific Journal of Mathematics" }
 @String{PacificMath = "Pacific J. Math." }
 @String{ParDistComp = "Journal of Parallel and Distributed Computing" }
 @String{ParDistComp = "J. Parallel and Distrib. Comput." } % didn't find
%% in AMS MR
 @String{ParComputing = "Parallel Computing" }
 @String{ParComputing = "Parallel Comput." }
 @String{PhilMag = "Philosophical Magazine" }
 @String{PhilMag = "Philos. Mag." }
 @String{ProcNAS = "Proceedings of the National Academy of Sciences
                    of the USA" }
 @String{ProcNAS = "Proc. Nat. Acad. Sci. U. S. A." }
 @String{Psychometrika = "Psychometrika" }
 @String{QuartMath = "Quarterly Journal of Mathematics, Oxford, Series (2)" }
 @String{QuartMath = "Quart. J. Math. Oxford Ser. (2)" }
 @String{QuartApplMath = "Quarterly of Applied Mathematics" }
 @String{QuartApplMath = "Quart. Appl. Math." }
 @String{RevueInstStat = "Review of the International Statisical Institute" }
 @String{RevueInstStat = "Rev. Inst. Internat. Statist." }

 %SIAM
 @String{JSIAM = "Journal of the Society for Industrial and Applied
     Mathematics" }
 @String{JSIAM = "J. Soc. Indust. Appl. Math." }
 @String{JSIAMB = "Journal of the Society for Industrial and Applied
     Mathematics, Series B, Numerical Analysis" }
 @String{JSIAMB = "J. Soc. Indust. Appl. Math. Ser. B Numer. Anal." }
 @String{SIAMAlgMeth = "{SIAM} Journal on Algebraic and Discrete Methods" }
 @String{SIAMAlgMeth = "{SIAM} J. Algebraic Discrete Methods" }
 @String{SIAMAppMath = "{SIAM} Journal on Applied Mathematics" }
 @String{SIAMAppMath = "{SIAM} J. Appl. Math." }
 @String{SIAMComp = "{SIAM} Journal on Computing" }
 @String{SIAMComp = "{SIAM} J. Comput." }
 @String{SIAMMatrix = "{SIAM} Journal on Matrix Analysis and Applications" }
 @String{SIAMMatrix = "{SIAM} J. Matrix Anal. Appl." }
 @String{SIAMNumAnal = "{SIAM} Journal on Numerical Analysis" }
 @String{SIAMNumAnal = "{SIAM} J. Numer. Anal." }
 @String{SIAMReview = "{SIAM} Review" }
 @String{SIAMReview = "{SIAM} Rev." }
 @String{SIAMSciStat = "{SIAM} Journal on Scientific and Statistical
     Computing" }
 @String{SIAMSciStat = "{SIAM} J. Sci. Statist. Comput." }

 @String{SoftPracExp = "Software Practice and Experience" }
 @String{SoftPracExp = "Software Prac. Experience" } % didn't find in AMS MR
 @String{StatScience = "Statistical Science" }
 @String{StatScience = "Statist. Sci." }
 @String{Techno = "Technometrics" }
 @String{USSRCompMathPhys = "{USSR} Computational Mathematics and Mathematical
     Physics" }
 @String{USSRCompMathPhys = "{U. S. S. R.} Comput. Math. and Math. Phys." }
 @String{VLSICompSys = "Journal of {VLSI} and Computer Systems" }
 @String{VLSICompSys = "J. {VLSI} Comput. Syst." }
 @String{ZAngewMathMech = "Zeitschrift fur Angewandte Mathematik und
     Mechanik" }
 @String{ZAngewMathMech = "Z. Angew. Math. Mech." }
 @String{ZAngewMathPhys = "Zeitschrift fur Angewandte Mathematik und Physik" }
 @String{ZAngewMathPhys = "Z. Angew. Math. Phys." }

% Publishers % ================================================= |

 @String{Academic = "Academic Press" }
 @String{ACMPress = "{ACM} Press" }
 @String{AdamHilger = "Adam Hilger" }
 @String{AddisonWesley = "Addison-Wesley" }
 @String{AllynBacon = "Allyn and Bacon" }
 @String{AMS = "American Mathematical Society" }
 @String{Birkhauser = "Birkh{\"a}user" }
 @String{CambridgePress = "Cambridge University Press" }
 @String{Chelsea = "Chelsea" }
 @String{ClaredonPress = "Claredon Press" }
 @String{DoverPub = "Dover Publications" }
 @String{Eyolles = "Eyolles" }
 @String{HoltRinehartWinston = "Holt, Rinehart and Winston" }
 @String{Interscience = "Interscience" }
 @String{JohnsHopkinsPress = "The Johns Hopkins University Press" }
 @String{JohnWileySons = "John Wiley and Sons" }
 @String{Macmillan = "Macmillan" }
 @String{MathWorks = "The Math Works Inc." }
 @String{McGrawHill = "McGraw-Hill" }
 @String{NatBurStd = "National Bureau of Standards" }
 @String{NorthHolland = "North-Holland" }
 @String{OxfordPress = "Oxford University Press" }  %address Oxford or London?
 @String{PergamonPress = "Pergamon Press" }
 @String{PlenumPress = "Plenum Press" }
 @String{PrenticeHall = "Prentice-Hall" }
 @String{SIAMPub = "{SIAM} Publications" }
 @String{Springer = "Springer-Verlag" }
 @String{TexasPress = "University of Texas Press" }
 @String{VanNostrand = "Van Nostrand" }
 @String{WHFreeman = "W. H. Freeman and Co." }

%Entries


%LLama
@article{dubey2024llama,
  title={The llama 3 herd of models},
  author={Dubey, Abhimanyu and Jauhri, Abhinav and Pandey, Abhinav and Kadian, Abhishek and Al-Dahle, Ahmad and Letman, Aiesha and Mathur, Akhil and Schelten, Alan and Yang, Amy and Fan, Angela and others},
  journal={arXiv preprint arXiv:2407.21783},
  year={2024}
}

%mistral
@article{jiang2023mistral,
  title={Mistral 7B},
  author={Jiang, Albert Q and Sablayrolles, Alexandre and Mensch, Arthur and Bamford, Chris and Chaplot, Devendra Singh and Casas, Diego de las and Bressand, Florian and Lengyel, Gianna and Lample, Guillaume and Saulnier, Lucile and others},
  journal={arXiv preprint arXiv:2310.06825},
  year={2023}
}


%gemini 
@article{team2023gemini,
  title={Gemini: a family of highly capable multimodal models},
  author={Team, Gemini and Anil, Rohan and Borgeaud, Sebastian and Alayrac, Jean-Baptiste and Yu, Jiahui and Soricut, Radu and Schalkwyk, Johan and Dai, Andrew M and Hauth, Anja and Millican, Katie and others},
  journal={arXiv preprint arXiv:2312.11805},
  year={2023}
}

%deepseekv3
@article{liu2024deepseek,
  title={Deepseek-v3 technical report},
  author={Liu, Aixin and Feng, Bei and Xue, Bing and Wang, Bingxuan and Wu, Bochao and Lu, Chengda and Zhao, Chenggang and Deng, Chengqi and Zhang, Chenyu and Ruan, Chong and others},
  journal={arXiv preprint arXiv:2412.19437},
  year={2024}
}

%deepseekr1
@article{guo2025deepseek,
  title={Deepseek-r1: Incentivizing reasoning capability in llms via reinforcement learning},
  author={Guo, Daya and Yang, Dejian and Zhang, Haowei and Song, Junxiao and Zhang, Ruoyu and Xu, Runxin and Zhu, Qihao and Ma, Shirong and Wang, Peiyi and Bi, Xiao and others},
  journal={arXiv preprint arXiv:2501.12948},
  year={2025}
}

%gpt3
@article{brown2020language,
  title={Language models are few-shot learners},
  author={Brown, Tom and Mann, Benjamin and Ryder, Nick and Subbiah, Melanie and Kaplan, Jared D and Dhariwal, Prafulla and Neelakantan, Arvind and Shyam, Pranav and Sastry, Girish and Askell, Amanda and others},
  journal={Advances in neural information processing systems},
  volume={33},
  pages={1877--1901},
  year={2020}
}


%BERT
@article{devlin2018bert,
  title={Bert: Pre-training of deep bidirectional transformers for language understanding},
  author={Devlin, Jacob},
  journal={arXiv preprint arXiv:1810.04805},
  year={2018}
}

%E5
@article{wang2022text,
  title={Text embeddings by weakly-supervised contrastive pre-training},
  author={Wang, Liang and Yang, Nan and Huang, Xiaolong and Jiao, Binxing and Yang, Linjun and Jiang, Daxin and Majumder, Rangan and Wei, Furu},
  journal={arXiv preprint arXiv:2212.03533},
  year={2022}
}

%mistral E5
@article{wang2023improving,
  title={Improving text embeddings with large language models},
  author={Wang, Liang and Yang, Nan and Huang, Xiaolong and Yang, Linjun and Majumder, Rangan and Wei, Furu},
  journal={arXiv preprint arXiv:2401.00368},
  year={2023}
}

%brew
@article{firooz2025360brew,
  title={360Brew: A Decoder-only Foundation Model for Personalized Ranking and Recommendation},
  author={Firooz, Hamed and Sanjabi, Maziar and Englhardt, Adrian and Gupta, Aman and Levine, Ben and Olgiati, Dre and Polatkan, Gungor and Melnychuk, Iuliia and Ramgopal, Karthik and Talanine, Kirill and others},
  journal={arXiv preprint arXiv:2501.16450},
  year={2025}
}

%scalinglaws1
@article{kaplan2020scaling,
  title={Scaling laws for neural language models},
  author={Kaplan, Jared and McCandlish, Sam and Henighan, Tom and Brown, Tom B and Chess, Benjamin and Child, Rewon and Gray, Scott and Radford, Alec and Wu, Jeffrey and Amodei, Dario},
  journal={arXiv preprint arXiv:2001.08361},
  year={2020}
}

%scalinglaws2
@article{hoffmann2022training,
  title={Training compute-optimal large language models},
  author={Hoffmann, Jordan and Borgeaud, Sebastian and Mensch, Arthur and Buchatskaya, Elena and Cai, Trevor and Rutherford, Eliza and Casas, Diego de Las and Hendricks, Lisa Anne and Welbl, Johannes and Clark, Aidan and others},
  journal={arXiv preprint arXiv:2203.15556},
  year={2022}
}

%CoT
@article{wei2022chain,
  title={Chain-of-thought prompting elicits reasoning in large language models},
  author={Wei, Jason and Wang, Xuezhi and Schuurmans, Dale and Bosma, Maarten and Xia, Fei and Chi, Ed and Le, Quoc V and Zhou, Denny and others},
  journal={Advances in neural information processing systems},
  volume={35},
  pages={24824--24837},
  year={2022}
}

%T5
@article{raffel2020exploring,
  title={Exploring the limits of transfer learning with a unified text-to-text transformer},
  author={Raffel, Colin and Shazeer, Noam and Roberts, Adam and Lee, Katherine and Narang, Sharan and Matena, Michael and Zhou, Yanqi and Li, Wei and Liu, Peter J},
  journal={Journal of machine learning research},
  volume={21},
  number={140},
  pages={1--67},
  year={2020}
}

%distillation
@article{hinton2015distilling,
  title={Distilling the Knowledge in a Neural Network},
  author={Hinton, Geoffrey},
  journal={arXiv preprint arXiv:1503.02531},
  year={2015}
}

%miniLLM
@inproceedings{gu2024minillm,
  title={MiniLLM: Knowledge distillation of large language models},
  author={Gu, Yuxian and Dong, Li and Wei, Furu and Huang, Minlie},
  booktitle={The Twelfth International Conference on Learning Representations},
  year={2024}
}

%zephyr
@article{tunstall2023zephyr,
  title={Zephyr: Direct distillation of lm alignment},
  author={Tunstall, Lewis and Beeching, Edward and Lambert, Nathan and Rajani, Nazneen and Rasul, Kashif and Belkada, Younes and Huang, Shengyi and von Werra, Leandro and Fourrier, Cl{\'e}mentine and Habib, Nathan and others},
  journal={arXiv preprint arXiv:2310.16944},
  year={2023}
}

%GKD
@inproceedings{agarwal2024policy,
  title={On-policy distillation of language models: Learning from self-generated mistakes},
  author={Agarwal, Rishabh and Vieillard, Nino and Zhou, Yongchao and Stanczyk, Piotr and Garea, Sabela Ramos and Geist, Matthieu and Bachem, Olivier},
  booktitle={The Twelfth International Conference on Learning Representations},
  year={2024}
}

%gptq
@article{frantar2022gptq,
  title={Gptq: Accurate post-training quantization for generative pre-trained transformers},
  author={Frantar, Elias and Ashkboos, Saleh and Hoefler, Torsten and Alistarh, Dan},
  journal={arXiv preprint arXiv:2210.17323},
  year={2022}
}

%quantease
@article{behdin2023quantease,
  title={QuantEase: Optimization-based Quantization for Language Models},
  author={Behdin, Kayhan and Acharya, Ayan and Gupta, Aman and Song, Qingquan and Zhu, Siyu and Keerthi, Sathiya and Mazumder, Rahul},
  journal={arXiv e-prints},
  pages={arXiv--2309},
  year={2023}
}

%OSSCAR
@article{meng2024osscar,
  title={OSSCAR: One-Shot Structured Pruning in Vision and Language Models with Combinatorial Optimization},
  author={Meng, Xiang and Ibrahim, Shibal and Behdin, Kayhan and Hazimeh, Hussein and Ponomareva, Natalia and Mazumder, Rahul},
  journal={arXiv preprint arXiv:2403.12983},
  year={2024}
}

@article{obd,
  title={Optimal brain damage},
  author={LeCun, Yann and Denker, John and Solla, Sara},
  journal={Advances in neural information processing systems},
  volume={2},
  year={1989}
}

@inproceedings{obs,
  title={Optimal brain surgeon and general network pruning},
  author={Hassibi, Babak and Stork, David G and Wolff, Gregory J},
  booktitle={IEEE international conference on neural networks},
  pages={293--299},
  year={1993},
  organization={IEEE}
}


@article{structured1,
  title={A fast post-training pruning framework for transformers},
  author={Kwon, Woosuk and Kim, Sehoon and Mahoney, Michael W and Hassoun, Joseph and Keutzer, Kurt and Gholami, Amir},
  journal={Advances in Neural Information Processing Systems},
  volume={35},
  pages={24101--24116},
  year={2022}
}

@article{structured2,
  title={Ziplm: Inference-aware structured pruning of language models},
  author={Kurti{\'c}, Eldar and Frantar, Elias and Alistarh, Dan},
  journal={Advances in Neural Information Processing Systems},
  volume={36},
  year={2024}
}


%sparseGPT
@inproceedings{frantar2023sparsegpt,
  title={Sparsegpt: Massive language models can be accurately pruned in one-shot},
  author={Frantar, Elias and Alistarh, Dan},
  booktitle={International Conference on Machine Learning},
  pages={10323--10337},
  year={2023},
  organization={PMLR}
}

%wanda
@article{sun2023simple,
  title={A simple and effective pruning approach for large language models},
  author={Sun, Mingjie and Liu, Zhuang and Bair, Anna and Kolter, J Zico},
  journal={arXiv preprint arXiv:2306.11695},
  year={2023}
}

%alps
@article{meng2024alps,
  title={ALPS: Improved Optimization for Highly Sparse One-Shot Pruning for Large Language Models},
  author={Meng, Xiang and Behdin, Kayhan and Wang, Haoyue and Mazumder, Rahul},
  journal={arXiv preprint arXiv:2406.07831},
  year={2024}
}

%dpo
@article{rafailov2024direct,
  title={Direct preference optimization: Your language model is secretly a reward model},
  author={Rafailov, Rafael and Sharma, Archit and Mitchell, Eric and Manning, Christopher D and Ermon, Stefano and Finn, Chelsea},
  journal={Advances in Neural Information Processing Systems},
  volume={36},
  year={2024}
}

%rlhforiginal
@article{ouyang2022training,
  title={Training language models to follow instructions with human feedback},
  author={Ouyang, Long and Wu, Jeffrey and Jiang, Xu and Almeida, Diogo and Wainwright, Carroll and Mishkin, Pamela and Zhang, Chong and Agarwal, Sandhini and Slama, Katarina and Ray, Alex and others},
  journal={Advances in neural information processing systems},
  volume={35},
  pages={27730--27744},
  year={2022}
}

@article{qin2023large,
  title={Large language models are effective text rankers with pairwise ranking prompting},
  author={Qin, Zhen and Jagerman, Rolf and Hui, Kai and Zhuang, Honglei and Wu, Junru and Yan, Le and Shen, Jiaming and Liu, Tianqi and Liu, Jialu and Metzler, Donald and others},
  journal={arXiv preprint arXiv:2306.17563},
  year={2023}
}

@article{li2023agent4ranking,
  title={Agent4ranking: Semantic robust ranking via personalized query rewriting using multi-agent llm},
  author={Li, Xiaopeng and Su, Lixin and Jia, Pengyue and Zhao, Xiangyu and Cheng, Suqi and Wang, Junfeng and Yin, Dawei},
  journal={arXiv preprint arXiv:2312.15450},
  year={2023}
}


@article{dam2024complete,
  title={A complete survey on llm-based ai chatbots},
  author={Dam, Sumit Kumar and Hong, Choong Seon and Qiao, Yu and Zhang, Chaoning},
  journal={arXiv preprint arXiv:2406.16937},
  year={2024}
}

@article{achiam2023gpt,
  title={Gpt-4 technical report},
  author={Achiam, Josh and Adler, Steven and Agarwal, Sandhini and Ahmad, Lama and Akkaya, Ilge and Aleman, Florencia Leoni and Almeida, Diogo and Altenschmidt, Janko and Altman, Sam and Anadkat, Shyamal and others},
  journal={arXiv preprint arXiv:2303.08774},
  year={2023}
}


@inproceedings{liu2024information,
  title={Information Retrieval Meets Large Language Models},
  author={Liu, Zheng and Zhou, Yujia and Zhu, Yutao and Lian, Jianxun and Li, Chaozhuo and Dou, Zhicheng and Lian, Defu and Nie, Jian-Yun},
  booktitle={Companion Proceedings of the ACM on Web Conference 2024},
  pages={1586--1589},
  year={2024}
}

@article{ramesh2022hierarchical,
  title={Hierarchical text-conditional image generation with clip latents},
  author={Ramesh, Aditya and Dhariwal, Prafulla and Nichol, Alex and Chu, Casey and Chen, Mark},
  journal={arXiv preprint arXiv:2204.06125},
  volume={1},
  number={2},
  pages={3},
  year={2022}
}

@article{zhao2024dense,
  title={Dense text retrieval based on pretrained language models: A survey},
  author={Zhao, Wayne Xin and Liu, Jing and Ren, Ruiyang and Wen, Ji-Rong},
  journal={ACM Transactions on Information Systems},
  volume={42},
  number={4},
  pages={1--60},
  year={2024},
  publisher={ACM New York, NY}
}

@article{muralidharan2024compact,
  title={Compact Language Models via Pruning and Knowledge Distillation},
  author={Muralidharan, Saurav and Sreenivas, Sharath Turuvekere and Joshi, Raviraj and Chochowski, Marcin and Patwary, Mostofa and Shoeybi, Mohammad and Catanzaro, Bryan and Kautz, Jan and Molchanov, Pavlo},
  journal={arXiv preprint arXiv:2407.14679},
  year={2024}
}

@article{muralidharan2024minitron,
  title={{LLM} Pruning and Distillation in Practice: The Minitron Approach},
  author={Muralidharan, Saurav and Sreenivas, Sharath Turuvekere and Joshi, Raviraj and Chochowski, Marcin and Patwary, Mostofa and Shoeybi, Mohammad and Catanzaro, Bryan and Kautz, Jan and Molchanov, Pavlo},
  journal={arXiv preprint arXiv:2408.11796},
  year={2024}
}


@article{pareja2024unveiling,
  title={Unveiling the Secret Recipe: A Guide For Supervised Fine-Tuning Small LLMs},
  author={Pareja, Aldo and Nayak, Nikhil Shivakumar and Wang, Hao and Killamsetty, Krishnateja and Sudalairaj, Shivchander and Zhao, Wenlong and Han, Seungwook and Bhandwaldar, Abhishek and Xu, Guangxuan and Xu, Kai and others},
  journal={arXiv preprint arXiv:2412.13337},
  year={2024}
}

@article{zhu2023survey,
  title={A Survey on Model Compression for Large Language Models},
  author={Zhu, Xunyu and Li, Jian and Liu, Yong and Ma, Can and Wang, Weiping},
  journal={arXiv preprint arXiv:2308.07633},
  year={2023}
}

@article{gunter2024apple,
  title={Apple intelligence foundation language models},
  author={Gunter, Tom and Wang, Zirui and Wang, Chong and Pang, Ruoming and Narayanan, Andy and Zhang, Aonan and Zhang, Bowen and Chen, Chen and Chiu, Chung-Cheng and Qiu, David and others},
  journal={arXiv preprint arXiv:2407.21075},
  year={2024}
}

@article{ashkboos2024computational,
  title={Computational Bottlenecks of Training Small-scale Large Language Models},
  author={Ashkboos, Saleh and Mirzadeh, Iman and Alizadeh, Keivan and Sekhavat, Mohammad Hossein and Nabi, Moin and Farajtabar, Mehrdad and Faghri, Fartash},
  journal={arXiv preprint arXiv:2410.19456},
  year={2024}
}


@inproceedings{
    rafailov2024dpo,
    title={Direct Preference Optimization: Your Language Model is Secretly a Reward Model},
    author={Rafael Rafailov and Archit Sharma and Eric Mitchell and Christopher D Manning and Stefano Ermon and Chelsea Finn},
    booktitle={Thirty-seventh Conference on Neural Information Processing Systems},
    year={2023},
    url={https://openreview.net/forum?id=HPuSIXJaa9}
}

@inproceedings{
    meng2024simpo,
    title={Sim{PO}: Simple Preference Optimization with a Reference-Free Reward},
    author={Yu Meng and Mengzhou Xia and Danqi Chen},
    booktitle={The Thirty-eighth Annual Conference on Neural Information Processing Systems},
    year={2024},
    url={https://openreview.net/forum?id=3Tzcot1LKb}
}

@article{gupta2025alphapo,
  title={AlphaPO--Reward shape matters for LLM alignment},
  author={Gupta, Aman and Tang, Shao and Song, Qingquan and Zhu, Sirou and Hong, Jiwoo and Saha, Ankan and Gupta, Viral and Lee, Noah and Kim, Eunki and Zhu, Jason and others},
  journal={arXiv preprint arXiv:2501.03884},
  year={2025}
}

@article{bradley1952rank,
  title={Rank analysis of incomplete block designs: I. The method of paired comparisons},
  author={Bradley, Ralph Allan and Terry, Milton E},
  journal={Biometrika},
  volume={39},
  number={3/4},
  pages={324--345},
  year={1952},
  publisher={JSTOR}
}

@article{rafailov2024scaling,
  title={Scaling laws for reward model overoptimization in direct alignment algorithms},
  author={Rafailov, Rafael and Chittepu, Yaswanth and Park, Ryan and Sikchi, Harshit and Hejna, Joey and Knox, Bradley and Finn, Chelsea and Niekum, Scott},
  journal={arXiv preprint arXiv:2406.02900},
  year={2024}
}

@inproceedings{hong2024orpo,
    title = "{ORPO}: Monolithic Preference Optimization without Reference Model",
    author = "Hong, Jiwoo  and
      Lee, Noah  and
      Thorne, James",
    editor = "Al-Onaizan, Yaser  and
      Bansal, Mohit  and
      Chen, Yun-Nung",
    booktitle = "Proceedings of the 2024 Conference on Empirical Methods in Natural Language Processing",
    month = nov,
    year = "2024",
    address = "Miami, Florida, USA",
    publisher = "Association for Computational Linguistics",
    url = "https://aclanthology.org/2024.emnlp-main.626",
    doi = "10.18653/v1/2024.emnlp-main.626",
    pages = "11170--11189",
    abstract = "While recent preference alignment algorithms for language models have demonstrated promising results, supervised fine-tuning (SFT) remains imperative for achieving successful convergence. In this paper, we revisit SFT in the context of preference alignment, emphasizing that a minor penalty for the disfavored style is sufficient for preference alignment. Building on this foundation, we introduce a straightforward reference model-free monolithic odds ratio preference optimization algorithm, ORPO, eliminating the need for an additional preference alignment phase. We demonstrate, both empirically and theoretically, that the odds ratio is a sensible choice for contrasting favored and disfavored styles during SFT across diverse sizes from 125M to 7B. Specifically, fine-tuning Phi-2 (2.7B), Llama-2 (7B), and Mistral (7B) with ORPO on the UltraFeedback alone surpasses the performance of state-of-the-art language models including Llama-2 Chat and Zephyr with more than 7B and 13B parameters: achieving up to 12.20{\%} on AlpacaEval 2.0 (Figure 1), and 7.32 in MT-Bench (Table 2). We release code and model checkpoints for Mistral-ORPO-$\alpha$ (7B) and Mistral-ORPO-$\beta$ (7B).",
}


@article{kim2016sequence,
  title={Sequence-level knowledge distillation},
  author={Kim, Yoon and Rush, Alexander M},
  journal={arXiv preprint arXiv:1606.07947},
  year={2016}
}

@article{zhou2023distillspec,
  title={Distillspec: Improving speculative decoding via knowledge distillation},
  author={Zhou, Yongchao and Lyu, Kaifeng and Rawat, Ankit Singh and Menon, Aditya Krishna and Rostamizadeh, Afshin and Kumar, Sanjiv and Kagy, Jean-Fran{\c{c}}ois and Agarwal, Rishabh},
  journal={arXiv preprint arXiv:2310.08461},
  year={2023}
}

@article{xu2024speculative,
  title={Speculative Knowledge Distillation: Bridging the Teacher-Student Gap Through Interleaved Sampling},
  author={Xu, Wenda and Han, Rujun and Wang, Zifeng and Le, Long T and Madeka, Dhruv and Li, Lei and Wang, William Yang and Agarwal, Rishabh and Lee, Chen-Yu and Pfister, Tomas},
  journal={arXiv preprint arXiv:2410.11325},
  year={2024}
}

@article{ko2024distillm,
  title={Distillm: Towards streamlined distillation for large language models},
  author={Ko, Jongwoo and Kim, Sungnyun and Chen, Tianyi and Yun, Se-Young},
  journal={arXiv preprint arXiv:2402.03898},
  year={2024}
}


@inproceedings{smoothquant,
  title={Smoothquant: Accurate and efficient post-training quantization for large language models},
  author={Xiao, Guangxuan and Lin, Ji and Seznec, Mickael and Wu, Hao and Demouth, Julien and Han, Song},
  booktitle={International Conference on Machine Learning},
  pages={38087--38099},
  year={2023},
  organization={PMLR}
}

@article{chowdhery2023palm,
  title={Palm: Scaling language modeling with pathways},
  author={Chowdhery, Aakanksha and Narang, Sharan and Devlin, Jacob and Bosma, Maarten and Mishra, Gaurav and Roberts, Adam and Barham, Paul and Chung, Hyung Won and Sutton, Charles and Gehrmann, Sebastian and others},
  journal={Journal of Machine Learning Research},
  volume={24},
  number={240},
  pages={1--113},
  year={2023}
}

@article{hsu2024liger,
  title={Liger kernel: Efficient triton kernels for llm training},
  author={Hsu, Pin-Lun and Dai, Yun and Kothapalli, Vignesh and Song, Qingquan and Tang, Shao and Zhu, Siyu and Shimizu, Steven and Sahni, Shivam and Ning, Haowen and Chen, Yanning},
  journal={arXiv preprint arXiv:2410.10989},
  year={2024}
}

@inproceedings{tillet2019triton,
  title={Triton: an intermediate language and compiler for tiled neural network computations},
  author={Tillet, Philippe and Kung, Hsiang-Tsung and Cox, David},
  booktitle={Proceedings of the 3rd ACM SIGPLAN International Workshop on Machine Learning and Programming Languages},
  pages={10--19},
  year={2019}
}

@inproceedings{rajbhandari2020zero,
  title={Zero: Memory optimizations toward training trillion parameter models},
  author={Rajbhandari, Samyam and Rasley, Jeff and Ruwase, Olatunji and He, Yuxiong},
  booktitle={SC20: International Conference for High Performance Computing, Networking, Storage and Analysis},
  pages={1--16},
  year={2020},
  organization={IEEE}
}

@article{wang2023zero++,
  title={Zero++: Extremely efficient collective communication for giant model training},
  author={Wang, Guanhua and Qin, Heyang and Jacobs, Sam Ade and Holmes, Connor and Rajbhandari, Samyam and Ruwase, Olatunji and Yan, Feng and Yang, Lei and He, Yuxiong},
  journal={arXiv preprint arXiv:2306.10209},
  year={2023}
}

@inproceedings{dai2024enhancing,
  title={Enhancing stability for large models training in constrained bandwidth networks},
  author={Dai, Yun and Dharamsi, Tejas and Hsu, Pin-Lun and Song, Tao and Firooz, Hamed},
  booktitle={Workshop on Efficient Systems for Foundation Models II@ ICML2024},
  year={2024}
}

@article{layerwise,
  title={Learning to prune deep neural networks via layer-wise optimal brain surgeon},
  author={Dong, Xin and Chen, Shangyu and Pan, Sinno},
  journal={Advances in neural information processing systems},
  volume={30},
  year={2017}
}

@inproceedings{kwon2023vllm,
  title={Efficient Memory Management for Large Language Model Serving with PagedAttention},
  author={Woosuk Kwon and Zhuohan Li and Siyuan Zhuang and Ying Sheng and Lianmin Zheng and Cody Hao Yu and Joseph E. Gonzalez and Hao Zhang and Ion Stoica},
  booktitle={Proceedings of the ACM SIGOPS 29th Symposium on Operating Systems Principles},
  year={2023}
}

@article{zheng2024sglang,
  title={Sglang: Efficient execution of structured language model programs},
  author={Zheng, Lianmin and Yin, Liangsheng and Xie, Zhiqiang and Sun, Chuyue and Huang, Jeff and Yu, Cody Hao and Cao, Shiyi and Kozyrakis, Christos and Stoica, Ion and Gonzalez, Joseph E and others},
  journal={arXiv preprint arXiv:2312.07104},
  year={2024}
}

@misc{TRT-LLM,
  author = {NVIDIA},
  title = {TensorRT-LLM},
  year = {2024},
  note = {GitHub: https://github.com/NVIDIA/TensorRT-LLM}
}

@misc{mlc-llm,
    author = {MLC team},
    title = {MLC-LLM},
    url = {https://github.com/mlc-ai/mlc-llm},
    year = {2023-2025}
}


@article{firooz2025360brew,
  title={360Brew: A Decoder-only Foundation Model for Personalized Ranking and Recommendation},
  author={Firooz, Hamed and Sanjabi, Maziar and Englhardt, Adrian and Gupta, Aman and Levine, Ben and Olgiati, Dre and Polatkan, Gungor and Melnychuk, Iuliia and Ramgopal, Karthik and Talanine, Kirill and others},
  journal={arXiv preprint arXiv:2501.16450},
  year={2025}
}

@article{ye2025flashinfer,
    title = {FlashInfer: Efficient and Customizable Attention Engine for LLM Inference Serving},
    author = {
      Ye, Zihao and
      Chen, Lequn and
      Lai, Ruihang and
      Lin, Wuwei and
      Zhang, Yineng and
      Wang, Stephanie and
      Chen, Tianqi and
      Kasikci, Baris and
      Grover, Vinod and
      Krishnamurthy, Arvind and
      Ceze, Luis
    },
    journal = {arXiv preprint arXiv:2501.01005},
    year = {2025},
    url = {https://arxiv.org/abs/2501.01005}
}

@inproceedings{benbaki2023fast,
  title={Fast as chita: Neural network pruning with combinatorial optimization},
  author={Benbaki, Riade and Chen, Wenyu and Meng, Xiang and Hazimeh, Hussein and Ponomareva, Natalia and Zhao, Zhe and Mazumder, Rahul},
  booktitle={International Conference on Machine Learning},
  pages={2031--2049},
  year={2023},
  organization={PMLR}
}

@article{yang2024qwen2,
  title={Qwen2. 5 technical report},
  author={Yang, An and Yang, Baosong and Zhang, Beichen and Hui, Binyuan and Zheng, Bo and Yu, Bowen and Li, Chengyuan and Liu, Dayiheng and Huang, Fei and Wei, Haoran and others},
  journal={arXiv preprint arXiv:2412.15115},
  year={2024}
}

@article{kiela2019supervised,
  title={Supervised multimodal bitransformers for classifying images and text},
  author={Kiela, Douwe and Bhooshan, Suvrat and Firooz, Hamed and Perez, Ethan and Testuggine, Davide},
  journal={arXiv preprint arXiv:1909.02950},
  year={2019}
}

@inproceedings{jin2021modality,
  title={Modality-specific distillation},
  author={Jin, Woojeong and Sanjabi, Maziar and Nie, Shaoliang and Tan, Liang and Ren, Xiang and Firooz, Hamed},
  booktitle={Proceedings of the Third Workshop on Multimodal Artificial Intelligence},
  pages={42--53},
  year={2021}
}

@article{mueller2023meta,
  title={Meta-training with demonstration retrieval for efficient few-shot learning},
  author={Mueller, Aaron and Narang, Kanika and Mathias, Lambert and Wang, Qifan and Firooz, Hamed},
  journal={arXiv preprint arXiv:2307.00119},
  year={2023}
}

@inproceedings{li2023text,
  title={Text is all you need: Learning language representations for sequential recommendation},
  author={Li, Jiacheng and Wang, Ming and Li, Jin and Fu, Jinmiao and Shen, Xin and Shang, Jingbo and McAuley, Julian},
  booktitle={Proceedings of the 29th ACM SIGKDD Conference on Knowledge Discovery and Data Mining},
  pages={1258--1267},
  year={2023}
}

@misc{eon,
  author = {Praveen Kumar Bodigutla, Ashvini Jindal, Girish Balaji, Siyu Zhu, Jie Bing, Rohit Jain, Yanbin Jiang, and Zheng Li},
  title = {How We Built Domain-Adapted Foundation GenAI Models to Power Our Platform},
  year = {2025},
  url = {https://www.linkedin.com/blog/engineering/generative-ai/how-we-built-domain-adapted-foundation-genai-models-to-power-our-platform},
  note = {Accessed: 2025-02-03}
}

@misc{zhou2023instructionfollowingevaluationlargelanguage,
      title={Instruction-Following Evaluation for Large Language Models}, 
      author={Jeffrey Zhou and Tianjian Lu and Swaroop Mishra and Siddhartha Brahma and Sujoy Basu and Yi Luan and Denny Zhou and Le Hou},
      year={2023},
      eprint={2311.07911},
      archivePrefix={arXiv},
      primaryClass={cs.CL},
      url={https://arxiv.org/abs/2311.07911}, 
}


@inproceedings{piqa,
  title={Piqa: Reasoning about physical commonsense in natural language},
  author={Bisk, Yonatan and Zellers, Rowan and Gao, Jianfeng and Choi, Yejin and others},
  booktitle={Proceedings of the AAAI conference on artificial intelligence},
  volume={34},
  number={05},
  pages={7432--7439},
  year={2020}
}

@article{arc,
  title={Think you have solved question answering? try arc, the ai2 reasoning challenge},
  author={Clark, Peter and Cowhey, Isaac and Etzioni, Oren and Khot, Tushar and Sabharwal, Ashish and Schoenick, Carissa and Tafjord, Oyvind},
  journal={arXiv preprint arXiv:1803.05457},
  year={2018}
}