@article{ding2021retiring,
  title={Retiring Adult: New Datasets for Fair Machine Learning},
  author={Ding, Frances and Hardt, Moritz and Miller, John and Schmidt, Ludwig},
  journal={Advances in Neural Information Processing Systems},
  volume={34},
  year={2021}
}

@article{gupta2020distribution,
  title={Distribution-free binary classification: prediction sets, confidence intervals and calibration},
  author={Gupta, Chirag and Podkopaev, Aleksandr and Ramdas, Aaditya},
  journal={Advances in Neural Information Processing Systems},
  volume={33},
  pages={3711--3723},
  year={2020}
}

@inproceedings{xiong2024confidence,
  author       = {Miao Xiong and
                  Zhiyuan Hu and
                  Xinyang Lu and
                  Yifei Li and
                  Jie Fu and
                  Junxian He and
                  Bryan Hooi},
  title        = {Can LLMs Express Their Uncertainty? An Empirical Evaluation of Confidence Elicitation in LLMs},
  booktitle    = {The Twelfth International Conference on Learning Representations,
                  {ICLR} 2024, Vienna, Austria, May 7-11, 2024},
  year         = {2024},
}

@inproceedings{tian2023confidence,
  author       = {Katherine Tian and
                  Eric Mitchell and
                  Allan Zhou and
                  Archit Sharma and
                  Rafael Rafailov and
                  Huaxiu Yao and
                  Chelsea Finn and
                  Christopher D. Manning},
  title        = {Just Ask for Calibration: Strategies for Eliciting Calibrated Confidence Scores from Language Models Fine-Tuned with Human Feedback},
  booktitle    = {Proceedings of the 2023 Conference on Empirical Methods in Natural
                  Language Processing, {EMNLP} 2023, Singapore, December 6-10, 2023},
  year         = {2023},
}

@inproceedings{guo2017calibration,
  title={On calibration of modern neural networks},
  author={Guo, Chuan and Pleiss, Geoff and Sun, Yu and Weinberger, Kilian Q},
  booktitle={International conference on machine learning},
  pages={1321--1330},
  year={2017},
  organization={PMLR}
}

@article{kull2019beyond,
  title={Beyond temperature scaling: Obtaining well-calibrated multi-class probabilities with dirichlet calibration},
  author={Kull, Meelis and Perello Nieto, Miquel and K{\"a}ngsepp, Markus and Silva Filho, Telmo and Song, Hao and Flach, Peter},
  journal={Advances in neural information processing systems},
  volume={32},
  year={2019}
}

@InProceedings{Kueppers_2020_CVPR_Workshops,
   author = {KÃ¼ppers, Fabian and Kronenberger, Jan and Shantia, Amirhossein and Haselhoff, Anselm},
   title = {Multivariate Confidence Calibration for Object Detection},
   booktitle = {The IEEE/CVF Conference on Computer Vision and Pattern Recognition (CVPR) Workshops},
   month = {June},
   year = {2020}
}

@inproceedings{semeval2017,
    title = "{S}em{E}val-2017 Task 4: Sentiment Analysis in {T}witter",
    author = "Rosenthal, Sara  and
      Farra, Noura  and
      Nakov, Preslav",
    booktitle = "Proceedings of the 11th International Workshop on Semantic Evaluation ({S}em{E}val-2017)",
    year = "2017",
}

@inproceedings{saravia2018carer,
    title = "{CARER}: Contextualized Affect Representations for Emotion Recognition",
    author = "Saravia, Elvis  and
      Liu, Hsien-Chi Toby  and
      Huang, Yen-Hao  and
      Wu, Junlin  and
      Chen, Yi-Shin",
    booktitle = "Proceedings of the 2018 Conference on Empirical Methods in Natural Language Processing",
    year = "2018",
}

@inproceedings{hiranandani2019performance,
  title={Performance metric elicitation from pairwise classifier comparisons},
  author={Hiranandani, Gaurush and Boodaghians, Shant and Mehta, Ruta and Koyejo, Oluwasanmi},
  booktitle={The 22nd International Conference on Artificial Intelligence and Statistics},
  pages={371--379},
  year={2019},
  organization={PMLR}
}

@article{AI2024,
  author       = {Nestor Maslej and
                  Loredana Fattorini and
                  C. Raymond Perrault and
                  Vanessa Parli and
                  Anka Reuel and
                  Erik Brynjolfsson and
                  John Etchemendy and
                  Katrina Ligett and
                  Terah Lyons and
                  James Manyika and
                  Juan Carlos Niebles and
                  Yoav Shoham and
                  Russell Wald and
                  Jack Clark},
  title        = {Artificial Intelligence Index Report 2024},
  journal      = {CoRR},
  eprinttype    = {arXiv},
  eprint       = {2405.19522},
  year = {2024}
}

@inproceedings{huang2021metricopt,
  title={Metricopt: Learning to optimize black-box evaluation metrics},
  author={Huang, Chen and Zhai, Shuangfei and Guo, Pengsheng and Susskind, Josh},
  booktitle={Proceedings of the IEEE/CVF Conference on Computer Vision and Pattern Recognition},
  pages={174--183},
  year={2021}
}

@inproceedings{hiranandani2021optimizing,
  title={Optimizing black-box metrics with iterative example weighting},
  author={Hiranandani, Gaurush and Mathur, Jatin and Narasimhan, Harikrishna and Fard, Mahdi Milani and Koyejo, Sanmi},
  booktitle={International Conference on Machine Learning},
  pages={4239--4249},
  year={2021},
  organization={PMLR}
}

@article{kim2024efficient,
  title={Efficient and Versatile Robust Fine-Tuning of Zero-shot Models},
  author={Kim, Sungyeon and Jeong, Boseung and Kim, Donghyun and Kwak, Suha},
  journal={arXiv preprint arXiv:2408.05749},
  year={2024}
}

@article{hiranandani2020fair,
  title={Fair performance metric elicitation},
  author={Hiranandani, Gaurush and Narasimhan, Harikrishna and Koyejo, Sanmi},
  journal={Advances in Neural Information Processing Systems},
  volume={33},
  pages={11083--11095},
  year={2020}
}

@inproceedings{jiang2020optimizing,
  title={Optimizing black-box metrics with adaptive surrogates},
  author={Jiang, Qijia and Adigun, Olaoluwa and Narasimhan, Harikrishna and Fard, Mahdi Milani and Gupta, Maya},
  booktitle={International Conference on Machine Learning},
  pages={4784--4793},
  year={2020},
  organization={PMLR}
}

@article{rahimian2019distributionally,
  title={Distributionally robust optimization: A review},
  author={Rahimian, Hamed and Mehrotra, Sanjay},
  journal={arXiv preprint arXiv:1908.05659},
  year={2019}
}

@article{arjovsky2019invariant,
  title={Invariant risk minimization},
  author={Arjovsky, Martin and Bottou, L{\'e}on and Gulrajani, Ishaan and Lopez-Paz, David},
  journal={arXiv preprint arXiv:1907.02893},
  year={2019}
}

@inproceedings{lipton2018detecting,
  title={Detecting and correcting for label shift with black box predictors},
  author={Lipton, Zachary and Wang, Yu-Xiang and Smola, Alexander},
  booktitle={International conference on machine learning},
  pages={3122--3130},
  year={2018},
  organization={PMLR}
}

@inproceedings{hebert2018multicalibration,
  title={Multicalibration: Calibration for the (computationally-identifiable) masses},
  author={H{\'e}bert-Johnson, Ursula and Kim, Michael and Reingold, Omer and Rothblum, Guy},
  booktitle={International Conference on Machine Learning},
  pages={1939--1948},
  year={2018},
  organization={PMLR}
}

@article{wu2024bridging,
  title={Bridging Multicalibration and Out-of-distribution Generalization Beyond Covariate Shift},
  author={Wu, Jiayun and Liu, Jiashuo and Cui, Peng and Wu, Zhiwei Steven},
  journal={arXiv preprint arXiv:2406.00661},
  year={2024}
}

@misc{carrell2022calibration,
      title={The Calibration Generalization Gap}, 
      author={A. Michael Carrell and Neil Mallinar and James Lucas and Preetum Nakkiran},
      year={2022},
      eprint={2210.01964},
      archivePrefix={arXiv},
      primaryClass={cs.LG}
}

@article{platt1999probabilistic,
  title={Probabilistic outputs for support vector machines and comparisons to regularized likelihood methods},
  author={Platt, John and others},
  journal={Advances in large margin classifiers},
  volume={10},
  number={3},
  pages={61--74},
  year={1999},
  publisher={Cambridge, MA}
}

@inproceedings{niculescu2005predicting,
  title={Predicting good probabilities with supervised learning},
  author={Niculescu-Mizil, Alexandru and Caruana, Rich},
  booktitle={International Conference on Machine Learning},
  pages={625--632},
  year={2005}
}

@inproceedings{minderer2021revisiting,
  title={Revisiting the calibration of modern neural networks},
  author={Minderer, Matthias and Djolonga, Josip and Romijnders, Rob and Hubis, Frances and Zhai, Xiaohua and Houlsby, Neil and Tran, Dustin and Lucic, Mario},
  booktitle={Advances in Neural Information Processing Systems},
  volume={34},
  pages={15682--15694},
  year={2021}
}


@article{kramer2016scikit,
  title={Scikit-learn},
  author={Kramer, Oliver and Kramer, Oliver},
  journal={Machine learning for evolution strategies},
  pages={45--53},
  year={2016},
  publisher={Springer}
}

@inproceedings{zhao2019metric,
  title={Metric-optimized example weights},
  author={Zhao, Sen and Fard, Mahdi Milani and Narasimhan, Harikrishna and Gupta, Maya},
  booktitle={International Conference on Machine Learning},
  pages={7533--7542},
  year={2019},
  organization={PMLR}
}

@inproceedings{ren2018learning,
  title={Learning to reweight examples for robust deep learning},
  author={Ren, Mengye and Zeng, Wenyuan and Yang, Bin and Urtasun, Raquel},
  booktitle={International conference on machine learning},
  pages={4334--4343},
  year={2018},
  organization={PMLR}
}

@inproceedings{huang2019addressing,
  title={Addressing the loss-metric mismatch with adaptive loss alignment},
  author={Huang, Chen and Zhai, Shuangfei and Talbott, Walter and Martin, Miguel Bautista and Sun, Shih-Yu and Guestrin, Carlos and Susskind, Josh},
  booktitle={International conference on machine learning},
  pages={2891--2900},
  year={2019},
  organization={PMLR}
}

@inproceedings{ye2012Optimizing,
  author       = {Nan Ye and
                  Kian Ming Adam Chai and
                  Wee Sun Lee and
                  Hai Leong Chieu},
  title        = {Optimizing F-measure: {A} Tale of Two Approaches},
  booktitle    = {Proceedings of the 29th International Conference on Machine Learning,
                  {ICML} 2012, Edinburgh, Scotland, UK, June 26 - July 1, 2012},
  publisher    = {icml.cc / Omnipress},
  year         = {2012},
  url          = {http://icml.cc/2012/papers/175.pdf},
  timestamp    = {Wed, 03 Apr 2019 17:43:36 +0200},
  biburl       = {https://dblp.org/rec/conf/icml/NanCLC12.bib},
  bibsource    = {dblp computer science bibliography, https://dblp.org}
}

@article{narasimhan2014statistical,
  title={On the statistical consistency of plug-in classifiers for non-decomposable performance measures},
  author={Narasimhan, Harikrishna and Vaish, Rohit and Agarwal, Shivani},
  journal={Advances in neural information processing systems},
  volume={27},
  year={2014}
}

@article{koyejo2014consistent,
  title={Consistent binary classification with generalized performance metrics},
  author={Koyejo, Oluwasanmi O and Natarajan, Nagarajan and Ravikumar, Pradeep K and Dhillon, Inderjit S},
  journal={Advances in neural information processing systems},
  volume={27},
  year={2014}
}

@inproceedings{yan2018binary,
  title={Binary classification with karmic, threshold-quasi-concave metrics},
  author={Yan, Bowei and Koyejo, Sanmi and Zhong, Kai and Ravikumar, Pradeep},
  booktitle={International Conference on Machine Learning},
  pages={5531--5540},
  year={2018},
  organization={PMLR}
}

@misc{GoogleVisionAPI, url={https://cloud.google.com/vision}, author={Google}, publisher={Google Cloud Vision API}, year={2024}} 

@misc{AmazonVisionAPI, url={https://aws.amazon.com/rekognition/}, author={Amazon}, publisher={Amazon Rekognition}, year={2024}}

@misc{Clarifai, url={https://www.clarifai.com/}, author={Clarifai}, published={Clarifai}, year={2024}}

@misc{DandelionHealth, url={https://dandelionhealth.ai/}, author={Dandelion}, year={2024}, publisher={Dandelion Health}}

@misc{multilingual, url={https://huggingface.co/lxyuan/distilbert-base-multilingual-cased-sentiments-student}, author={Lik Xun Yuan}, publisher={HuggingFace}, year={2023}} 

@misc{glueModel, url={https://huggingface.co/mjwong/gte-large-mnli-anli}, author={Ming Jie Wong}, publisher={HuggingFace}, year={2023}} 


@misc{hartmann2022emotionenglish,
  author={Hartmann, Jochen},
  title={Emotion English DistilRoBERTa-base},
  year={2022},
  howpublished = {\url{https://huggingface.co/j-hartmann/emotion-english-distilroberta-base/}},
}

@misc{emotions, url={https://huggingface.co/michellejieli/emotion_text_classifier}, author={Michelle Li
}, publisher={HuggingFace}, year={2023}} 

@inproceedings{camacho-collados-etal-2022-tweetnlp,
    title={{T}weet{NLP}: {C}utting-{E}dge {N}atural {L}anguage {P}rocessing for {S}ocial {M}edia},
    author={Camacho-Collados, Jose and Rezaee, Kiamehr and Riahi, Talayeh and Ushio, Asahi and Loureiro, Daniel and Antypas, Dimosthenis and Boisson, Joanne and Espinosa-Anke, Luis and Liu, Fangyu and Mart{\'\i}nez-C{\'a}mara, Eugenio and others},
    booktitle = "Proceedings of the 2022 Conference on Empirical Methods in Natural Language Processing: System Demonstrations",
    month = nov,
    year = "2022",
    address = "Abu Dhabi, U.A.E.",
    publisher = "Association for Computational Linguistics",
}

@inproceedings{bowman2015SNLI,
  author       = {Samuel R. Bowman and
                  Gabor Angeli and
                  Christopher Potts and
                  Christopher D. Manning},
  editor       = {Llu{\'{\i}}s M{\`{a}}rquez and
                  Chris Callison{-}Burch and
                  Jian Su and
                  Daniele Pighin and
                  Yuval Marton},
  title        = {A large annotated corpus for learning natural language inference},
  booktitle    = {Proceedings of the 2015 Conference on Empirical Methods in Natural
                  Language Processing, {EMNLP} 2015, Lisbon, Portugal, September 17-21,
                  2015},
  pages        = {632--642},
  publisher    = {The Association for Computational Linguistics},
  year         = {2015},
  url          = {https://doi.org/10.18653/v1/d15-1075},
  doi          = {10.18653/V1/D15-1075},
  timestamp    = {Fri, 06 Aug 2021 00:40:22 +0200},
  biburl       = {https://dblp.org/rec/conf/emnlp/BowmanAPM15.bib},
  bibsource    = {dblp computer science bibliography, https://dblp.org}
}

@inproceedings{ANLI,
    title = "Adversarial {NLI}: A New Benchmark for Natural Language Understanding",
    author = "Nie, Yixin  and
      Williams, Adina  and
      Dinan, Emily  and
      Bansal, Mohit  and
      Weston, Jason  and
      Kiela, Douwe",
    booktitle = "Proceedings of the 58th Annual Meeting of the Association for Computational Linguistics",
    year = "2020",
    publisher = "Association for Computational Linguistics",
}

@book{boyd2004convex,
  title={Convex optimization},
  author={Boyd, Stephen and Vandenberghe, Lieven},
  year={2004},
  publisher={Cambridge university press}
}

@article{imblearn,
author  = {Guillaume  Lema{{\^i}}tre and Fernando Nogueira and Christos K. Aridas},
title   = {Imbalanced-learn: A Python Toolbox to Tackle the Curse of Imbalanced Datasets in Machine Learning},
journal = {Journal of Machine Learning Research},
year    = {2017},
volume  = {18},
number  = {17},
pages   = {1-5},
url     = {http://jmlr.org/papers/v18/16-365.html}
}

@article{storkey2008training,
  title={When training and test sets are different: characterizing learning transfer},
  author={Storkey, Amos},
  year={2008}
}

@article{natarajan2013learning,
  title={Learning with noisy labels},
  author={Natarajan, Nagarajan and Dhillon, Inderjit S and Ravikumar, Pradeep K and Tewari, Ambuj},
  journal={Advances in neural information processing systems},
  volume={26},
  year={2013}
}

@inproceedings{patrini2017making,
  title={Making deep neural networks robust to label noise: A loss correction approach},
  author={Patrini, Giorgio and Rozza, Alessandro and Krishna Menon, Aditya and Nock, Richard and Qu, Lizhen},
  booktitle={Proceedings of the IEEE conference on computer vision and pattern recognition},
  pages={1944--1952},
  year={2017}
}

@article{han2024parameter,
  title={Parameter-efficient fine-tuning for large models: A comprehensive survey},
  author={Han, Zeyu and Gao, Chao and Liu, Jinyang and Zhang, Sai Qian and others},
  journal={arXiv preprint arXiv:2403.14608},
  year={2024}
}

@article{dodge2020fine,
  title={Fine-tuning pretrained language models: Weight initializations, data orders, and early stopping},
  author={Dodge, Jesse and Ilharco, Gabriel and Schwartz, Roy and Farhadi, Ali and Hajishirzi, Hannaneh and Smith, Noah},
  journal={arXiv preprint arXiv:2002.06305},
  year={2020}
}

@inproceedings{lora,
  author       = {Edward J. Hu and
                  Yelong Shen and
                  Phillip Wallis and
                  Zeyuan Allen{-}Zhu and
                  Yuanzhi Li and
                  Shean Wang and
                  Lu Wang and
                  Weizhu Chen},
  title        = {LoRA: Low-Rank Adaptation of Large Language Models},
  booktitle    = {The Tenth International Conference on Learning Representations, {ICLR}
                  2022, Virtual Event, April 25-29, 2022},
  publisher    = {OpenReview.net},
  year         = {2022},
  url          = {https://openreview.net/forum?id=nZeVKeeFYf9},
  timestamp    = {Sat, 20 Aug 2022 01:15:42 +0200},
  biburl       = {https://dblp.org/rec/conf/iclr/HuSWALWWC22.bib},
  bibsource    = {dblp computer science bibliography, https://dblp.org}
}

@article{azizzadenesheli2021importance,
  title={Importance weight estimation and generalization in domain adaptation under label shift},
  author={Azizzadenesheli, Kamyar},
  journal={IEEE Transactions on Pattern Analysis and Machine Intelligence},
  volume={44},
  number={10},
  pages={6578--6584},
  year={2021},
  publisher={IEEE}
}

@article{sugiyama2007direct,
  title={Direct importance estimation with model selection and its application to covariate shift adaptation},
  author={Sugiyama, Masashi and Nakajima, Shinichi and Kashima, Hisashi and Buenau, Paul and Kawanabe, Motoaki},
  journal={Advances in neural information processing systems},
  volume={20},
  year={2007}
}

@inproceedings{ganin2015unsupervised,
  title={Unsupervised domain adaptation by backpropagation},
  author={Ganin, Yaroslav and Lempitsky, Victor},
  booktitle={International conference on machine learning},
  pages={1180--1189},
  year={2015},
  organization={PMLR}
}

@inproceedings{sun2016deep,
  title={Deep coral: Correlation alignment for deep domain adaptation},
  author={Sun, Baochen and Saenko, Kate},
  booktitle={Computer Vision--ECCV 2016 Workshops: Amsterdam, The Netherlands, October 8-10 and 15-16, 2016, Proceedings, Part III 14},
  pages={443--450},
  year={2016},
  organization={Springer}
}

@inproceedings{you2019universal,
  title={Universal domain adaptation},
  author={You, Kaichao and Long, Mingsheng and Cao, Zhangjie and Wang, Jianmin and Jordan, Michael I},
  booktitle={Proceedings of the IEEE/CVF conference on computer vision and pattern recognition},
  pages={2720--2729},
  year={2019}
}

@article{hicks2022evaluation,
  title={On evaluation metrics for medical applications of artificial intelligence},
  author={Hicks, Steven A and Str{\"u}mke, Inga and Thambawita, Vajira and Hammou, Malek and Riegler, Michael A and Halvorsen, P{\aa}l and Parasa, Sravanthi},
  journal={Scientific reports},
  volume={12},
  number={1},
  pages={5979},
  year={2022},
  publisher={Nature Publishing Group UK London}
}


@article{puthiya2014optimizing,
  title={Optimizing F-measures by cost-sensitive classification},
  author={Puthiya Parambath, Shameem and Usunier, Nicolas and Grandvalet, Yves},
  journal={Advances in neural information processing systems},
  volume={27},
  year={2014}
}

@article{monaghan2021foundational,
  title={Foundational statistical principles in medical research: sensitivity, specificity, positive predictive value, and negative predictive value},
  author={Monaghan, Thomas F and Rahman, Syed N and Agudelo, Christina W and Wein, Alan J and Lazar, Jason M and Everaert, Karel and Dmochowski, Roger R},
  journal={Medicina},
  volume={57},
  number={5},
  pages={503},
  year={2021},
  publisher={MDPI}
}

@article{chicco2020advantages,
  title={The advantages of the Matthews correlation coefficient (MCC) over F1 score and accuracy in binary classification evaluation},
  author={Chicco, Davide and Jurman, Giuseppe},
  journal={BMC genomics},
  volume={21},
  pages={1--13},
  year={2020},
  publisher={Springer}
}

@article{muller2022towards,
  title={Towards a guideline for evaluation metrics in medical image segmentation},
  author={M{\"u}ller, Dominik and Soto-Rey, I{\~n}aki and Kramer, Frank},
  journal={BMC Research Notes},
  volume={15},
  number={1},
  pages={210},
  year={2022},
  publisher={Springer}
}

@article{gan2024application,
  title={Application of llm agents in recruitment: A novel framework for resume screening},
  author={Gan, Chengguang and Zhang, Qinghao and Mori, Tatsunori},
  journal={arXiv preprint arXiv:2401.08315},
  year={2024}
}

@article{narasimhan2022consistent,
  title={Consistent multiclass algorithms for complex metrics and constraints},
  author={Narasimhan, Harikrishna and Ramaswamy, Harish G and Tavker, Shiv Kumar and Khurana, Drona and Netrapalli, Praneeth and Agarwal, Shivani},
  journal={Journal of Machine Learning Research (JMLR)},
  year={2023}
}

@article{hiranandani2019multiclass,
  title={Multiclass performance metric elicitation},
  author={Hiranandani, Gaurush and Boodaghians, Shant and Mehta, Ruta and Koyejo, Oluwasanmi O},
  journal={Advances in Neural Information Processing Systems},
  volume={32},
  year={2019}
}

@article{bert,
  author    = {Jacob Devlin and
               Ming{-}Wei Chang and
               Kenton Lee and
               Kristina Toutanova},
  title     = {{BERT:} Pre-training of Deep Bidirectional Transformers for Language
               Understanding},
  journal   = {CoRR},
  volume    = {abs/1810.04805},
  year      = {2018},
  url       = {http://arxiv.org/abs/1810.04805},
  archivePrefix = {arXiv},
  eprint    = {1810.04805},
  timestamp = {Tue, 30 Oct 2018 20:39:56 +0100},
  biburl    = {https://dblp.org/rec/journals/corr/abs-1810-04805.bib},
  bibsource = {dblp computer science bibliography, https://dblp.org}
}

@article{li2023towards,
  title={Towards general text embeddings with multi-stage contrastive learning},
  author={Li, Zehan and Zhang, Xin and Zhang, Yanzhao and Long, Dingkun and Xie, Pengjun and Zhang, Meishan},
  journal={arXiv preprint arXiv:2308.03281},
  year={2023}
}

@inproceedings{GLUE,
  author       = {Alex Wang and
                  Amanpreet Singh and
                  Julian Michael and
                  Felix Hill and
                  Omer Levy and
                  Samuel R. Bowman},
  title        = {{GLUE:} {A} Multi-Task Benchmark and Analysis Platform for Natural
                  Language Understanding},
  booktitle    = {7th International Conference on Learning Representations, {ICLR} 2019,
                  New Orleans, LA, USA, May 6-9, 2019},
  publisher    = {OpenReview.net},
  year         = {2019},
  url          = {https://openreview.net/forum?id=rJ4km2R5t7},
  timestamp    = {Thu, 25 Jul 2019 14:25:46 +0200},
  biburl       = {https://dblp.org/rec/conf/iclr/WangSMHLB19.bib},
  bibsource    = {dblp computer science bibliography, https://dblp.org}
}

@inproceedings{SNLI,
  author       = {Samuel R. Bowman and
                  Gabor Angeli and
                  Christopher Potts and
                  Christopher D. Manning},
  editor       = {Llu{\'{\i}}s M{\`{a}}rquez and
                  Chris Callison{-}Burch and
                  Jian Su and
                  Daniele Pighin and
                  Yuval Marton},
  title        = {A large annotated corpus for learning natural language inference},
  booktitle    = {Proceedings of the 2015 Conference on Empirical Methods in Natural
                  Language Processing, {EMNLP} 2015, Lisbon, Portugal, September 17-21,
                  2015},
  pages        = {632--642},
  publisher    = {The Association for Computational Linguistics},
  year         = {2015},
  url          = {https://doi.org/10.18653/v1/d15-1075},
  doi          = {10.18653/V1/D15-1075},
  timestamp    = {Fri, 06 Aug 2021 00:40:22 +0200},
  biburl       = {https://dblp.org/rec/conf/emnlp/BowmanAPM15.bib},
  bibsource    = {dblp computer science bibliography, https://dblp.org}
}

@article{fowlkes1983method,
  title={A method for comparing two hierarchical clusterings},
  author={Fowlkes, Edward B and Mallows, Colin L},
  journal={Journal of the American statistical association},
  volume={78},
  number={383},
  pages={553--569},
  year={1983},
  publisher={Taylor \& Francis}
}

@article{wang2023calibration,
  title={Calibration in deep learning: A survey of the state-of-the-art},
  author={Wang, Cheng},
  journal={arXiv preprint arXiv:2308.01222},
  year={2023}
}

@article{wei2023distributionally,
  title={Distributionally robust post-hoc classifiers under prior shifts},
  author={Wei, Jiaheng and Narasimhan, Harikrishna and Amid, Ehsan and Chu, Wen-Sheng and Liu, Yang and Kumar, Abhishek},
  journal={International Conference on Learning Representations (ICLR)},
  year={2023}
}

@article{wilkins2024multiply,
  title={Multiply Robust Estimation for Local Distribution Shifts with Multiple Domains},
  author={Wilkins-Reeves, Steven and Chen, Xu and Ma, Qi and Agarwal, Christine and Hofleitner, Aude},
  journal={International Conference on Machine Learning (ICML)},
  year={2024}
}

@article{gretton2008covariate,
  title={Covariate shift by kernel mean matching},
  author={Gretton, Arthur and Smola, Alex and Huang, Jiayuan and Schmittfull, Marcel and Borgwardt, Karsten and Sch{\"o}lkopf, Bernhard},
  year={2008}
}

@article{nguyen2010estimating,
  title={Estimating divergence functionals and the likelihood ratio by convex risk minimization},
  author={Nguyen, XuanLong and Wainwright, Martin J and Jordan, Michael I},
  journal={IEEE Transactions on Information Theory},
  volume={56},
  number={11},
  pages={5847--5861},
  year={2010},
  publisher={IEEE}
}

@inproceedings{geng2024survey,
  title={A Survey of Confidence Estimation and Calibration in Large Language Models},
  author={Geng, Jiahui and Cai, Fengyu and Wang, Yuxia and Koeppl, Heinz and Nakov, Preslav and Gurevych, Iryna},
  booktitle={Proceedings of the 2024 Conference of the North American Chapter of the Association for Computational Linguistics: Human Language Technologies (Volume 1: Long Papers)},
  pages={6577--6595},
  year={2024}
}

@article{liu2023pre,
  title={Pre-train, prompt, and predict: A systematic survey of prompting methods in natural language processing},
  author={Liu, Pengfei and Yuan, Weizhe and Fu, Jinlan and Jiang, Zhengbao and Hayashi, Hiroaki and Neubig, Graham},
  journal={ACM Computing Surveys},
  volume={55},
  number={9},
  pages={1--35},
  year={2023},
  publisher={ACM New York, NY}
}

@article{dong2022survey,
  title={A survey on in-context learning},
  author={Dong, Qingxiu and Li, Lei and Dai, Damai and Zheng, Ce and Wu, Zhiyong and Chang, Baobao and Sun, Xu and Xu, Jingjing and Sui, Zhifang},
  journal={arXiv preprint arXiv:2301.00234},
  year={2022}
}