@inproceedings{0009LLQG23,
  author    = {Ning Xu and
               Biao Liu and
               Jiaqi Lv and
               Congyu Qiao and
               Xin Geng},
  title     = {Progressive Purification for Instance-Dependent Partial Label Learning},
  booktitle = {International Conference on Machine Learning},
  volume    = {202},
  pages     = {38551--38565},
  year      = {2023}
}

@inproceedings{AoRS23,
  author    = {Shuang Ao and
               Stefan Rueger and
               Advaith Siddharthan},
  title     = {Two Sides of Miscalibration: {I}dentifying Over and Under-Confidence
               Prediction for Network Calibration},
  booktitle = {Uncertainty in Artificial Intelligence},
  volume    = {216},
  pages     = {77--87},
  year      = {2023}
}

@inproceedings{CabannesRB20,
  author    = {Vivien Cabannes and
               Alessandro Rudi and
               Francis R. Bach},
  title     = {Structured Prediction with Partial Labelling through the Infimum Loss},
  booktitle = {International Conference on Machine Learning},
  volume    = {119},
  pages     = {1230--1239},
  year      = {2020}
}

@article{CourST11,
  author  = {Timoth{\'{e}}e Cour and
             Benjamin Sapp and
             Ben Taskar},
  title   = {Learning from Partial Labels},
  journal = {Journal of Machine Learning Research},
  volume  = {12},
  pages   = {1501--1536},
  year    = {2011}
}

@inproceedings{FengA19,
  author    = {Lei Feng and
               Bo An},
  title     = {Partial Label Learning with Self-Guided Retraining},
  booktitle = {{AAAI} Conference on Artificial Intelligence},
  pages     = {3542--3549},
  year      = {2019}
}

@inproceedings{FengL0X0G0S20,
  author    = {Lei Feng and
               Jiaqi Lv and
               Bo Han and
               Miao Xu and
               Gang Niu and
               Xin Geng and
               Bo An and
               Masashi Sugiyama},
  title     = {Provably Consistent Partial-Label Learning},
  booktitle = {Advances in Neural Information Processing Systems},
  pages     = {10948--10960},
  year      = {2020}
}

@inproceedings{GongB024,
  author    = {Xiuwen Gong and
               Nitin Bisht and
               Guandong Xu},
  title     = {Does Label Smoothing Help Deep Partial Label Learning?},
  booktitle = {International Conference on Machine Learning},
  year      = {2024}
}

@inproceedings{HeFLLY22,
  author    = {Shuo He and
               Lei Feng and
               Fengmao Lv and
               Wen Li and
               Guowu Yang},
  title     = {Partial Label Learning with Semantic Label Representations},
  booktitle = {Conference on Knowledge Discovery and Data Mining},
  pages     = {545--553},
  year      = {2022}
}

@article{HullermeierB06,
  author  = {Eyke H{\"{u}}llermeier and
             J{\"{u}}rgen Beringer},
  title   = {Learning from ambiguously labeled examples},
  journal = {Intelligent Data Analysis},
  volume  = {10},
  number  = {5},
  pages   = {168--179},
  year    = {2005}
}

@inproceedings{JinG02,
  author    = {Rong Jin and
               Zoubin Ghahramani},
  title     = {Learning with Multiple Labels},
  booktitle = {Advances in Neural Information Processing Systems},
  pages     = {897--904},
  year      = {2002}
}

@inproceedings{KendallG17,
  author    = {Alex Kendall and
               Yarin Gal},
  title     = {What Uncertainties Do We Need in Bayesian Deep Learning for Computer
               Vision?},
  booktitle = {Advances in Neural Information Processing Systems},
  pages     = {5574--5584},
  year      = {2017}
}

@inproceedings{KingmaW13,
  author    = {Diederik P. Kingma and
               Max Welling},
  title     = {Auto-Encoding Variational Bayes},
  booktitle = {International Conference on Learning Representations},
  year      = {2014}
}

@inproceedings{Lakshminarayanan17,
  author    = {Balaji Lakshminarayanan and
               Alexander Pritzel and
               Charles Blundell},
  title     = {Simple and Scalable Predictive Uncertainty Estimation using Deep Ensembles},
  booktitle = {Advances in Neural Information Processing Systems},
  pages     = {6402--6413},
  year      = {2017}
}

@inproceedings{LiuD12,
  author    = {Li{-}Ping Liu and
               Thomas G. Dietterich},
  title     = {A Conditional Multinomial Mixture Model for Superset Label Learning},
  booktitle = {Advances in Neural Information Processing Systems},
  pages     = {557--565},
  year      = {2012}
}

@inproceedings{LvXF0GS20,
  author    = {Jiaqi Lv and
               Miao Xu and
               Lei Feng and
               Gang Niu and
               Xin Geng and
               Masashi Sugiyama},
  title     = {Progressive Identification of True Labels for Partial-Label Learning},
  booktitle = {International Conference on Machine Learning},
  volume    = {119},
  pages     = {6500--6510},
  year      = {2020}
}

@inproceedings{MadryMSTV18,
  author    = {Aleksander Madry and
               Aleksandar Makelov and
               Ludwig Schmidt and
               Dimitris Tsipras and
               Adrian Vladu},
  title     = {Towards Deep Learning Models Resistant to Adversarial Attacks},
  booktitle = {International Conference on Learning Representations},
  year      = {2018}
}

@inproceedings{MortierBHLW23,
  author    = {Thomas Mortier and
               Viktor Bengs and
               Eyke H{\"{u}}llermeier and
               Stijn Luca and
               Willem Waegeman},
  title     = {On the Calibration of Probabilistic Classifier Sets},
  booktitle = {International Conference on Artificial Intelligence and Statistics},
  volume    = {206},
  pages     = {8857--8870},
  year      = {2023}
}

@inproceedings{NguyenC08,
  author    = {Nam Nguyen and
               Rich Caruana},
  title     = {Classification with partial labels},
  booktitle = {Conference on Knowledge Discovery and Data Mining},
  pages     = {551--559},
  year      = {2008}
}

@article{NiZDCL21,
  author  = {Peng Ni and
             Suyun Zhao and
             Zhi{-}Gang Dai and
             Hong Chen and
             Cui{-}Ping Li},
  title   = {Partial Label Learning via Conditional-Label-Aware Disambiguation},
  journal = {Journal of Computer Science and Technology},
  volume  = {36},
  number  = {3},
  pages   = {590--605},
  year    = {2021}
}

@inproceedings{SensoyKK18,
  author    = {Murat Sensoy and
               Lance M. Kaplan and
               Melih Kandemir},
  title     = {Evidential Deep Learning to Quantify Classification Uncertainty},
  booktitle = {Advances in Neural Information Processing Systems},
  pages     = {3183--3193},
  year      = {2018}
}

@inproceedings{TangZ17,
  author    = {Cai{-}Zhi Tang and
               Min{-}Ling Zhang},
  title     = {Confidence-Rated Discriminative Partial Label Learning},
  booktitle = {{AAAI} Conference on Artificial Intelligence},
  pages     = {2611--2617},
  year      = {2017}
}

@inproceedings{WangLZ19,
  author    = {Deng{-}Bao Wang and
               Li Li and
               Min{-}Ling Zhang},
  title     = {Adaptive Graph Guided Disambiguation for Partial Label Learning},
  booktitle = {International Conference on Knowledge Discovery and Data Mining},
  pages     = {83--91},
  year      = {2019}
}

@inproceedings{WangXLF0CZ22,
  author    = {Haobo Wang and
               Ruixuan Xiao and
               Yixuan Li and
               Lei Feng and
               Gang Niu and
               Gang Chen and
               Junbo Zhao},
  title     = {{PiCO}: {C}ontrastive Label Disambiguation for Partial Label Learning},
  booktitle = {International Conference on Learning Representations},
  year      = {2022}
}

@inproceedings{WimmerSHBH23,
  author    = {Lisa Wimmer and
               Yusuf Sale and
               Paul Hofman and
               Bernd Bischl and
               Eyke H{\"{u}}llermeier},
  title     = {Quantifying aleatoric and epistemic uncertainty in machine learning:
               {A}re conditional entropy and mutual information appropriate measures?},
  booktitle = {Uncertainty in Artificial Intelligence},
  volume    = {216},
  pages     = {2282--2292},
  year      = {2023}
}

@inproceedings{WuZ18,
  author    = {Xuan Wu and
               Min{-}Ling Zhang},
  title     = {Towards Enabling Binary Decomposition for Partial Label Learning},
  booktitle = {International Joint Conference on Artificial Intelligence},
  pages     = {2868--2874},
  year      = {2018}
}

@inproceedings{XuLG19,
  author    = {Ning Xu and
               Jiaqi Lv and
               Xin Geng},
  title     = {Partial Label Learning via Label Enhancement},
  booktitle = {{AAAI} Conference on Artificial Intelligence},
  pages     = {5557--5564},
  year      = {2019}
}

@inproceedings{XuQGZ21,
  author    = {Ning Xu and
               Congyu Qiao and
               Xin Geng and
               Min{-}Ling Zhang},
  title     = {Instance-Dependent Partial Label Learning},
  booktitle = {Advances in Neural Information Processing Systems},
  pages     = {27119--27130},
  year      = {2021}
}

@inproceedings{YuZ17,
  author    = {Fei Yu and
               Min{-}Ling Zhang},
  title     = {Maximum Margin Partial Label Learning},
  booktitle = {Asian Conference on Machine Learning},
  volume    = {106},
  pages     = {573--593},
  year      = {2017}
}

@inproceedings{ZhangF0L0QS22,
  author    = {Fei Zhang and
               Lei Feng and
               Bo Han and
               Tongliang Liu and
               Gang Niu and
               Tao Qin and
               Masashi Sugiyama},
  title     = {Exploiting Class Activation Value for Partial-Label Learning},
  booktitle = {International Conference on Learning Representations},
  year      = {2022}
}

@inproceedings{ZhangY15a,
  author    = {Min{-}Ling Zhang and
               Fei Yu},
  title     = {Solving the Partial Label Learning Problem: {A}n Instance-Based Approach},
  booktitle = {International Joint Conference on Artificial Intelligence},
  pages     = {4048--4054},
  year      = {2015}
}

@article{ZhangYT17,
  author  = {Min{-}Ling Zhang and
             Fei Yu and
             Cai{-}Zhi Tang},
  title   = {Disambiguation-Free Partial Label Learning},
  journal = {Transactions on Knowledge and Data Engineering},
  volume  = {29},
  number  = {10},
  pages   = {2155--2167},
  year    = {2017}
}

@inproceedings{ZhangZL16,
  author    = {Min{-}Ling Zhang and
               Bin{-}Bin Zhou and
               Xu{-}Ying Liu},
  title     = {Partial Label Learning via Feature-Aware Disambiguation},
  booktitle = {International Conference on Knowledge Discovery and Data Mining},
  pages     = {1335--1344},
  year      = {2016}
}

@inproceedings{ZhangZW0021,
  author    = {Yikai Zhang and
               Songzhu Zheng and
               Pengxiang Wu and
               Mayank Goswami and
               Chao Chen},
  title     = {Learning with Feature-Dependent Label Noise: {A} Progressive Approach},
  booktitle = {International Conference on Learning Representations},
  year      = {2021}
}

@inproceedings{crosel2024,
  author    = {Shiyu Tian and
               Hongxin Wei and
               Yiqun Wang and
               Lei Feng},
  title     = {{CroSel}: {C}ross Selection of Confident Pseudo Labels for Partial-Label
               Learning},
  booktitle = {Conference on Computer Vision and Pattern Recognition},
  year      = {2024}
}

@article{fan2024kmt,
  title     = {{KMT-PLL}: {K}-Means Cross-Attention Transformer for Partial Label Learning},
  author    = {Jinfu Fan and 
               Linqing Huang and 
               Chaoyu Gong and 
               Yang You and 
               Min Gan and 
               Zhongjie Wang},
  journal   = {Transactions on Neural Networks and Learning Systems},
  year      = {2024},
  publisher = {IEEE}
}

@inproceedings{grandvalet2002logistic,
  title     = {Logistic regression for partial labels},
  author    = {Yves Grandvalet},
  booktitle = {Information Processing and Management of Uncertainty in Knowledge-based Systems},
  year      = {2002}
}

