@inproceedings{0009LLQG23,
  author    = {Ning Xu and
               Biao Liu and
               Jiaqi Lv and
               Congyu Qiao and
               Xin Geng},
  title     = {Progressive Purification for Instance-Dependent Partial Label Learning},
  booktitle = {International Conference on Machine Learning},
  volume    = {202},
  pages     = {38551--38565},
  year      = {2023}
}

@article{AbellanKM06,
  author  = {Joaqu{\'{\i}}n Abell{\'{a}}n and
             George J. Klir and
             Seraf{\'{\i}}n Moral},
  title   = {Disaggregated total uncertainty measure for credal sets},
  journal = {International Journal of General Systems},
  volume  = {35},
  number  = {1},
  pages   = {29--44},
  year    = {2006}
}

@inproceedings{AoRS23,
  author    = {Shuang Ao and
               Stefan Rueger and
               Advaith Siddharthan},
  title     = {Two Sides of Miscalibration: {I}dentifying Over and Under-Confidence
               Prediction for Network Calibration},
  booktitle = {Uncertainty in Artificial Intelligence},
  volume    = {216},
  pages     = {77--87},
  year      = {2023}
}

@inproceedings{BaoHZ21,
  author    = {Wei{-}Xuan Bao and
               Jun{-}Yi Hang and
               Min{-}Ling Zhang},
  title     = {Partial Label Dimensionality Reduction via Confidence-Based Dependence
               Maximization},
  booktitle = {Conference on Knowledge Discovery and Data Mining},
  pages     = {46--54},
  year      = {2021}
}

@inproceedings{BaoHZ22,
  author    = {Wei{-}Xuan Bao and
               Jun{-}Yi Hang and
               Min{-}Ling Zhang},
  title     = {Submodular Feature Selection for Partial Label Learning},
  booktitle = {Conference on Knowledge Discovery and Data Mining},
  pages     = {26--34},
  year      = {2022}
}

@article{BengioCV13,
  author  = {Yoshua Bengio and
             Aaron C. Courville and
             Pascal Vincent},
  title   = {Representation Learning: {A} Review and New Perspectives},
  journal = {Transactions on Pattern Analysis and Machine Intelligence},
  volume  = {35},
  number  = {8},
  pages   = {1798--1828},
  year    = {2013}
}

@article{Bentley75,
  author  = {Jon Louis Bentley},
  title   = {Multidimensional Binary Search Trees Used for Associative Searching},
  journal = {Communications of the {ACM}},
  volume  = {18},
  number  = {9},
  pages   = {509--517},
  year    = {1975}
}

@article{BerkmansK23,
  author  = {T. John Berkmans and
             S. Karthick},
  title   = {A widespread survey on machine learning techniques and user substantiation
             methods for credit card fraud detection},
  journal = {International Journal of Business Intelligence and Data Mining},
  volume  = {22},
  number  = {1},
  pages   = {223--247},
  year    = {2023}
}

@book{Bishop07,
  author    = {Christopher M. Bishop},
  title     = {Pattern recognition and machine learning},
  publisher = {Springer},
  year      = {2007},
  address   = {New York}
}

@article{breiman2001random,
  title   = {Random Forests},
  author  = {Leo Breiman},
  journal = {Machine Learning},
  volume  = {45},
  number  = {1},
  pages   = {5--32},
  year    = {2001}
}

@inproceedings{BriggsFR12,
  author    = {Forrest Briggs and
               Xiaoli Z. Fern and
               Raviv Raich},
  title     = {Rank-loss support instance machines for {MIML} instance annotation},
  booktitle = {Conference on Knowledge Discovery and Data Mining},
  pages     = {534--542},
  year      = {2012}
}

@inproceedings{Bylander94,
  author    = {Tom Bylander},
  title     = {Learning Linear Threshold Functions in the Presence of Classification
               Noise},
  booktitle = {Conference on Computational Learning Theory},
  pages     = {340--347},
  year      = {1994}
}

@inproceedings{CabannesRB20,
  author    = {Vivien Cabannes and
               Alessandro Rudi and
               Francis R. Bach},
  title     = {Structured Prediction with Partial Labelling through the Infimum Loss},
  booktitle = {International Conference on Machine Learning},
  volume    = {119},
  pages     = {1230--1239},
  year      = {2020}
}

@inproceedings{ChengXSZY020,
  author    = {Dawei Cheng and
               Sheng Xiang and
               Chencheng Shang and
               Yiyi Zhang and
               Fangzhou Yang and
               Liqing Zhang},
  title     = {Spatio-Temporal Attention-Based Neural Network for Credit Card Fraud
               Detection},
  booktitle = {{AAAI} Conference on Artificial Intelligence},
  pages     = {362--369},
  year      = {2020}
}

@article{CourST11,
  author  = {Timoth{\'{e}}e Cour and
             Benjamin Sapp and
             Ben Taskar},
  title   = {Learning from Partial Labels},
  journal = {Journal of Machine Learning Research},
  volume  = {12},
  pages   = {1501--1536},
  year    = {2011}
}

@article{CoverH67,
  author  = {Thomas M. Cover and
             Peter E. Hart},
  title   = {Nearest neighbor pattern classification},
  journal = {Transactions on Information Theory},
  volume  = {13},
  number  = {1},
  pages   = {21--27},
  year    = {1967}
}

@inproceedings{crosel2024,
  author    = {Shiyu Tian and
               Hongxin Wei and
               Yiqun Wang and
               Lei Feng},
  title     = {{CroSel}: {C}ross Selection of Confident Pseudo Labels for Partial-Label
               Learning},
  booktitle = {Conference on Computer Vision and Pattern Recognition},
  year      = {2024}
}

@book{Cuzzolin21,
  author    = {Fabio Cuzzolin},
  title     = {The Geometry of Uncertainty - {T}he Geometry of Imprecise Probabilities},
  publisher = {Springer},
  year      = {2021}
}

@article{Dempster08a,
  author  = {Arthur P. Dempster},
  title   = {Upper and Lower Probabilities Induced by a Multivalued Mapping},
  journal = {Annals of Statistic},
  volume  = {28},
  pages   = {325--339},
  year    = {1967}
}

@article{Denoeux19,
  author  = {Thierry Denoeux},
  title   = {Decision-making with belief functions: {A} review},
  journal = {International Journal for Approximate Reasoning},
  volume  = {109},
  pages   = {87--110},
  year    = {2019}
}

@article{Denoeux95,
  author  = {Thierry Denoeux},
  title   = {A k-nearest neighbor classification rule based on Dempster-Shafer
             theory},
  journal = {Transactions on Systems, Man, and Cybernetics},
  volume  = {25},
  number  = {5},
  pages   = {804--813},
  year    = {1995}
}

@book{DevroyeGL96,
  author    = {Luc Devroye and
               L{\'{a}}szl{\'{o}} Gy{\"{o}}rfi and
               G{\'{a}}bor Lugosi},
  title     = {A Probabilistic Theory of Pattern Recognition},
  volume    = {31},
  publisher = {Springer},
  year      = {1996}
}

@article{dubois1985note,
  title   = {A note on measures of specificity for fuzzy sets},
  author  = {Didier Dubois and Henri Prade},
  journal = {International Journal of General System},
  volume  = {10},
  number  = {4},
  pages   = {279--283},
  year    = {1985}
}

@article{EngelenH20,
  author  = {Jesper E. van Engelen and
             Holger H. Hoos},
  title   = {A survey on semi-supervised learning},
  journal = {Springer Machine Learning},
  volume  = {109},
  number  = {2},
  pages   = {373--440},
  year    = {2020}
}

@article{fan2024kmt,
  title     = {{KMT-PLL}: {K}-Means Cross-Attention Transformer for Partial Label Learning},
  author    = {Jinfu Fan and 
               Linqing Huang and 
               Chaoyu Gong and 
               Yang You and 
               Min Gan and 
               Zhongjie Wang},
  journal   = {Transactions on Neural Networks and Learning Systems},
  year      = {2024},
  publisher = {IEEE}
}

@inproceedings{FengA19,
  author    = {Lei Feng and
               Bo An},
  title     = {Partial Label Learning with Self-Guided Retraining},
  booktitle = {{AAAI} Conference on Artificial Intelligence},
  pages     = {3542--3549},
  year      = {2019}
}

@inproceedings{FengK000S20,
  author    = {Lei Feng and
               Takuo Kaneko and
               Bo Han and
               Gang Niu and
               Bo An and
               Masashi Sugiyama},
  title     = {Learning with Multiple Complementary Labels},
  booktitle = {International Conference on Machine Learning},
  volume    = {119},
  pages     = {3072--3081},
  year      = {2020}
}

@inproceedings{FengL0X0G0S20,
  author    = {Lei Feng and
               Jiaqi Lv and
               Bo Han and
               Miao Xu and
               Gang Niu and
               Xin Geng and
               Bo An and
               Masashi Sugiyama},
  title     = {Provably Consistent Partial-Label Learning},
  booktitle = {Advances in Neural Information Processing Systems},
  pages     = {10948--10960},
  year      = {2020}
}

@article{fisher1930inverse,
  title   = {Inverse Probability},
  author  = {Ronald A. Fisher},
  journal = {Cambridge Philosophical Society},
  volume  = {26},
  number  = {4},
  pages   = {528--535},
  year    = {1930}
}

@article{fisher1935logic,
  title   = {The Logic of Inductive Inference},
  author  = {Ronald A. Fisher},
  journal = {Royal Statistical Society},
  volume  = {98},
  number  = {1},
  pages   = {39--82},
  year    = {1935}
}

@article{fix1989discriminatory,
  title   = {Discriminatory analysis. {N}onparametric discrimination: {C}onsistency properties},
  author  = {Evelyn Fix and Joseph Lawson Hodges},
  journal = {International Statistical Review},
  volume  = {57},
  number  = {3},
  pages   = {238--247},
  year    = {1989}
}

@techreport{fuchs2024partiallabel,
  title       = {Partial-Label Learning with a Reject Option},
  author      = {Tobias Fuchs and Florian Kalinke and Klemens BÃ¶hm},
  year        = {2024},
  note        = {\url{https://arxiv.org/abs/2402.00592}},
  institution = {Karlsruhe Institute of Technology}
}

@book{GKP1994,
  author    = {Ronald L. Graham and
               Donald E. Knuth and
               Oren Patashnik},
  title     = {Concrete Mathematics: {A} Foundation for Computer Science},
  publisher = {Addison-Wesley},
  year      = {1994}
}

@inproceedings{GongB024,
  author    = {Xiuwen Gong and
               Nitin Bisht and
               Guandong Xu},
  title     = {Does Label Smoothing Help Deep Partial Label Learning?},
  booktitle = {International Conference on Machine Learning},
  year      = {2024}
}

@inproceedings{GoodfellowSS14,
  author    = {Ian J. Goodfellow and
               Jonathon Shlens and
               Christian Szegedy},
  title     = {Explaining and Harnessing Adversarial Examples},
  booktitle = {International Conference on Learning Representations},
  year      = {2015}
}

@inproceedings{grandvalet2002logistic,
  title     = {Logistic regression for partial labels},
  author    = {Yves Grandvalet},
  booktitle = {Information Processing and Management of Uncertainty in Knowledge-based Systems},
  year      = {2002}
}

@inproceedings{GuillauminVS10,
  author    = {Matthieu Guillaumin and
               Jakob Verbeek and
               Cordelia Schmid},
  title     = {Multiple Instance Metric Learning from Automatically Labeled Bags
               of Faces},
  booktitle = {European Conference on Computer Vision},
  volume    = {6311},
  pages     = {634--647},
  year      = {2010}
}

@inproceedings{GuoPSW17,
  author    = {Chuan Guo and
               Geoff Pleiss and
               Yu Sun and
               Kilian Q. Weinberger},
  title     = {On Calibration of Modern Neural Networks},
  booktitle = {International Conference on Machine Learning},
  volume    = {70},
  pages     = {1321--1330},
  year      = {2017}
}

@incollection{HadyS13,
  author    = {Mohamed Farouk Abdel Hady and
               Friedhelm Schwenker},
  title     = {Semi-supervised Learning},
  booktitle = {Handbook on Neural Information Processing},
  volume    = {49},
  pages     = {215--239},
  year      = {2013},
  publisher = {Springer}
}

@article{harmanec1996computation,
  title   = {On the computation of uncertainty measure in {Dempster-Shafer} theory},
  author  = {David Harmanec and Germano Resconi and George J. Klir and Yin Pan},
  journal = {International Journal Of General System},
  volume  = {25},
  number  = {2},
  pages   = {153--163},
  year    = {1996}
}

@inproceedings{He0Y23,
  author    = {Shuo He and
               Lei Feng and
               Guowu Yang},
  title     = {Partial-label Learning with Mixed Closed-set and Open-set Out-of-candidate
               Examples},
  booktitle = {Conference on Knowledge Discovery and Data Mining},
  pages     = {722--731},
  year      = {2023}
}

@inproceedings{HeFLLY22,
  author    = {Shuo He and
               Lei Feng and
               Fengmao Lv and
               Wen Li and
               Guowu Yang},
  title     = {Partial Label Learning with Semantic Label Representations},
  booktitle = {Conference on Knowledge Discovery and Data Mining},
  pages     = {545--553},
  year      = {2022}
}

@article{Hellman70,
  author  = {Martin E. Hellman},
  title   = {The Nearest Neighbor Classification Rule with a Reject Option},
  journal = {Transactions on Systems Science and Cybernetics},
  volume  = {6},
  number  = {3},
  pages   = {179--185},
  year    = {1970}
}

@article{herbei2006classification,
  title   = {Classification with reject option},
  author  = {Radu Herbei and Marten H. Wegkamp},
  journal = {The Canadian Journal of Statistics},
  pages   = {709--721},
  year    = {2006}
}

@inproceedings{HeZRS16,
  author    = {Kaiming He and
               Xiangyu Zhang and
               Shaoqing Ren and
               Jian Sun},
  title     = {Deep Residual Learning for Image Recognition},
  booktitle = {Conference on Computer Vision and Pattern Recognition},
  pages     = {770--778},
  year      = {2016}
}

@article{HoerlK00,
  author  = {Arthur E. Hoerl and
             Robert W. Kennard},
  title   = {Ridge Regression: Biased Estimation for Nonorthogonal Problems},
  journal = {Technometrics},
  volume  = {42},
  number  = {1},
  pages   = {80--86},
  year    = {1970}
}

@article{hora1996aleatory,
  title   = {Aleatory and epistemic uncertainty in probability elicitation with an example from hazardous waste management},
  author  = {Stephen C. Hora},
  journal = {Reliability Engineering and System Safety},
  volume  = {54},
  number  = {2-3},
  pages   = {217--223},
  year    = {1996}
}

@inproceedings{HubmannBALS17,
  author    = {Constantin Hubmann and
               Marvin Becker and
               Daniel Althoff and
               David Lenz and
               Christoph Stiller},
  title     = {Decision making for autonomous driving considering interaction and
               uncertain prediction of surrounding vehicles},
  booktitle = {Intelligent Vehicles Symposium},
  pages     = {1671--1678},
  year      = {2017}
}

@inproceedings{HuiskesL08,
  author    = {Mark J. Huiskes and
               Michael S. Lew},
  title     = {The {MIR} flickr retrieval evaluation},
  booktitle = {International Conference on Multimedia Information Retrieval},
  pages     = {39--43},
  year      = {2008}
}

@article{HullermeierB06,
  author  = {Eyke H{\"{u}}llermeier and
             J{\"{u}}rgen Beringer},
  title   = {Learning from ambiguously labeled examples},
  journal = {Intelligent Data Analysis},
  volume  = {10},
  number  = {5},
  pages   = {168--179},
  year    = {2005}
}

@article{HullermeierW21,
  author  = {Eyke H{\"{u}}llermeier and
             Willem Waegeman},
  title   = {Aleatoric and epistemic uncertainty in machine learning: {A}n introduction
             to concepts and methods},
  journal = {Springer Machine Learning},
  volume  = {110},
  number  = {3},
  pages   = {457--506},
  year    = {2021}
}

@inproceedings{IshidaNMS19,
  author    = {Takashi Ishida and
               Gang Niu and
               Aditya Krishna Menon and
               Masashi Sugiyama},
  title     = {Complementary-Label Learning for Arbitrary Losses and Models},
  booktitle = {International Conference on Machine Learning},
  volume    = {97},
  pages     = {2971--2980},
  year      = {2019}
}

@inproceedings{JinG02,
  author    = {Rong Jin and
               Zoubin Ghahramani},
  title     = {Learning with Multiple Labels},
  booktitle = {Advances in Neural Information Processing Systems},
  pages     = {897--904},
  year      = {2002}
}

@book{Josang16,
  author    = {Audun J{\o}sang},
  title     = {Subjective Logic - {A} Formalism for Reasoning Under Uncertainty},
  publisher = {Springer},
  year      = {2016},
  address   = {Cham}
}

@inproceedings{KendallG17,
  author    = {Alex Kendall and
               Yarin Gal},
  title     = {What Uncertainties Do We Need in Bayesian Deep Learning for Computer
               Vision?},
  booktitle = {Advances in Neural Information Processing Systems},
  pages     = {5574--5584},
  year      = {2017}
}

@inproceedings{KingmaW13,
  author    = {Diederik P. Kingma and
               Max Welling},
  title     = {Auto-Encoding Variational Bayes},
  booktitle = {International Conference on Learning Representations},
  year      = {2014}
}

@techreport{kldiv,
  title       = {{K}ullback-{L}eibler Divergences of {N}ormal, {G}amma, {D}irichlet and {W}ishart Densities},
  author      = {William D. Penny},
  year        = {2001},
  institution = {Wellcome Department of Cognitive Neurology}
}

@book{klir1999uncertainty,
  title     = {Uncertainty-based information: {E}lements of generalized information theory},
  author    = {George Klir and Mark Wierman},
  volume    = {15},
  year      = {1999},
  publisher = {Springer}
}

@inproceedings{Lakshminarayanan17,
  author    = {Balaji Lakshminarayanan and
               Alexander Pritzel and
               Charles Blundell},
  title     = {Simple and Scalable Predictive Uncertainty Estimation using Deep Ensembles},
  booktitle = {Advances in Neural Information Processing Systems},
  pages     = {6402--6413},
  year      = {2017}
}

@article{LambrouPG11,
  author  = {Antonis Lambrou and
             Harris Papadopoulos and
             Alex Gammerman},
  title   = {Reliable Confidence Measures for Medical Diagnosis With Evolutionary
             Algorithms},
  journal = {Transactions on Information Technology in Biomedicine},
  volume  = {15},
  number  = {1},
  pages   = {93--99},
  year    = {2011}
}

@article{LeCunBBH98,
  author  = {Yann LeCun and
             L{\'{e}}on Bottou and
             Yoshua Bengio and
             Patrick Haffner},
  title   = {Gradient-based learning applied to document recognition},
  journal = {Proceedings of the {IEEE}},
  volume  = {86},
  number  = {11},
  pages   = {2278--2324},
  year    = {1998}
}

@inproceedings{LiuD12,
  author    = {Li{-}Ping Liu and
               Thomas G. Dietterich},
  title     = {A Conditional Multinomial Mixture Model for Superset Label Learning},
  booktitle = {Advances in Neural Information Processing Systems},
  pages     = {557--565},
  year      = {2012}
}

@inproceedings{LvXF0GS20,
  author    = {Jiaqi Lv and
               Miao Xu and
               Lei Feng and
               Gang Niu and
               Xin Geng and
               Masashi Sugiyama},
  title     = {Progressive Identification of True Labels for Partial-Label Learning},
  booktitle = {International Conference on Machine Learning},
  volume    = {119},
  pages     = {6500--6510},
  year      = {2020}
}

@inproceedings{MadryMSTV18,
  author    = {Aleksander Madry and
               Aleksandar Makelov and
               Ludwig Schmidt and
               Dimitris Tsipras and
               Adrian Vladu},
  title     = {Towards Deep Learning Models Resistant to Adversarial Attacks},
  booktitle = {International Conference on Learning Representations},
  year      = {2018}
}

@incollection{mandler1988combining,
  title     = {Combining the classification results of independent classifiers based on the {D}empster-{S}hafer theory of evidence},
  author    = {Eberhard Mandler and J{\"u}rgen Sch{\"u}mann},
  booktitle = {Machine Intelligence and Pattern Recognition},
  volume    = {7},
  pages     = {381--393},
  year      = {1988},
  publisher = {Elsevier}
}

@article{matthews1975comparison,
  title   = {Comparison of the predicted and observed secondary structure of {T4} phage lysozyme},
  author  = {Brian W. Matthews},
  journal = {Biochimica et Biophysica Acta},
  volume  = {405},
  number  = {2},
  pages   = {442--451},
  year    = {1975}
}

@article{meyerowitz1994calculating,
  title   = {Calculating maximum-entropy probability densities for belief functions},
  author  = {Aaron Meyerowitz and Fred Richman and Elbert Walker},
  journal = {International Journal of Uncertainty, Fuzziness and Knowledge-Based Systems},
  volume  = {2},
  number  = {4},
  pages   = {377--389},
  year    = {1994}
}

@inproceedings{MichelmoreWLCGK20,
  author    = {Rhiannon Michelmore and
               Matthew Wicker and
               Luca Laurenti and
               Luca Cardelli and
               Yarin Gal and
               Marta Kwiatkowska},
  title     = {Uncertainty Quantification with Statistical Guarantees in End-to-End
               Autonomous Driving Control},
  booktitle = {International Conference on Robotics and Automation},
  pages     = {7344--7350},
  year      = {2020}
}

@inproceedings{MoosaviDezfooli16,
  author    = {Seyed{-}Mohsen Moosavi{-}Dezfooli and
               Alhussein Fawzi and
               Pascal Frossard},
  title     = {Deep{F}ool: {A} Simple and Accurate Method to Fool Deep Neural Networks},
  booktitle = {Conference on Computer Vision and Pattern Recognition},
  pages     = {2574--2582},
  year      = {2016}
}

@inproceedings{MortierBHLW23,
  author    = {Thomas Mortier and
               Viktor Bengs and
               Eyke H{\"{u}}llermeier and
               Stijn Luca and
               Willem Waegeman},
  title     = {On the Calibration of Probabilistic Classifier Sets},
  booktitle = {International Conference on Artificial Intelligence and Statistics},
  volume    = {206},
  pages     = {8857--8870},
  year      = {2023}
}

@inproceedings{NatarajanDRT13,
  author    = {Nagarajan Natarajan and
               Inderjit S. Dhillon and
               Pradeep Ravikumar and
               Ambuj Tewari},
  title     = {Learning with Noisy Labels},
  booktitle = {Advances in Neural Information Processing Systems},
  pages     = {1196--1204},
  year      = {2013}
}

@inproceedings{NguyenC08,
  author    = {Nam Nguyen and
               Rich Caruana},
  title     = {Classification with partial labels},
  booktitle = {Conference on Knowledge Discovery and Data Mining},
  pages     = {551--559},
  year      = {2008}
}

@article{NiZDCL21,
  author  = {Peng Ni and
             Suyun Zhao and
             Zhi{-}Gang Dai and
             Hong Chen and
             Cui{-}Ping Li},
  title   = {Partial Label Learning via Conditional-Label-Aware Disambiguation},
  journal = {Journal of Computer Science and Technology},
  volume  = {36},
  number  = {3},
  pages   = {590--605},
  year    = {2021}
}

@misc{notmnist,
  author       = {Yaroslav Bulatov},
  title        = {{NotMNIST} dataset},
  year         = {2011},
  howpublished = {\url{http://yaroslavvb.blogspot.com/2011/09/notmnist-dataset.html}},
  urldate      = {2024-06-13}
}

@book{omohundro1989five,
  title     = {Five balltree construction algorithms},
  author    = {Stephen M. Omohundro},
  year      = {1989},
  publisher = {Berkeley}
}

@article{ramer1987uniqueness,
  title   = {Uniqueness of information measure in the theory of evidence},
  author  = {Arthur Ramer},
  journal = {Fuzzy Sets and Systems},
  volume  = {24},
  number  = {2},
  pages   = {183--196},
  year    = {1987}
}

@article{ReamaroonSLIN19,
  author  = {Narathip Reamaroon and
             Michael W. Sjoding and
             Kaiwen Lin and
             Theodore J. Iwashyna and
             Kayvan Najarian},
  title   = {Accounting for Label Uncertainty in Machine Learning for Detection
             of Acute Respiratory Distress Syndrome},
  journal = {Journal of Biomedical and Health Informatics},
  volume  = {23},
  number  = {1},
  pages   = {407--415},
  year    = {2019}
}

@article{rumelhart1986learning,
  title   = {Learning representations by back-propagating errors},
  author  = {David E. Rumelhart and Geoffrey E. Hinton and Ronald J. Williams},
  journal = {Nature},
  volume  = {323},
  number  = {6088},
  pages   = {533--536},
  year    = {1986}
}

@inproceedings{SaleCH23,
  author    = {Yusuf Sale and
               Michele Caprio and
               Eyke H{\"{u}}llermeier},
  title     = {Is the volume of a credal set a good measure for epistemic uncertainty?},
  booktitle = {Uncertainty in Artificial Intelligence},
  volume    = {216},
  pages     = {1795--1804},
  year      = {2023}
}

@article{SengeBDHHDH14,
  author  = {Robin Senge and
             Stefan B{\"{o}}sner and
             Krzysztof Dembczynski and
             J{\"{o}}rg Haasenritter and
             Oliver Hirsch and
             Norbert Donner{-}Banzhoff and
             Eyke H{\"{u}}llermeier},
  title   = {Reliable classification: {L}earning classifiers that distinguish aleatoric
             and epistemic uncertainty},
  journal = {Information Sciences},
  volume  = {255},
  pages   = {16--29},
  year    = {2014}
}

@inproceedings{SensoyKK18,
  author    = {Murat Sensoy and
               Lance M. Kaplan and
               Melih Kandemir},
  title     = {Evidential Deep Learning to Quantify Classification Uncertainty},
  booktitle = {Advances in Neural Information Processing Systems},
  pages     = {3183--3193},
  year      = {2018}
}

@inproceedings{ShafaeiKOK18,
  author    = {Sina Shafaei and
               Stefan Kugele and
               Mohd Hafeez Osman and
               Alois C. Knoll},
  title     = {Uncertainty in Machine Learning: {A} Safety Perspective on Autonomous
               Driving},
  booktitle = {Computer Safety, Reliability, and Security},
  volume    = {11094},
  pages     = {458--464},
  year      = {2018}
}

@article{Shafer86,
  author  = {Glenn Shafer},
  title   = {The combination of evidence},
  journal = {Intelligent Systems},
  volume  = {1},
  number  = {3},
  pages   = {155--179},
  year    = {1986}
}

@inproceedings{Shalev-ShwartzSS07,
  author    = {Shai Shalev{-}Shwartz and
               Yoram Singer and
               Nathan Srebro},
  title     = {Pegasos: {P}rimal {E}stimated sub-{G}r{A}dient {SO}lver for {SVM}},
  booktitle = {International Conference on Machine Learning},
  volume    = {227},
  pages     = {807--814},
  year      = {2007}
}

@article{SrivastavaHKSS14,
  author  = {Nitish Srivastava and
             Geoffrey E. Hinton and
             Alex Krizhevsky and
             Ilya Sutskever and
             Ruslan Salakhutdinov},
  title   = {Dropout: {A} simple way to prevent neural networks from overfitting},
  journal = {Journal of Machine Learning Research},
  volume  = {15},
  number  = {1},
  pages   = {1929--1958},
  year    = {2014}
}

@inproceedings{SzegedyZSBEGF13,
  author    = {Christian Szegedy and
               Wojciech Zaremba and
               Ilya Sutskever and
               Joan Bruna and
               Dumitru Erhan and
               Ian J. Goodfellow and
               Rob Fergus},
  title     = {Intriguing properties of neural networks},
  booktitle = {International Conference on Learning Representations},
  year      = {2014}
}

@article{TabassianGE12,
  author  = {Mahdi Tabassian and
             Reza Ghaderi and
             Reza Ebrahimpour},
  title   = {Combining complementary information sources in the {D}empster-{S}hafer
             framework for solving classification problems with imperfect labels},
  journal = {Knowledge Based Systems},
  volume  = {27},
  pages   = {92--102},
  year    = {2012}
}

@inproceedings{TangZ17,
  author    = {Cai{-}Zhi Tang and
               Min{-}Ling Zhang},
  title     = {Confidence-Rated Discriminative Partial Label Learning},
  booktitle = {{AAAI} Conference on Artificial Intelligence},
  pages     = {2611--2617},
  year      = {2017}
}

@article{tong2021evidential,
  title   = {An evidential classifier based on {D}empster-{S}hafer theory and deep learning},
  author  = {Zheng Tong and Philippe Xu and Thierry Denoeux},
  journal = {Neurocomputing},
  volume  = {450},
  pages   = {275--293},
  year    = {2021}
}

@techreport{uci-fmnist,
  author      = {Han Xiao and Kashif Rasul and Roland Vollgraf},
  title       = {{F}ashion-{MNIST}: {A} Novel Image Dataset for Benchmarking Machine Learning Algorithms},
  year        = {2018},
  note        = {\url{https://arxiv.org/abs/1708.07747}},
  institution = {Zalando Research}
}

@inproceedings{uci-HortonN96,
  author    = {Paul Horton and
               Kenta Nakai},
  title     = {A Probabilistic Classification System for Predicting the Cellular
               Localization Sites of Proteins},
  booktitle = {International Conference on Intelligent Systems for Molecular Biology},
  pages     = {109--115},
  year      = {1996}
}

@techreport{uci-kmnist,
  author      = {Tarin Clanuwat and
                 Mikel Bober{-}Irizar and
                 Asanobu Kitamoto and
                 Alex Lamb and
                 Kazuaki Yamamoto and
                 David Ha},
  title       = {Deep Learning for Classical Japanese Literature},
  year        = {2018},
  note        = {\url{https://arxiv.org/abs/1812.01718}},
  institution = {Center for Open Data in the Humanities}
}

@misc{uci-mnist,
  author       = {Yann LeCun and
                  Corinna Cortes and
                  Christopher J. C. Burges},
  title        = {The {MNIST} database of handwritten digits},
  year         = {1999},
  howpublished = {http://yann.lecun.com/exdb/mnist}
}

@article{VarshneyA17,
  author  = {Kush R. Varshney and
             Homa Alemzadeh},
  title   = {On the Safety of Machine Learning: {C}yber-Physical Systems, Decision
             Sciences, and Data Products},
  journal = {Big Data},
  volume  = {5},
  number  = {3},
  pages   = {246--255},
  year    = {2017}
}

@article{WangBH19,
  author  = {Hongzhi Wang and
             Mohamed Jaward Bah and
             Mohamed Hammad},
  title   = {Progress in Outlier Detection Techniques: {A} Survey},
  journal = {{IEEE} Access},
  volume  = {7},
  pages   = {107964--108000},
  year    = {2019}
}

@inproceedings{WangLZ19,
  author    = {Deng{-}Bao Wang and
               Li Li and
               Min{-}Ling Zhang},
  title     = {Adaptive Graph Guided Disambiguation for Partial Label Learning},
  booktitle = {International Conference on Knowledge Discovery and Data Mining},
  pages     = {83--91},
  year      = {2019}
}

@inproceedings{WangXLF0CZ22,
  author    = {Haobo Wang and
               Ruixuan Xiao and
               Yixuan Li and
               Lei Feng and
               Gang Niu and
               Gang Chen and
               Junbo Zhao},
  title     = {{PiCO}: {C}ontrastive Label Disambiguation for Partial Label Learning},
  booktitle = {International Conference on Learning Representations},
  year      = {2022}
}

@inproceedings{WangZ22,
  author    = {Wei Wang and
               Min{-}Ling Zhang},
  title     = {Partial Label Learning with Discrimination Augmentation},
  booktitle = {Conference on Knowledge Discovery and Data Mining},
  pages     = {1920--1928},
  year      = {2022}
}

@inproceedings{WeiXCF0L22,
  author    = {Hongxin Wei and
               Renchunzi Xie and
               Hao Cheng and
               Lei Feng and
               Bo An and
               Yixuan Li},
  title     = {Mitigating Neural Network Overconfidence with Logit Normalization},
  booktitle = {International Conference on Machine Learning},
  volume    = {162},
  pages     = {23631--23644},
  year      = {2022}
}

@phdthesis{werbos1974beyond,
  title  = {Beyond regression: {N}ew tools for prediction and analysis in the behavioral sciences},
  author = {Paul Werbos},
  school = {Harvard University},
  year   = {1974}
}

@inproceedings{WimmerSHBH23,
  author    = {Lisa Wimmer and
               Yusuf Sale and
               Paul Hofman and
               Bernd Bischl and
               Eyke H{\"{u}}llermeier},
  title     = {Quantifying aleatoric and epistemic uncertainty in machine learning:
               {A}re conditional entropy and mutual information appropriate measures?},
  booktitle = {Uncertainty in Artificial Intelligence},
  volume    = {216},
  pages     = {2282--2292},
  year      = {2023}
}

@inproceedings{WuZ18,
  author    = {Xuan Wu and
               Min{-}Ling Zhang},
  title     = {Towards Enabling Binary Decomposition for Partial Label Learning},
  booktitle = {International Joint Conference on Artificial Intelligence},
  pages     = {2868--2874},
  year      = {2018}
}

@inproceedings{XiangZCLZOC023,
  author    = {Sheng Xiang and
               Mingzhi Zhu and
               Dawei Cheng and
               Enxia Li and
               Ruihui Zhao and
               Yi Ouyang and
               Ling Chen and
               Yefeng Zheng},
  title     = {Semi-supervised Credit Card Fraud Detection via Attribute-Driven Graph
               Representation},
  booktitle = {{AAAI} Conference on Artificial Intelligence},
  pages     = {14557--14565},
  year      = {2023}
}

@inproceedings{XuLG19,
  author    = {Ning Xu and
               Jiaqi Lv and
               Xin Geng},
  title     = {Partial Label Learning via Label Enhancement},
  booktitle = {{AAAI} Conference on Artificial Intelligence},
  pages     = {5557--5564},
  year      = {2019}
}

@inproceedings{XuPWD14,
  author    = {Wenda Xu and
               Jia Pan and
               Junqing Wei and
               John M. Dolan},
  title     = {Motion planning under uncertainty for on-road autonomous driving},
  booktitle = {International Conference on Robotics and Automation},
  pages     = {2507--2512},
  year      = {2014}
}

@inproceedings{XuQGZ21,
  author    = {Ning Xu and
               Congyu Qiao and
               Xin Geng and
               Min{-}Ling Zhang},
  title     = {Instance-Dependent Partial Label Learning},
  booktitle = {Advances in Neural Information Processing Systems},
  pages     = {27119--27130},
  year      = {2021}
}

@article{XuW05,
  author  = {Rui Xu and
             Donald C. Wunsch},
  title   = {Survey of clustering algorithms},
  journal = {Transactions on Neural Networks},
  volume  = {16},
  number  = {3},
  pages   = {645--678},
  year    = {2005}
}

@incollection{Yager08,
  author    = {Ronald R. Yager},
  title     = {Entropy and Specificity in a Mathematical Theory of Evidence},
  booktitle = {Classic Works of the {Dempster-Shafer} Theory of Belief Functions},
  volume    = {219},
  pages     = {291--310},
  year      = {2008},
  publisher = {Springer}
}

@article{Yager87a,
  author  = {Ronald R. Yager},
  title   = {On the {Dempster-Shafer} framework and new combination rules},
  journal = {Information Sciences},
  volume  = {41},
  number  = {2},
  pages   = {93--137},
  year    = {1987}
}

@article{Yager87b,
  title   = {Quasi-associative operations in the combination of evidence},
  author  = {Ronald R. Yager},
  journal = {Kybernetes},
  volume  = {16},
  number  = {1},
  pages   = {37--41},
  year    = {1987}
}

@article{YangWMLC09,
  author  = {Fan Yang and
             Hua{-}zhen Wang and
             Hong Mi and
             Cheng{-}de Lin and
             Wei{-}wen Cai},
  title   = {Using random forest for reliable classification and cost-sensitive
             learning for medical diagnosis},
  journal = {{BMC} Bioinformatics},
  volume  = {10},
  number  = {1},
  year    = {2009}
}

@inproceedings{YuZ17,
  author    = {Fei Yu and
               Min{-}Ling Zhang},
  title     = {Maximum Margin Partial Label Learning},
  booktitle = {Asian Conference on Machine Learning},
  volume    = {106},
  pages     = {573--593},
  year      = {2017}
}

@article{Zadeh84,
  author  = {Lotfi A. Zadeh},
  title   = {Book Review: {A} Mathematical Theory of Evidence},
  journal = {AI Magazine},
  volume  = {5},
  number  = {3},
  pages   = {81--83},
  year    = {1984}
}

@inproceedings{ZaouiDH20,
  author    = {Ahmed Zaoui and
               Christophe Denis and
               Mohamed Hebiri},
  title     = {Regression with reject option and application to kNN},
  booktitle = {Advances in Neural Information Processing Systems},
  year      = {2020}
}

@inproceedings{ZengXJCGXM13,
  author    = {Zinan Zeng and
               Shijie Xiao and
               Kui Jia and
               Tsung{-}Han Chan and
               Shenghua Gao and
               Dong Xu and
               Yi Ma},
  title     = {Learning by Associating Ambiguously Labeled Images},
  booktitle = {Conference on Computer Vision and Pattern Recognition},
  pages     = {708--715},
  year      = {2013}
}

@inproceedings{ZhangF0L0QS22,
  author    = {Fei Zhang and
               Lei Feng and
               Bo Han and
               Tongliang Liu and
               Gang Niu and
               Tao Qin and
               Masashi Sugiyama},
  title     = {Exploiting Class Activation Value for Partial-Label Learning},
  booktitle = {International Conference on Learning Representations},
  year      = {2022}
}

@inproceedings{ZhangY15a,
  author    = {Min{-}Ling Zhang and
               Fei Yu},
  title     = {Solving the Partial Label Learning Problem: {A}n Instance-Based Approach},
  booktitle = {International Joint Conference on Artificial Intelligence},
  pages     = {4048--4054},
  year      = {2015}
}

@article{ZhangYT17,
  author  = {Min{-}Ling Zhang and
             Fei Yu and
             Cai{-}Zhi Tang},
  title   = {Disambiguation-Free Partial Label Learning},
  journal = {Transactions on Knowledge and Data Engineering},
  volume  = {29},
  number  = {10},
  pages   = {2155--2167},
  year    = {2017}
}

@inproceedings{ZhangZL16,
  author    = {Min{-}Ling Zhang and
               Bin{-}Bin Zhou and
               Xu{-}Ying Liu},
  title     = {Partial Label Learning via Feature-Aware Disambiguation},
  booktitle = {International Conference on Knowledge Discovery and Data Mining},
  pages     = {1335--1344},
  year      = {2016}
}

@inproceedings{ZhangZW0021,
  author    = {Yikai Zhang and
               Songzhu Zheng and
               Pengxiang Wu and
               Mayank Goswami and
               Chao Chen},
  title     = {Learning with Feature-Dependent Label Noise: {A} Progressive Approach},
  booktitle = {International Conference on Learning Representations},
  year      = {2021}
}
