@misc{Claude,
  title={Introducing the next generation of Claude},
  year={2024},
  howpublished={\url{https://www.anthropic.com/news/claude-3-family}}
}

@misc{gpt4o,
    title = {GPT-4o},
    year={2024},
    author = {OpenAI},
    howpublished={\url{https://openai.com/index/hello-gpt-4o/}}
}

@article{guo2025deepseek,
  title={Deepseek-r1: Incentivizing reasoning capability in llms via reinforcement learning},
  author={Guo, Daya and Yang, Dejian and Zhang, Haowei and Song, Junxiao and Zhang, Ruoyu and Xu, Runxin and Zhu, Qihao and Ma, Shirong and Wang, Peiyi and Bi, Xiao and others},
  journal={arXiv preprint arXiv:2501.12948},
  year={2025}
}

@article{hui2024qwen2,
  title={Qwen2. 5-Coder Technical Report},
  author={Hui, Binyuan and Yang, Jian and Cui, Zeyu and Yang, Jiaxi and Liu, Dayiheng and Zhang, Lei and Liu, Tianyu and Zhang, Jiajun and Yu, Bowen and Dang, Kai and others},
  journal={arXiv preprint arXiv:2409.12186},
  year={2024}
}

@misc{logic-rl,
author       = {Tian Xie and Qingnan Ren and Yuqian Hong and Zitian Gao},
title        = {Logic-RL},
howpublished = {https://github.com/Unakar/Logic-RL},
note         = {Accessed: 2025-02-03},
year         = {2025}
}

@article{luong2024reft,
  title={Reft: Reasoning with reinforced fine-tuning},
  author={Luong, Trung Quoc and Zhang, Xinbo and Jie, Zhanming and Sun, Peng and Jin, Xiaoran and Li, Hang},
  journal={arXiv preprint arXiv:2401.08967},
  year={2024}
}

@article{ma2024lingma,
  title={Lingma swe-gpt: An open development-process-centric language model for automated software improvement},
  author={Ma, Yingwei and Cao, Rongyu and Cao, Yongchang and Zhang, Yue and Chen, Jue and Liu, Yibo and Liu, Yuchen and Li, Binhua and Huang, Fei and Li, Yongbin},
  journal={arXiv preprint arXiv:2411.00622},
  year={2024}
}

@article{ma2024repository,
  title={Repository Structure-Aware Training Makes SLMs Better Issue Resolver},
  author={Ma, Zexiong and An, Shengnan and Lin, Zeqi and Zou, Yanzhen and Xie, Bing},
  journal={arXiv preprint arXiv:2412.19031},
  year={2024}
}

@misc{o1-preview,
    title = {o1-preview},
    year={2024},
    author = {OpenAI},
    howpublished={\url{https://openai.com/index/introducing-openai-o1-preview/}}
}

@article{pan2024training,
  title={Training Software Engineering Agents and Verifiers with SWE-Gym},
  author={Pan, Jiayi and Wang, Xingyao and Neubig, Graham and Jaitly, Navdeep and Ji, Heng and Suhr, Alane and Zhang, Yizhe},
  journal={arXiv preprint arXiv:2412.21139},
  year={2024}
}

@article{schulman2017proximal,
  title={Proximal policy optimization algorithms},
  author={Schulman, John and Wolski, Filip and Dhariwal, Prafulla and Radford, Alec and Klimov, Oleg},
  journal={arXiv preprint arXiv:1707.06347},
  year={2017},
  url={https://arxiv.org/abs/1707.06347}
}

@article{shao2024deepseekmath,
  title={Deepseekmath: Pushing the limits of mathematical reasoning in open language models},
  author={Shao, Zhihong and Wang, Peiyi and Zhu, Qihao and Xu, Runxin and Song, Junxiao and Bi, Xiao and Zhang, Haowei and Zhang, Mingchuan and Li, YK and Wu, Y and others},
  journal={arXiv preprint arXiv:2402.03300},
  year={2024}
}

@article{team2025kimi,
  title={Kimi k1. 5: Scaling Reinforcement Learning with LLMs},
  author={Team, Kimi and Du, Angang and Gao, Bofei and Xing, Bowei and Jiang, Changjiu and Chen, Cheng and Li, Cheng and Xiao, Chenjun and Du, Chenzhuang and Liao, Chonghua and others},
  journal={arXiv preprint arXiv:2501.12599},
  year={2025}
}

@misc{tinyzero,
author       = {Jiayi Pan and Junjie Zhang and Xingyao Wang and Lifan Yuan and Hao Peng and Alane Suhr},
title        = {TinyZero},
howpublished = {https://github.com/Jiayi-Pan/TinyZero},
note         = {Accessed: 2025-01-24},
year         = {2025}
}

@article{wang2024executable,
  title={Executable code actions elicit better llm agents},
  author={Wang, Xingyao and Chen, Yangyi and Yuan, Lifan and Zhang, Yizhe and Li, Yunzhu and Peng, Hao and Ji, Heng},
  journal={arXiv preprint arXiv:2402.01030},
  year={2024}
}

@article{wang2024openhands,
  title={Openhands: An open platform for ai software developers as generalist agents},
  author={Wang, Xingyao and Li, Boxuan and Song, Yufan and Xu, Frank F and Tang, Xiangru and Zhuge, Mingchen and Pan, Jiayi and Song, Yueqi and Li, Bowen and Singh, Jaskirat and others},
  journal={arXiv preprint arXiv:2407.16741},
  year={2024}
}

@article{xie2025swe,
  title={SWE-Fixer: Training Open-Source LLMs for Effective and Efficient GitHub Issue Resolution},
  author={Xie, Chengxing and Li, Bowen and Gao, Chang and Du, He and Lam, Wai and Zou, Difan and Chen, Kai},
  journal={arXiv preprint arXiv:2501.05040},
  year={2025}
}

@misc{zeng2025simplerl,
  title={7B Model and 8K Examples: Emerging Reasoning with Reinforcement Learning is Both Effective and Efficient},
  author={Weihao Zeng and Yuzhen Huang and Wei Liu and Keqing He and Qian Liu and Zejun Ma and Junxian He},
  year={2025},
  howpublished={\url{https://hkust-nlp.notion.site/simplerl-reason}},
  note={Notion Blog},
  year={2025}
}

