
% Journals

% First the Full Name is given, then the abbreviation used in the AMS Math
% Reviews, with an indication if it could not be found there.
% Note the 2nd overwrites the 1st, so swap them if you want the full name.

 %{AMS}
 @String{AMSTrans = "American Mathematical Society Translations" }
 @String{AMSTrans = "Amer. Math. Soc. Transl." }
 @String{BullAMS = "Bulletin of the American Mathematical Society" }
 @String{BullAMS = "Bull. Amer. Math. Soc." }
 @String{ProcAMS = "Proceedings of the American Mathematical Society" }
 @String{ProcAMS = "Proc. Amer. Math. Soc." }
 @String{TransAMS = "Transactions of the American Mathematical Society" }
 @String{TransAMS = "Trans. Amer. Math. Soc." }

 %ACM
 @String{CACM = "Communications of the {ACM}" }
 @String{CACM = "Commun. {ACM}" }
 @String{CompServ = "Comput. Surveys" }
 @String{JACM = "J. ACM" }
 @String{ACMMathSoft = "{ACM} Transactions on Mathematical Software" }
 @String{ACMMathSoft = "{ACM} Trans. Math. Software" }
 @String{SIGNUM = "{ACM} {SIGNUM} Newsletter" }
 @String{SIGNUM = "{ACM} {SIGNUM} Newslett." }

 @String{AmerSocio = "American Journal of Sociology" }
 @String{AmerStatAssoc = "Journal of the American Statistical Association" }
 @String{AmerStatAssoc = "J. Amer. Statist. Assoc." }
 @String{ApplMathComp = "Applied Mathematics and Computation" }
 @String{ApplMathComp = "Appl. Math. Comput." }
 @String{AmerMathMonthly = "American Mathematical Monthly" }
 @String{AmerMathMonthly = "Amer. Math. Monthly" }
 @String{BIT = "{BIT}" }
 @String{BritStatPsych = "British Journal of Mathematical and Statistical
          Psychology" }
 @String{BritStatPsych = "Brit. J. Math. Statist. Psych." }
 @String{CanMathBull = "Canadian Mathematical Bulletin" }
 @String{CanMathBull = "Canad. Math. Bull." }
 @String{CompApplMath = "Journal of Computational and Applied Mathematics" }
 @String{CompApplMath = "J. Comput. Appl. Math." }
 @String{CompPhys = "Journal of Computational Physics" }
 @String{CompPhys = "J. Comput. Phys." }
 @String{CompStruct = "Computers and Structures" }
 @String{CompStruct = "Comput. \& Structures" }
 @String{CompJour = "The Computer Journal" }
 @String{CompJour = "Comput. J." }
 @String{CompSysSci = "Journal of Computer and System Sciences" }
 @String{CompSysSci = "J. Comput. System Sci." }
 @String{Computing = "Computing" }
 @String{ContempMath = "Contemporary Mathematics" }
 @String{ContempMath = "Contemp. Math." }
 @String{Crelle = "Crelle's Journal" }
 @String{GiornaleMath = "Giornale di Mathematiche" }
 @String{GiornaleMath = "Giorn. Mat." } % didn't find in AMS MR., ibid.

 %IEEE
 @String{Computer = "{IEEE} Computer" }
 @String{IEEETransComp = "{IEEE} Transactions on Computers" }
 @String{IEEETransComp = "{IEEE} Trans. Comput." }
 @String{IEEETransAC = "{IEEE} Transactions on Automatic Control" }
 @String{IEEETransAC = "{IEEE} Trans. Automat. Control" }
 @String{IEEESpec = "{IEEE} Spectrum" } % didn't find in AMS MR
 @String{ProcIEEE = "Proceedings of the {IEEE}" }
 @String{ProcIEEE = "Proc. {IEEE}" } % didn't find in AMS MR
 @String{IEEETransAeroElec = "{IEEE} Transactions on Aerospace and Electronic
     Systems" }
 @String{IEEETransAeroElec = "{IEEE} Trans. Aerospace Electron. Systems" }

 @String{IMANumerAna = "{IMA} Journal of Numerical Analysis" }
 @String{IMANumerAna = "{IMA} J. Numer. Anal." }
 @String{InfProcLet = "Information Processing Letters" }
 @String{InfProcLet = "Inform. Process. Lett." }
 @String{InstMathApp = "Journal of the Institute of Mathematics and
     its Applications" }
 @String{InstMathApp = "J. Inst. Math. Appl." }
 @String{IntControl = "International Journal of Control" }
 @String{IntControl = "Internat. J. Control" }
 @String{IntNumerEng = "International Journal for Numerical Methods in
     Engineering" }
 @String{IntNumerEng = "Internat. J. Numer. Methods Engrg." }
 @String{IntSuper = "International Journal of Supercomputing Applications" }
 @String{IntSuper = "Internat. J. Supercomputing Applic." } % didn't find
%% in AMS MR
 @String{Kibernetika = "Kibernetika" }
 @String{JResNatBurStand = "Journal of Research of the National Bureau
     of Standards" }
 @String{JResNatBurStand = "J. Res. Nat. Bur. Standards" }
 @String{LinAlgApp = "Linear Algebra and its Applications" }
 @String{LinAlgApp = "Linear Algebra Appl." }
 @String{MathAnaAppl = "Journal of Mathematical Analysis and Applications" }
 @String{MathAnaAppl = "J. Math. Anal. Appl." }
 @String{MathAnnalen = "Mathematische Annalen" }
 @String{MathAnnalen = "Math. Ann." }
 @String{MathPhys = "Journal of Mathematical Physics" }
 @String{MathPhys = "J. Math. Phys." }
 @String{MathComp = "Mathematics of Computation" }
 @String{MathComp = "Math. Comp." }
 @String{MathScand = "Mathematica Scandinavica" }
 @String{MathScand = "Math. Scand." }
 @String{TablesAidsComp = "Mathematical Tables and Other Aids to Computation" }
 @String{TablesAidsComp = "Math. Tables Aids Comput." }
 @String{NumerMath = "Numerische Mathematik" }
 @String{NumerMath = "Numer. Math." }
 @String{PacificMath = "Pacific Journal of Mathematics" }
 @String{PacificMath = "Pacific J. Math." }
 @String{ParDistComp = "Journal of Parallel and Distributed Computing" }
 @String{ParDistComp = "J. Parallel and Distrib. Comput." } % didn't find
%% in AMS MR
 @String{ParComputing = "Parallel Computing" }
 @String{ParComputing = "Parallel Comput." }
 @String{PhilMag = "Philosophical Magazine" }
 @String{PhilMag = "Philos. Mag." }
 @String{ProcNAS = "Proceedings of the National Academy of Sciences
                    of the USA" }
 @String{ProcNAS = "Proc. Nat. Acad. Sci. U. S. A." }
 @String{Psychometrika = "Psychometrika" }
 @String{QuartMath = "Quarterly Journal of Mathematics, Oxford, Series (2)" }
 @String{QuartMath = "Quart. J. Math. Oxford Ser. (2)" }
 @String{QuartApplMath = "Quarterly of Applied Mathematics" }
 @String{QuartApplMath = "Quart. Appl. Math." }
 @String{RevueInstStat = "Review of the International Statisical Institute" }
 @String{RevueInstStat = "Rev. Inst. Internat. Statist." }

 %SIAM
 @String{JSIAM = "Journal of the Society for Industrial and Applied
     Mathematics" }
 @String{JSIAM = "J. Soc. Indust. Appl. Math." }
 @String{JSIAMB = "Journal of the Society for Industrial and Applied
     Mathematics, Series B, Numerical Analysis" }
 @String{JSIAMB = "J. Soc. Indust. Appl. Math. Ser. B Numer. Anal." }
 @String{SIAMAlgMeth = "{SIAM} Journal on Algebraic and Discrete Methods" }
 @String{SIAMAlgMeth = "{SIAM} J. Algebraic Discrete Methods" }
 @String{SIAMAppMath = "{SIAM} Journal on Applied Mathematics" }
 @String{SIAMAppMath = "{SIAM} J. Appl. Math." }
 @String{SIAMComp = "{SIAM} Journal on Computing" }
 @String{SIAMComp = "{SIAM} J. Comput." }
 @String{SIAMMatrix = "{SIAM} Journal on Matrix Analysis and Applications" }
 @String{SIAMMatrix = "{SIAM} J. Matrix Anal. Appl." }
 @String{SIAMNumAnal = "{SIAM} Journal on Numerical Analysis" }
 @String{SIAMNumAnal = "{SIAM} J. Numer. Anal." }
 @String{SIAMReview = "{SIAM} Review" }
 @String{SIAMReview = "{SIAM} Rev." }
 @String{SIAMSciStat = "{SIAM} Journal on Scientific and Statistical
     Computing" }
 @String{SIAMSciStat = "{SIAM} J. Sci. Statist. Comput." }

 @String{SoftPracExp = "Software Practice and Experience" }
 @String{SoftPracExp = "Software Prac. Experience" } % didn't find in AMS MR
 @String{StatScience = "Statistical Science" }
 @String{StatScience = "Statist. Sci." }
 @String{Techno = "Technometrics" }
 @String{USSRCompMathPhys = "{USSR} Computational Mathematics and Mathematical
     Physics" }
 @String{USSRCompMathPhys = "{U. S. S. R.} Comput. Math. and Math. Phys." }
 @String{VLSICompSys = "Journal of {VLSI} and Computer Systems" }
 @String{VLSICompSys = "J. {VLSI} Comput. Syst." }
 @String{ZAngewMathMech = "Zeitschrift fur Angewandte Mathematik und
     Mechanik" }
 @String{ZAngewMathMech = "Z. Angew. Math. Mech." }
 @String{ZAngewMathPhys = "Zeitschrift fur Angewandte Mathematik und Physik" }
 @String{ZAngewMathPhys = "Z. Angew. Math. Phys." }

% Publishers % ================================================= |

 @String{Academic = "Academic Press" }
 @String{ACMPress = "{ACM} Press" }
 @String{AdamHilger = "Adam Hilger" }
 @String{AddisonWesley = "Addison-Wesley" }
 @String{AllynBacon = "Allyn and Bacon" }
 @String{AMS = "American Mathematical Society" }
 @String{Birkhauser = "Birkha{\"u}ser" }
 @String{CambridgePress = "Cambridge University Press" }
 @String{Chelsea = "Chelsea" }
 @String{ClaredonPress = "Claredon Press" }
 @String{DoverPub = "Dover Publications" }
 @String{Eyolles = "Eyolles" }
 @String{HoltRinehartWinston = "Holt, Rinehart and Winston" }
 @String{Interscience = "Interscience" }
 @String{JohnsHopkinsPress = "The Johns Hopkins University Press" }
 @String{JohnWileySons = "John Wiley and Sons" }
 @String{Macmillan = "Macmillan" }
 @String{MathWorks = "The Math Works Inc." }
 @String{McGrawHill = "McGraw-Hill" }
 @String{NatBurStd = "National Bureau of Standards" }
 @String{NorthHolland = "North-Holland" }
 @String{OxfordPress = "Oxford University Press" }  %address Oxford or London?
 @String{PergamonPress = "Pergamon Press" }
 @String{PlenumPress = "Plenum Press" }
 @String{PrenticeHall = "Prentice-Hall" }
 @String{SIAMPub = "{SIAM} Publications" }
 @String{Springer = "Springer-Verlag" }
 @String{TexasPress = "University of Texas Press" }
 @String{VanNostrand = "Van Nostrand" }
 @String{WHFreeman = "W. H. Freeman and Co." }


@inproceedings{
jimenez2024swebench,
title={{SWE}-bench: Can Language Models Resolve Real-world Github Issues?},
author={Carlos E Jimenez and John Yang and Alexander Wettig and Shunyu Yao and Kexin Pei and Ofir Press and Karthik R Narasimhan},
booktitle={The Twelfth International Conference on Learning Representations},
year={2024},
url={https://openreview.net/forum?id=VTF8yNQM66}
}

@article{zhao2024commit0,
  title={Commit0: Library Generation from Scratch},
  author={Zhao, Wenting and Jiang, Nan and Lee, Celine and Chiu, Justin T and Cardie, Claire and Gall{\'e}, Matthias and Rush, Alexander M},
  journal={arXiv preprint arXiv:2412.01769},
  year={2024}
}

@misc{chatgpt,
    title = {ChatGPT},
    year={2022},
    author = {OpenAI},
    howpublished={\url{https://chat.openai.com/}}
}

@misc{o1-preview,
    title = {o1-preview},
    year={2024},
    author = {OpenAI},
    howpublished={\url{https://openai.com/index/introducing-openai-o1-preview/}}
}

@misc{gpt4,
    title = {GPT-4},
    year={2023},
    author = {OpenAI},
    howpublished={\url{https://openai.com/index/gpt-4-research/}}
}

@misc{gpt4o,
    title = {GPT-4o},
    year={2024},
    author = {OpenAI},
    howpublished={\url{https://openai.com/index/hello-gpt-4o/}}
}

@misc{codeqwen1.5,
    title = {Code with CodeQwen1.5},
    url = {https://qwenlm.github.io/blog/codeqwen1.5/},
    author = {Qwen Team},
    month = {April},
    year = {2024}
}

@article{hui2024qwen2,
  title={Qwen2. 5-Coder Technical Report},
  author={Hui, Binyuan and Yang, Jian and Cui, Zeyu and Yang, Jiaxi and Liu, Dayiheng and Zhang, Lei and Liu, Tianyu and Zhang, Jiajun and Yu, Bowen and Dang, Kai and others},
  journal={arXiv preprint arXiv:2409.12186},
  year={2024}
}

@misc{swebench-verified,
    title = {SWE-Bench Verified},
    url = {https://openai.com/index/introducing-swe-bench-verified/},
    author = {OpenAI},
    year = {2024}
}

@misc{swebench-lite,
    title = {SWE-Bench Lite},
    url = {https://www.swebench.com/lite.html/},
    author = {SWE-Bench Team},
    year = {2024}
}

@misc{devin,
    title = {Introducing Devin},
    url = {https://www.cognition.ai/blog/introducing-devin},
    author = {Cognition},
    year = {2024}
}

@article{luo2023wizardcoder,
  title={Wizardcoder: Empowering code large language models with evol-instruct},
  author={Luo, Ziyang and Xu, Can and Zhao, Pu and Sun, Qingfeng and Geng, Xiubo and Hu, Wenxiang and Tao, Chongyang and Ma, Jing and Lin, Qingwei and Jiang, Daxin},
  journal={arXiv preprint arXiv:2306.08568},
  year={2023}
}

@article{team2024gemma,
  title={Gemma 2: Improving open language models at a practical size},
  author={Team, Gemma and Riviere, Morgane and Pathak, Shreya and Sessa, Pier Giuseppe and Hardin, Cassidy and Bhupatiraju, Surya and Hussenot, L{\'e}onard and Mesnard, Thomas and Shahriari, Bobak and Ram{\'e}, Alexandre and others},
  journal={arXiv preprint arXiv:2408.00118},
  year={2024}
}

@misc{CodeQwen1.5-7B-OpenDevin,
  title={CodeQwen1.5-7B-OpenDevin},
  year={2024},
  howpublished={\url{https://huggingface.co/OpenDevin/CodeQwen1.5-7B-OpenDevin}}
}

@article{guo2024deepseek,
  title={DeepSeek-Coder: When the Large Language Model Meets Programming--The Rise of Code Intelligence},
  author={Guo, Daya and Zhu, Qihao and Yang, Dejian and Xie, Zhenda and Dong, Kai and Zhang, Wentao and Chen, Guanting and Bi, Xiao and Wu, Yu and Li, YK and others},
  journal={arXiv preprint arXiv:2401.14196},
  year={2024}
}

@misc{zheng2023judging,
      title={Judging LLM-as-a-judge with MT-Bench and Chatbot Arena},
      author={Lianmin Zheng and Wei-Lin Chiang and Ying Sheng and Siyuan Zhuang and Zhanghao Wu and Yonghao Zhuang and Zi Lin and Zhuohan Li and Dacheng Li and Eric. P Xing and Hao Zhang and Joseph E. Gonzalez and Ion Stoica},
      year={2023},
      eprint={2306.05685},
      archivePrefix={arXiv},
      primaryClass={cs.CL}
}

@article{jiang2024survey,
  title={A Survey on Large Language Models for Code Generation},
  author={Jiang, Juyong and Wang, Fan and Shen, Jiasi and Kim, Sungju and Kim, Sunghun},
  journal={arXiv preprint arXiv:2406.00515},
  year={2024}
}

@misc{Copilot,
  title={GitHub Copilot},
  year={2022},
  howpublished={\url{https://github.com/features/copilot}}
}

@misc{Claude,
  title={Introducing the next generation of Claude},
  year={2024},
  howpublished={\url{https://www.anthropic.com/news/claude-3-family}}
}

@inproceedings{jin2023inferfix,
  title={Inferfix: End-to-end program repair with llms},
  author={Jin, Matthew and Shahriar, Syed and Tufano, Michele and Shi, Xin and Lu, Shuai and Sundaresan, Neel and Svyatkovskiy, Alexey},
  booktitle={Proceedings of the 31st ACM Joint European Software Engineering Conference and Symposium on the Foundations of Software Engineering},
  pages={1646--1656},
  year={2023}
}

@article{liu2024repoqa,
  title={RepoQA: Evaluating Long Context Code Understanding},
  author={Liu, Jiawei and Tian, Jia Le and Daita, Vijay and Wei, Yuxiang and Ding, Yifeng and Wang, Yuhan Katherine and Yang, Jun and Zhang, Lingming},
  journal={arXiv preprint arXiv:2406.06025},
  year={2024}
}


@inproceedings{dao2023flashattention2,
  title={Flash{A}ttention-2: Faster Attention with Better Parallelism and Work Partitioning},
  author={Dao, Tri},
  booktitle={International Conference on Learning Representations (ICLR)},
  year={2024}
}

@inproceedings{kwon2023efficient,
  title={Efficient memory management for large language model serving with pagedattention},
  author={Kwon, Woosuk and Li, Zhuohan and Zhuang, Siyuan and Sheng, Ying and Zheng, Lianmin and Yu, Cody Hao and Gonzalez, Joseph and Zhang, Hao and Stoica, Ion},
  booktitle={Proceedings of the 29th Symposium on Operating Systems Principles},
  pages={611--626},
  year={2023}
}

@article{yang2024swe,
  title={Swe-agent: Agent-computer interfaces enable automated software engineering},
  author={Yang, John and Jimenez, Carlos E and Wettig, Alexander and Lieret, Kilian and Yao, Shunyu and Narasimhan, Karthik and Press, Ofir},
  journal={arXiv preprint arXiv:2405.15793},
  year={2024}
}

@article{chen2024coder,
  title={CodeR: Issue Resolving with Multi-Agent and Task Graphs},
  author={Chen, Dong and Lin, Shaoxin and Zeng, Muhan and Zan, Daoguang and Wang, Jian-Gang and Cheshkov, Anton and Sun, Jun and Yu, Hao and Dong, Guoliang and Aliev, Artem and others},
  journal={arXiv preprint arXiv:2406.01304},
  year={2024}
}

@article{wang2022self,
  title={Self-instruct: Aligning language models with self-generated instructions},
  author={Wang, Yizhong and Kordi, Yeganeh and Mishra, Swaroop and Liu, Alisa and Smith, Noah A and Khashabi, Daniel and Hajishirzi, Hannaneh},
  journal={arXiv preprint arXiv:2212.10560},
  year={2022}
}

@inproceedings{xu2024wizardlm,
  title={WizardLM: Empowering large pre-trained language models to follow complex instructions},
  author={Xu, Can and Sun, Qingfeng and Zheng, Kai and Geng, Xiubo and Zhao, Pu and Feng, Jiazhan and Tao, Chongyang and Lin, Qingwei and Jiang, Daxin},
  booktitle={The Twelfth International Conference on Learning Representations},
  year={2024}
}

@inproceedings{wei2024magicoder,
  title={Magicoder: Empowering code generation with oss-instruct},
  author={Wei, Yuxiang and Wang, Zhe and Liu, Jiawei and Ding, Yifeng and Zhang, Lingming},
  booktitle={Forty-first International Conference on Machine Learning},
  year={2024}
}

@article{wang2024opendevin,
  title={Opendevin: An open platform for ai software developers as generalist agents},
  author={Wang, Xingyao and Li, Boxuan and Song, Yufan and Xu, Frank F and Tang, Xiangru and Zhuge, Mingchen and Pan, Jiayi and Song, Yueqi and Li, Bowen and Singh, Jaskirat and others},
  journal={arXiv preprint arXiv:2407.16741},
  year={2024}
}

@article{roziere2023code,
  title={Code llama: Open foundation models for code},
  author={Roziere, Baptiste and Gehring, Jonas and Gloeckle, Fabian and Sootla, Sten and Gat, Itai and Tan, Xiaoqing Ellen and Adi, Yossi and Liu, Jingyu and Sauvestre, Romain and Remez, Tal and others},
  journal={arXiv preprint arXiv:2308.12950},
  year={2023}
}

@article{peng2024humaneval,
  title={HumanEval-XL: A Multilingual Code Generation Benchmark for Cross-lingual Natural Language Generalization},
  author={Peng, Qiwei and Chai, Yekun and Li, Xuhong},
  journal={arXiv preprint arXiv:2402.16694},
  year={2024}
}

@article{austin2021program,
  title={Program synthesis with large language models},
  author={Austin, Jacob and Odena, Augustus and Nye, Maxwell and Bosma, Maarten and Michalewski, Henryk and Dohan, David and Jiang, Ellen and Cai, Carrie and Terry, Michael and Le, Quoc and others},
  journal={arXiv preprint arXiv:2108.07732},
  year={2021}
}

@article{gao2023retrieval,
  title={Retrieval-augmented generation for large language models: A survey},
  author={Gao, Yunfan and Xiong, Yun and Gao, Xinyu and Jia, Kangxiang and Pan, Jinliu and Bi, Yuxi and Dai, Yi and Sun, Jiawei and Wang, Haofen},
  journal={arXiv preprint arXiv:2312.10997},
  year={2023}
}

@article{bairi2024codeplan,
  title={Codeplan: Repository-level coding using llms and planning},
  author={Bairi, Ramakrishna and Sonwane, Atharv and Kanade, Aditya and Iyer, Arun and Parthasarathy, Suresh and Rajamani, Sriram and Ashok, B and Shet, Shashank},
  journal={Proceedings of the ACM on Software Engineering},
  volume={1},
  number={FSE},
  pages={675--698},
  year={2024},
  publisher={ACM New York, NY, USA}
}

@article{wu2023autogen,
  title={Autogen: Enabling next-gen llm applications via multi-agent conversation framework},
  author={Wu, Qingyun and Bansal, Gagan and Zhang, Jieyu and Wu, Yiran and Zhang, Shaokun and Zhu, Erkang and Li, Beibin and Jiang, Li and Zhang, Xiaoyun and Wang, Chi},
  journal={arXiv preprint arXiv:2308.08155},
  year={2023}
}

@article{wei2022chain,
  title={Chain-of-thought prompting elicits reasoning in large language models},
  author={Wei, Jason and Wang, Xuezhi and Schuurmans, Dale and Bosma, Maarten and Xia, Fei and Chi, Ed and Le, Quoc V and Zhou, Denny and others},
  journal={Advances in neural information processing systems},
  volume={35},
  pages={24824--24837},
  year={2022}
}

@article{touvron2023llama,
  title={Llama: Open and efficient foundation language models},
  author={Touvron, Hugo and Lavril, Thibaut and Izacard, Gautier and Martinet, Xavier and Lachaux, Marie-Anne and Lacroix, Timoth{\'e}e and Rozi{\`e}re, Baptiste and Goyal, Naman and Hambro, Eric and Azhar, Faisal and others},
  journal={arXiv preprint arXiv:2302.13971},
  year={2023}
}

@article{yao2022react,
  title={React: Synergizing reasoning and acting in language models},
  author={Yao, Shunyu and Zhao, Jeffrey and Yu, Dian and Du, Nan and Shafran, Izhak and Narasimhan, Karthik and Cao, Yuan},
  journal={arXiv preprint arXiv:2210.03629},
  year={2022}
}

@article{an2023learning,
  title={Learning from mistakes makes llm better reasoner},
  author={An, Shengnan and Ma, Zexiong and Lin, Zeqi and Zheng, Nanning and Lou, Jian-Guang and Chen, Weizhu},
  journal={arXiv preprint arXiv:2310.20689},
  year={2023}
}

@article{muennighoff2023octopack,
  title={Octopack: Instruction tuning code large language models},
  author={Muennighoff, Niklas and Liu, Qian and Zebaze, Armel and Zheng, Qinkai and Hui, Binyuan and Zhuo, Terry Yue and Singh, Swayam and Tang, Xiangru and Von Werra, Leandro and Longpre, Shayne},
  journal={arXiv preprint arXiv:2308.07124},
  year={2023}
}

@article{chen2021evaluating,
  title={Evaluating large language models trained on code},
  author={Chen, Mark and Tworek, Jerry and Jun, Heewoo and Yuan, Qiming and Pinto, Henrique Ponde De Oliveira and Kaplan, Jared and Edwards, Harri and Burda, Yuri and Joseph, Nicholas and Brockman, Greg and others},
  journal={arXiv preprint arXiv:2107.03374},
  year={2021}
}

@article{hong2023metagpt,
  title={Metagpt: Meta programming for multi-agent collaborative framework},
  author={Hong, Sirui and Zheng, Xiawu and Chen, Jonathan and Cheng, Yuheng and Wang, Jinlin and Zhang, Ceyao and Wang, Zili and Yau, Steven Ka Shing and Lin, Zijuan and Zhou, Liyang and others},
  journal={arXiv preprint arXiv:2308.00352},
  year={2023}
}

@article{ishibashi2024self,
  title={Self-organized agents: A llm multi-agent framework toward ultra large-scale code generation and optimization},
  author={Ishibashi, Yoichi and Nishimura, Yoshimasa},
  journal={arXiv preprint arXiv:2404.02183},
  year={2024}
}

@article{liang2024repofuse,
  title={REPOFUSE: Repository-Level Code Completion with Fused Dual Context},
  author={Liang, Ming and Xie, Xiaoheng and Zhang, Gehao and Zheng, Xunjin and Di, Peng and Chen, Hongwei and Wang, Chengpeng and Fan, Gang and others},
  journal={arXiv preprint arXiv:2402.14323},
  year={2024}
}

@article{liu2023repobench,
  title={Repobench: Benchmarking repository-level code auto-completion systems},
  author={Liu, Tianyang and Xu, Canwen and McAuley, Julian},
  journal={arXiv preprint arXiv:2306.03091},
  year={2023}
}

@article{luo2024repoagent,
  title={Repoagent: An llm-powered open-source framework for repository-level code documentation generation},
  author={Luo, Qinyu and Ye, Yining and Liang, Shihao and Zhang, Zhong and Qin, Yujia and Lu, Yaxi and Wu, Yesai and Cong, Xin and Lin, Yankai and Zhang, Yingli and others},
  journal={arXiv preprint arXiv:2402.16667},
  year={2024}
}

@inproceedings{shrivastava2023repository,
  title={Repository-level prompt generation for large language models of code},
  author={Shrivastava, Disha and Larochelle, Hugo and Tarlow, Daniel},
  booktitle={International Conference on Machine Learning},
  pages={31693--31715},
  year={2023},
  organization={PMLR}
}

@article{lozhkov2024starcoder,
  title={Starcoder 2 and the stack v2: The next generation},
  author={Lozhkov, Anton and Li, Raymond and Allal, Loubna Ben and Cassano, Federico and Lamy-Poirier, Joel and Tazi, Nouamane and Tang, Ao and Pykhtar, Dmytro and Liu, Jiawei and Wei, Yuxiang and others},
  journal={arXiv preprint arXiv:2402.19173},
  year={2024}
}

@inproceedings{ma2024compositional,
  title={Compositional API Recommendation for Library-Oriented Code Generation},
  author={Ma, Zexiong and An, Shengnan and Xie, Bing and Lin, Zeqi},
  booktitle={Proceedings of the 32nd IEEE/ACM International Conference on Program Comprehension},
  pages={87--98},
  year={2024}
}

@article{li2022competition,
  title={Competition-level code generation with alphacode},
  author={Li, Yujia and Choi, David and Chung, Junyoung and Kushman, Nate and Schrittwieser, Julian and Leblond, R{\'e}mi and Eccles, Tom and Keeling, James and Gimeno, Felix and Dal Lago, Agustin and others},
  journal={Science},
  volume={378},
  number={6624},
  pages={1092--1097},
  year={2022},
  publisher={American Association for the Advancement of Science}
}


# framework
@article{xia2024agentless,
  title={Agentless: Demystifying llm-based software engineering agents},
  author={Xia, Chunqiu Steven and Deng, Yinlin and Dunn, Soren and Zhang, Lingming},
  journal={arXiv preprint arXiv:2407.01489},
  year={2024}
}

@article{wang2024openhands,
  title={Openhands: An open platform for ai software developers as generalist agents},
  author={Wang, Xingyao and Li, Boxuan and Song, Yufan and Xu, Frank F and Tang, Xiangru and Zhuge, Mingchen and Pan, Jiayi and Song, Yueqi and Li, Bowen and Singh, Jaskirat and others},
  journal={arXiv preprint arXiv:2407.16741},
  year={2024}
}

@article{xie2025swe,
  title={SWE-Fixer: Training Open-Source LLMs for Effective and Efficient GitHub Issue Resolution},
  author={Xie, Chengxing and Li, Bowen and Gao, Chang and Du, He and Lam, Wai and Zou, Difan and Chen, Kai},
  journal={arXiv preprint arXiv:2501.05040},
  year={2025}
}

@article{ma2024lingma,
  title={Lingma swe-gpt: An open development-process-centric language model for automated software improvement},
  author={Ma, Yingwei and Cao, Rongyu and Cao, Yongchang and Zhang, Yue and Chen, Jue and Liu, Yibo and Liu, Yuchen and Li, Binhua and Huang, Fei and Li, Yongbin},
  journal={arXiv preprint arXiv:2411.00622},
  year={2024}
}

@article{wang2024executable,
  title={Executable code actions elicit better llm agents},
  author={Wang, Xingyao and Chen, Yangyi and Yuan, Lifan and Zhang, Yizhe and Li, Yunzhu and Peng, Hao and Ji, Heng},
  journal={arXiv preprint arXiv:2402.01030},
  year={2024}
}

@article{pan2024training,
  title={Training Software Engineering Agents and Verifiers with SWE-Gym},
  author={Pan, Jiayi and Wang, Xingyao and Neubig, Graham and Jaitly, Navdeep and Ji, Heng and Suhr, Alane and Zhang, Yizhe},
  journal={arXiv preprint arXiv:2412.21139},
  year={2024}
}

@article{ma2024repository,
  title={Repository Structure-Aware Training Makes SLMs Better Issue Resolver},
  author={Ma, Zexiong and An, Shengnan and Lin, Zeqi and Zou, Yanzhen and Xie, Bing},
  journal={arXiv preprint arXiv:2412.19031},
  year={2024}
}

# reinforcement learning
@article{shao2024deepseekmath,
  title={Deepseekmath: Pushing the limits of mathematical reasoning in open language models},
  author={Shao, Zhihong and Wang, Peiyi and Zhu, Qihao and Xu, Runxin and Song, Junxiao and Bi, Xiao and Zhang, Haowei and Zhang, Mingchuan and Li, YK and Wu, Y and others},
  journal={arXiv preprint arXiv:2402.03300},
  year={2024}
}

@article{schulman2017proximal,
  title={Proximal policy optimization algorithms},
  author={Schulman, John and Wolski, Filip and Dhariwal, Prafulla and Radford, Alec and Klimov, Oleg},
  journal={arXiv preprint arXiv:1707.06347},
  year={2017},
  url={https://arxiv.org/abs/1707.06347}
}

@inproceedings{rafailov2023direct,
  title={Direct preference optimization: Your language model is secretly a reward model},
  author={Rafailov, Rafael and Sharma, Archit and Mitchell, Eric and Ermon, Stefano and Manning, Christopher D and Finn, Chelsea},
  url={https://arxiv.org/abs/2305.18290},
  booktitle={Proceedings of NeurIPS},
  year={2023}
}

@article{ethayarajh2024kto,
  title={Kto: Model alignment as prospect theoretic optimization},
  author={Ethayarajh, Kawin and Xu, Winnie and Muennighoff, Niklas and Jurafsky, Dan and Kiela, Douwe},
  journal={arXiv preprint arXiv:2402.01306},
  year={2024}
}

@techreport{ethayarajh2023halos,
  author = {Ethayarajh, Kawin and Xu, Winnie and Jurafsky, Dan and Kiela, Douwe},
  title = {Human-Centered Loss Functions (HALOs)},
  institution = {Contextual AI},
  url = {https://github.com/ContextualAI/HALOs},
  year = {2023}
}

@article{luong2024reft,
  title={Reft: Reasoning with reinforced fine-tuning},
  author={Luong, Trung Quoc and Zhang, Xinbo and Jie, Zhanming and Sun, Peng and Jin, Xiaoran and Li, Hang},
  journal={arXiv preprint arXiv:2401.08967},
  year={2024}
}

@article{li2024can,
  title={Can llm already serve as a database interface? a big bench for large-scale database grounded text-to-sqls},
  author={Li, Jinyang and Hui, Binyuan and Qu, Ge and Yang, Jiaxi and Li, Binhua and Li, Bowen and Wang, Bailin and Qin, Bowen and Geng, Ruiying and Huo, Nan and others},
  journal={Advances in Neural Information Processing Systems},
  volume={36},
  year={2024}
}

@inproceedings{moritz2018ray,
  title={Ray: A distributed framework for emerging $\{$AI$\}$ applications},
  author={Moritz, Philipp and Nishihara, Robert and Wang, Stephanie and Tumanov, Alexey and Liaw, Richard and Liang, Eric and Elibol, Melih and Yang, Zongheng and Paul, William and Jordan, Michael I and others},
  booktitle={13th USENIX symposium on operating systems design and implementation (OSDI 18)},
  pages={561--577},
  year={2018}
}

@inproceedings{rasley2020deepspeed,
  title={Deepspeed: System optimizations enable training deep learning models with over 100 billion parameters},
  author={Rasley, Jeff and Rajbhandari, Samyam and Ruwase, Olatunji and He, Yuxiong},
  booktitle={Proceedings of the 26th ACM SIGKDD International Conference on Knowledge Discovery \& Data Mining},
  pages={3505--3506},
  year={2020}
}

@article{hu2024openrlhf,
  title={OpenRLHF: An Easy-to-use, Scalable and High-performance RLHF Framework},
  author={Jian Hu and Xibin Wu and Zilin Zhu and Xianyu and Weixun Wang and Dehao Zhang and Yu Cao},
  journal={arXiv preprint arXiv:2405.11143},
  year={2024}
}


% rule-based reward begin============================
@article{guo2025deepseek,
  title={Deepseek-r1: Incentivizing reasoning capability in llms via reinforcement learning},
  author={Guo, Daya and Yang, Dejian and Zhang, Haowei and Song, Junxiao and Zhang, Ruoyu and Xu, Runxin and Zhu, Qihao and Ma, Shirong and Wang, Peiyi and Bi, Xiao and others},
  journal={arXiv preprint arXiv:2501.12948},
  year={2025}
}

@misc{zeng2025simplerl,
  title={7B Model and 8K Examples: Emerging Reasoning with Reinforcement Learning is Both Effective and Efficient},
  author={Weihao Zeng and Yuzhen Huang and Wei Liu and Keqing He and Qian Liu and Zejun Ma and Junxian He},
  year={2025},
  howpublished={\url{https://hkust-nlp.notion.site/simplerl-reason}},
  note={Notion Blog},
  year={2025}
}

@misc{logic-rl,
author       = {Tian Xie and Qingnan Ren and Yuqian Hong and Zitian Gao},
title        = {Logic-RL},
howpublished = {https://github.com/Unakar/Logic-RL},
note         = {Accessed: 2025-02-03},
year         = {2025}
}

@article{mu2024rule,
  title={Rule based rewards for language model safety},
  author={Mu, Tong and Helyar, Alec and Heidecke, Johannes and Achiam, Joshua and Vallone, Andrea and Kivlichan, Ian and Lin, Molly and Beutel, Alex and Schulman, John and Weng, Lilian},
  journal={arXiv preprint arXiv:2411.01111},
  year={2024}
}

@misc{tinyzero,
author       = {Jiayi Pan and Junjie Zhang and Xingyao Wang and Lifan Yuan and Hao Peng and Alane Suhr},
title        = {TinyZero},
howpublished = {https://github.com/Jiayi-Pan/TinyZero},
note         = {Accessed: 2025-01-24},
year         = {2025}
}

@article{team2025kimi,
  title={Kimi k1. 5: Scaling Reinforcement Learning with LLMs},
  author={Team, Kimi and Du, Angang and Gao, Bofei and Xing, Bowei and Jiang, Changjiu and Chen, Cheng and Li, Cheng and Xiao, Chenjun and Du, Chenzhuang and Liao, Chonghua and others},
  journal={arXiv preprint arXiv:2501.12599},
  year={2025}
}

% rule-based reward end============================

@article{jain2024livecodebench,
  title={Livecodebench: Holistic and contamination free evaluation of large language models for code},
  author={Jain, Naman and Han, King and Gu, Alex and Li, Wen-Ding and Yan, Fanjia and Zhang, Tianjun and Wang, Sida and Solar-Lezama, Armando and Sen, Koushik and Stoica, Ion},
  journal={arXiv preprint arXiv:2403.07974},
  year={2024}
}