@article{arana2021citizen,
  title={Citizen participation and machine learning for a better democracy},
  author={Arana-Catania, M. and Lier, F. A. V. and Procter, R. and Tkachenko, N. and He, Y. and Zubiaga, A. and Liakata, M.},
  journal={Digital Government: Research and Practice},
  volume={2},
  number={3},
  pages={1--22},
  year={2021}
}

@article{araujo2020ai,
  title={In AI we trust? Perceptions about automated decision-making by artificial intelligence},
  author={Araujo, Theo and Helberger, Natali and Kruikemeier, Sanne and De Vreese, Claes H},
  journal={AI \& society},
  volume={35},
  number={3},
  pages={611--623},
  year={2020},
  publisher={Springer}
}

@inproceedings{barabas2020studying,
  title={Studying up: reorienting the study of algorithmic fairness around issues of power},
  author={Barabas, C. and Doyle, C. and Rubinovitz, J. B. and Dinakar, K.},
  booktitle={Proceedings of the 2020 Conference on Fairness, Accountability, and Transparency},
  pages={167--176},
  year={2020}
}

@book{berditchevskaia2021participatory,
  title={Participatory AI for humanitarian innovation},
  author={Berditchevskaia, A. and Malliaraki, E. and Peach, K.},
  year={2021},
  publisher={Nesta},
  address={London}
}

@inproceedings{birhane2022power,
  title={Power to the people? Opportunities and challenges for participatory AI},
  author={Birhane, Abeba and Isaac, William and Prabhakaran, Vinodkumar and Diaz, Mark and Elish, Madeleine Clare and Gabriel, Iason and Mohamed, Shakir},
  booktitle={Proceedings of the 2nd ACM Conference on Equity and Access in Algorithms, Mechanisms, and Optimization},
  pages={1--8},
  year={2022}
}

@inproceedings{cachel2024prefair,
  title={PreFAIR: Combining Partial Preferences for Fair Consensus Decision-making},
  author={Cachel, Kathleen and Rundensteiner, Elke},
  booktitle={The 2024 ACM Conference on Fairness, Accountability, and Transparency},
  pages={1133--1149},
  year={2024}
}

@inproceedings{chan2024group,
  title={Group Fairness via Group Consensus},
  author={Chan, Eunice and Liu, Zhining and Qiu, Ruizhong and Zhang, Yuheng and Maciejewski, Ross and Tong, Hanghang},
  booktitle={The 2024 ACM Conference on Fairness, Accountability, and Transparency},
  pages={1788--1808},
  year={2024}
}

@article{chiusi2020automating,
  title={Automating society report 2020},
  author={Chiusi, Fabio and Alfter, Brigitte and Ruckenstein, Minna and Lehtiniemi, Tuukka},
  year={2020},
  publisher={AlgorithmWatch \& Bertelsmann Stiftung}
}

@inproceedings{delgado2023participatory,
  title={The participatory turn in ai design: Theoretical foundations and the current state of practice},
  author={Delgado, Fernando and Yang, Stephen and Madaio, Michael and Yang, Qian},
  booktitle={Proceedings of the 3rd ACM Conference on Equity and Access in Algorithms, Mechanisms, and Optimization},
  pages={1--23},
  year={2023}
}

@inproceedings{dodge2019explaining,
  title={Explaining models: an empirical study of how explanations impact fairness judgment},
  author={Dodge, Jonathan and Liao, Q Vera and Zhang, Yunfeng and Bellamy, Rachel KE and Dugan, Casey},
  booktitle={Proceedings of the 24th international conference on intelligent user interfaces},
  pages={275--285},
  year={2019}
}

@article{donia2021co,
  title={Co-design and ethical artificial intelligence for health: An agenda for critical research and practice},
  author={Donia, J. and Shaw, J. A.},
  journal={Big Data \& Society},
  volume={8},
  number={2},
  pages={20539517211065248},
  year={2021},
  publisher={SAGE Publications}
}

@article{gerdes2022participatory,
  title={A participatory data-centric approach to AI Ethics by Design},
  author={Gerdes, A.},
  journal={Applied Artificial Intelligence},
  volume={36},
  number={1},
  pages={2009222},
  year={2022}
}

@inproceedings{goel2021importance,
  title={The importance of modeling data missingness in algorithmic fairness: A causal perspective},
  author={Goel, N. and Amayuelas, A. and Deshpande, A. and Sharma, A.},
  booktitle={Proceedings of the AAAI Conference on Artificial Intelligence},
  volume={35},
  number={9},
  pages={7564--7573},
  year={2021}
}

@article{hossain2021fair,
  title={Fair algorithms for multi-agent multi-armed bandits},
  author={Hossain, Safwan and Micha, Evi and Shah, Nisarg},
  journal={Advances in Neural Information Processing Systems},
  volume={34},
  pages={24005--24017},
  year={2021}
}

@article{hossain2021towards,
  title={Towards a New Participatory Approach for Designing Artificial Intelligence and Data-Driven Technologies},
  author={Hossain, S. and Ahmed, S. I.},
  journal={arXiv preprint arXiv:2104.04072},
  year={2021}
}

@article{jain2020biased,
  title={Biased models have biased explanations},
  author={Jain, Aditya and Ravula, Manish and Ghosh, Joydeep},
  journal={arXiv preprint arXiv:2012.10986},
  year={2020}
}

@inproceedings{jeong2022fairness,
  title={Fairness without imputation: A decision tree approach for fair prediction with missing values},
  author={Jeong, H. and Wang, H. and Calmon, F. P.},
  booktitle={Proceedings of the AAAI Conference on Artificial Intelligence},
  volume={36},
  number={9},
  pages={9558--9566},
  year={2022}
}

@article{lee2019webuildai,
  title={WeBuildAI: Participatory framework for algorithmic governance},
  author={Lee, M. K. and Kusbit, D. and Kahng, A. and Kim, J. T. and Yuan, X. and Chan, A. and Procaccia, A. D.},
  journal={Proceedings of the ACM on Human-Computer Interaction},
  volume={3},
  number={CSCW},
  pages={1--35},
  year={2019}
}

@article{mehrabi2021survey,
  title={A survey on bias and fairness in machine learning},
  author={Mehrabi, Ninareh and Morstatter, Fred and Saxena, Nripsuta and Lerman, Kristina and Galstyan, Aram},
  journal={ACM computing surveys (CSUR)},
  volume={54},
  number={6},
  pages={1--35},
  year={2021},
  publisher={ACM New York, NY, USA}
}

@article{nakao2022toward,
  title={Toward involving end-users in interactive human-in-the-loop AI fairness},
  author={Nakao, Yuri and Stumpf, Simone and Ahmed, Subeida and Naseer, Aisha and Strappelli, Lorenzo},
  journal={ACM Transactions on Interactive Intelligent Systems (TiiS)},
  volume={12},
  number={3},
  pages={1--30},
  year={2022},
  publisher={ACM New York, NY}
}

@article{pessach2022review,
  title={A review on fairness in machine learning},
  author={Pessach, Dana and Shmueli, Erez},
  journal={ACM Computing Surveys (CSUR)},
  volume={55},
  number={3},
  pages={1--44},
  year={2022},
  publisher={ACM New York, NY}
}

@article{quan2019artificial,
  title={Artificial intelligence-aided design: Smart design for sustainable city development},
  author={Quan, S. J. and Park, J. and Economou, A. and Lee, S.},
  journal={Environment and Planning B: Urban Analytics and City Science},
  volume={46},
  number={8},
  pages={1581--1599},
  year={2019}
}

@article{ramachandranpillai2023fairxai,
  title={FairXAI-A Taxonomy and Framework for Fairness and Explainability Synergy in Machine Learning},
  author={Ramachandranpillai, Resmi and Baeza-Yates, Ricardo and Heintz, Fredrik},
  journal={Authorea Preprints},
  year={2023},
  publisher={Authorea}
}

@article{schoeffer2022relationship,
  title={On the relationship between explanations, fairness perceptions, and decisions},
  author={Schoeffer, Jakob and De-Arteaga, Maria and Kuehl, Niklas},
  journal={arXiv preprint arXiv:2204.13156},
  year={2022}
}

@inproceedings{selbst2019fairness,
  title={Fairness and abstraction in sociotechnical systems},
  author={Selbst, Andrew D and Boyd, Danah and Friedler, Sorelle A and Venkatasubramanian, Suresh and Vertesi, Janet},
  booktitle={Proceedings of the conference on fairness, accountability, and transparency},
  pages={59--68},
  year={2019}
}

@inproceedings{sloane2022participation,
  title={Participation is not a design fix for machine learning},
  author={Sloane, M. and Moss, E. and Awomolo, O. and Forlano, L.},
  booktitle={Equity and Access in Algorithms, Mechanisms, and Optimization},
  pages={1--6},
  year={2022}
}

@inproceedings{wen2021algorithms,
  title={Algorithms for fairness in sequential decision making},
  author={Wen, Min and Bastani, Osbert and Topcu, Ufuk},
  booktitle={International Conference on Artificial Intelligence and Statistics},
  pages={1144--1152},
  year={2021},
  organization={PMLR}, 
keywords={Ethical AI, Fairness, ADM, finance}
}

@article{zhang2023deliberating,
  title={Deliberating with AI: improving decision-making for the future through participatory AI design and stakeholder deliberation},
  author={Zhang, Angie and Walker, Olympia and Nguyen, Kaci and Dai, Jiajun and Chen, Anqing and Lee, Min Kyung},
  journal={Proceedings of the ACM on Human-Computer Interaction},
  volume={7},
  number={CSCW1},
  pages={1--32},
  year={2023},
  publisher={ACM New York, NY, USA}
}}

@inproceedings{zimmer2021learning,
  title={Learning fair policies in decentralized cooperative multi-agent reinforcement learning},
  author={Zimmer, Matthieu and Glanois, Claire and Siddique, Umer and Weng, Paul},
  booktitle={International Conference on Machine Learning},
  pages={12967--12978},
  year={2021},
  organization={PMLR}
}

