
%
@inproceedings{pjr,
  title={Proportional justified representation},
  author={S{\'a}nchez-Fern{\'a}ndez, Luis and Elkind, Edith and Lackner, Martin and Fern{\'a}ndez, Norberto and Fisteus, Jes{\'u}s and Val, Pablo Basanta and Skowron, Piotr},
  booktitle={AAAI'17},
  pages = {670--676},
  year={2017}
}

@inproceedings{ejr,
  title={On the complexity of extended and proportional justified representation},
  author={Aziz, Haris and Elkind, Edith and Huang, Shenwei and Lackner, Martin and S{\'a}nchez-Fern{\'a}ndez, Luis and Skowron, Piotr},
  booktitle={AAAI'18},
  year={2018}
}

@article{halpern2022representation,
  title={Representation with Incomplete Votes},
  author={Halpern, Daniel and Kehne, Gregory and Procaccia, Ariel D and Tucker-Foltz, Jamie and W{\"u}thrich, Manuel},
  journal={arXiv preprint arXiv:2211.15608},
  year={2022}
}

@article{janson2016phragmen,
  title={Phragm{\'e}n’s and {T}hiele’s election methods},
  author={Janson, Svante},
  year={2016},
  journal={arXiv preprint arXiv:1611.08826}
}

@inproceedings{MES2,
  title={Proportional participatory budgeting with additive utilities},
  author={Peters, Dominik and Pierczy{\'n}ski, Grzegorz and Skowron, Piotr},
  booktitle={NeurIPS'21},
  pages={12726--12737},
  year={2021}
}

@inproceedings{cevallos2021verifiably,
  title={A verifiably secure and proportional committee election rule},
  author={Cevallos, Alfonso and Stewart, Alistair},
  booktitle={AFT'21},
  pages={29--42},
  year={2021}
}



@incollection{lackner2023approval,
  title={Approval-based committee voting},
  author={Lackner, Martin and Skowron, Piotr},
  booktitle={Multi-Winner Voting with Approval Preferences},
  pages={1--7},
  year={2023},
  publisher={Springer}
}

@inproceedings{skowron2021proportionality,
  title={Proportionality degree of multiwinner rules},
  author={Skowron, Piotr},
  booktitle={ACM EC'21},
  pages={820--840},
  year={2021}
}

@inproceedings{brill-phrag,
  author    = {Markus Brill and
               Rupert Freeman and
               Svante Janson and
               Martin Lackner},
  title     = {Phragm{\'{e}}n's Voting Methods and Justified Representation},
  booktitle = {AAAI'17},
  pages     = {406--413},
  year      = {2017},
}

@inproceedings{MES,
  author    = {Dominik Peters and
               Piotr Skowron},
  title     = {Proportionality and the Limits of Welfarism},
  booktitle = {ACM EC'20},
  pages     = {793--794},
  year      = {2020},
}

@inproceedings{peters2021market,
  title={Market-based explanations of collective decisions},
  author={Peters, Dominik and Pierczy{\'n}ski, Grzegorz and Shah, Nisarg and Skowron, Piotr},
  booktitle={AAAI'21},
  pages={5656--5663},
  year={2021}
}

@article{phragmen:p1,
  author        = {Edvard Phragm{\'e}n},
  title         = {Sur une m{\'e}thode nouvelle pour r{\'e}aliser, dans les {\'e}lections, la repr{\'e}sentation proportionelle des partis},
  journal     = {{\"O}fversigt af Kongliga Vetenskaps-Akademiens F{\"o}rhandlingar},
  year          = {1894},
  volume= 51,
  number= 3,
  pages = {133--137},
  address= {Stockholm}
}

@InCollection{phragmen:p2,
  author        = {Edvard Phragm{\'e}n},
  title         = {Proportionella val. En valteknisk studie},
  booktitle     = {Svenska sp\"orsm{\aa}l 25},
  publisher = {Lars H\"okersbergs f{\"o}rlag},
  year          = {1895},
  address= {Stockholm}
}

@article{phragmen:p3,
  author        = {Edvard Phragm{\'e}n},
  title         = {Sur la th\'eorie des {\'e}lections multiples},
  journal     = {{\"O}fversigt af Kongliga Vetenskaps-Akademiens F{\"o}rhandlingar},
  year          = {1896},
  volume= 53,
  pages = {181--191},
  address= {Stockholm}
}

@article{phragmen:p4,
  author        = {Edvard Phragm{\'e}n},
  title         = {Till fr{\aa}gan om en proportionell valmetod},
  journal     = {Statsvetenskaplig Tidskrift},
  year          = {1899},
  volume= 2,
  number= 2,
  pages = {297--305}
}

@inproceedings{mms,
  author    = {Luis S{\'{a}}nchez Fern{\'{a}}ndez and
               Norberto Fern{\'{a}}ndez Garc{\'{\i}}a and
               Jes{\'{u}}s A. Fisteus and
               Markus Brill},
  title     = {The Maximin Support Method: An Extension of the D'Hondt Method to
               Approval-Based Multiwinner Elections},
  booktitle = {AAAI'21},
  pages     = {5690--5697},
  year      = {2021},
}



@inproceedings{PAV-hard,
  author    = {Haris Aziz and
               Serge Gaspers and
               Joachim Gudmundsson and
               Simon Mackenzie and
               Nicholas Mattei and
               Toby Walsh},
  title     = {Computational Aspects of Multi-Winner Approval Voting},
  booktitle = {AAMAS'15},
  pages     = {107--115},
  year      = {2015},
}



@misc{mesweb,
  author = {Dominik Peters and Piotr Skowron},
  title = {{Completion of the Method of Equal Shares

}},
  howpublished = "\url{https://equalshares.net}",
  year = {2023}, 
  note = "[Online; accessed 14-May-2023]"
}

@inproceedings{brill2023robust,
  title={Robust and Verifiable Proportionality Axioms for Multiwinner Voting},
  author={Brill, Markus and Peters, Jannik},
   booktitle = {ACM EC'23},
  pages     = {000--000},
  year      = {2023},
}

@article{cabannes2004participatory,
  title={Participatory budgeting: a significant contribution to participatory democracy},
  author={Cabannes, Yves},
  journal={Environment and urbanization},
  volume={16},
  number={1},
  pages={27--46},
  year={2004},
  publisher={Sage Publications Sage CA: Thousand Oaks, CA}
}

@book{wampler2021participatory,
  title={Participatory budgeting in global perspective},
  author={Wampler, Brian and McNulty, Stephanie and Touchton, Michael},
  year={2021},
  publisher={Oxford University Press}
}

@article{aziz2021participatory,
  title={Participatory budgeting: Models and approaches},
  author={Aziz, Haris and Shah, Nisarg},
  journal={Pathways Between Social Science and Computational Social Science: Theories, Methods, and Interpretations},
  pages={215--236},
  year={2021},
  publisher={Springer}
}

@article{sims2019blockchain,
  title={Blockchain and decentralised autonomous organisations (DAOs): the evolution of companies?},
  author={Sims, Alexandra},
  year={2019}
}

@article{beck2018governance,
  title={Governance in the blockchain economy: A framework and research agenda},
  author={Beck, Roman and M{\"u}ller-Bloch, Christoph and King, John Leslie},
  journal={Journal of the Association for Information Systems},
  volume={19},
  number={10},
  pages={1},
  year={2018}
}

@article{liebman2017expiring,
  title={Do expiring budgets lead to wasteful year-end spending? Evidence from federal procurement},
  author={Liebman, Jeffrey B and Mahoney, Neale},
  journal={American Economic Review},
  volume={107},
  number={11},
  pages={3510--3549},
  year={2017},
  publisher={American Economic Association 2014 Broadway, Suite 305, Nashville, TN 37203}
}

@misc{dposgov,
  author = {Aarin Hagerty},
  title = {History of {DPOS} Governance},
  howpublished = "\url{https://gist.github.com/cc32d9/db582e349fc8e44aca9e339f23d7f7e8}",
  year = {2020}, 
  note = "[Online; accessed 14-May-2023]"
}




@misc{eoscentr,
  author = {Priyeshu Garg},
  title = {{EOS voting structure encourages centralization
}},
  howpublished = "\url{https://cryptoslate.com/eos-voting-structure-encourages-centralization/}",
  year = {2019}, 
  note = "[Online; accessed 14-May-2023]"
}

@misc{pbvoting, author = {Dominik Peters},
  title = {{List of participatory budgeting votes}},
  howpublished = "\url{https://en.wikipedia.org/w/index.php?title=List_of_participatory_budgeting_votes&oldid=1126104283}",
  year = {2022}, 
  note = "[Online; accessed 14-August-2024]"
}
@article{stolicki2020pabulib,
  title={Pabulib: A participatory budgeting library},
  author={Stolicki, Dariusz and Szufa, Stanis{\l}aw and Talmon, Nimrod},
  journal={arXiv preprint arXiv:2012.06539},
  year={2020}
}
@book{LS23,
title={Approval-based committee voting},
author={Lackner, Martin and Skowron, Piotr},
booktitle={Multi-Winner Voting with Approval Preferences},
year={2023},
publisher={Springer}
}

@article{benade2021preference,
  title={Preference elicitation for participatory budgeting},
  author={Benade, Gerdus and Nath, Swaprava and Procaccia, Ariel D and Shah, Nisarg},
  journal={Management Science},
  volume={67},
  number={5},
  pages={2813--2827},
  year={2021},
  publisher={INFORMS}
}


@book{brandt2016handbook,
  title={Handbook of computational social choice},
  author={Brandt, Felix and Conitzer, Vincent and Endriss, Ulle and Lang, J{\'e}r{\^o}me and Procaccia, Ariel D},
  year={2016},
  publisher={Cambridge University Press}
}

@article{burdges2020overview,
  title={Overview of polkadot and its design considerations},
  author={Burdges, Jeff and Cevallos, Alfonso and Czaban, Peter and Habermeier, Rob and Hosseini, Syed and Lama, Fabio and Alper, Handan Kilinc and Luo, Ximin and Shirazi, Fatemeh and Stewart, Alistair and others},
  journal={arXiv preprint arXiv:2005.13456},
  year={2020}
}

@inproceedings{brunjes2020reward,
  title={Reward sharing schemes for stake pools},
  author={Br{\"u}njes, Lars and Kiayias, Aggelos and Koutsoupias, Elias and Stouka, Aikaterini-Panagiota},
  booktitle={EuroS\& P'20},
  pages={256--275},
  year={2020},
}

@article{grigg2017eos,
  title={{EOS}---an introduction},
  author={Grigg, Ian},
  journal={White paper. https://whitepaperdatabase.com/eos-whitepaper},
  year={2017}
}


@article{brill2023proportionality,
  title={Proportionality in Approval-Based Participatory Budgeting},
  author={Brill, Markus and Forster, Stefan and Lackner, Martin and Maly, Jan and Peters, Jannik},
  journal={arXiv preprint arXiv:2302.03672},
  year={2023}
}

@inproceedings{kraiczy2023properties,
  title={A Lower Bound for Local Search Proportional Approval Voting},
  author={Kraiczy, Sonja and Elkind, Edith},
  booktitle={ESA'24},
  pages = {82:1--82:14}, 
  year={2024}
}
@article{masavrik2023group,
  title={Group Fairness in Social Choice},
  author={Masa{\v{r}}{\'\i}k, Tom{\'a}{\v{s}} and Pierczy{\'n}ski, Grzegorz and Skowron, Piotr},
  journal={arXiv preprint arXiv:2307.06077},
  year={2023}
}

@incollection{jain2007cost,
  title={Cost sharing},
  author={Jain, Kamal and Mahdian, Mohammad},
  booktitle={Algorithmic game theory},
  chapter={15},
  pages={385--410},
  year={2007},
  publisher={Cambridge University Press}
}

@inproceedings{chen2019proportionally,
  title={Proportionally fair clustering},
  author={Chen, Xingyu and Fain, Brandon and Lyu, Liang and Munagala, Kamesh},
  booktitle={International Conference on Machine Learning},
  pages={1032--1041},
  year={2019},
  organization={PMLR}
}

@inproceedings{mavrov2023fair,
  title={Fair Multiwinner Elections with Allocation Constraints},
  author={Mavrov, Ivan-Aleksandar and Munagala, Kamesh and Shen, Yiheng},
  booktitle={Proceedings of the 24th ACM Conference on Economics and Computation},
  pages={964--990},
  year={2023}
}

@inproceedings{kraiczy2023adaptive,
  title={An adaptive and verifiably proportional method for participatory budgeting},
  author={Kraiczy, Sonja and Elkind, Edith},
  booktitle={WINE'23},
  pages={438--455},
  year={2023},
  organization={Springer}
}

@article{aziz2017justified,
  title={Justified representation in approval-based committee voting},
  author={Aziz, Haris and Brill, Markus and Conitzer, Vincent and Elkind, Edith and Freeman, Rupert and Walsh, Toby},
  journal={Social Choice and Welfare},
  volume={48},
  number={2},
  pages={461--485},
  year={2017},
  publisher={Springer}
}


@article{thiele,
  title={Om flerfoldsvalg},
  author={Thiele, Thorvald Nicolai},
  journal={Oversigt over det Kongelige Danske Videnskabernes Selskabs
Forhandlinger},
  number={2},
  pages={415–441},
  year={1895}
}

@inproceedings{brill2023proportionality,
  title={Proportionality in approval-based participatory budgeting},
  author={Brill, Markus and Forster, Stefan and Lackner, Martin and Maly, Jan and Peters, Jannik},
  booktitle={Proceedings of the AAAI Conference on Artificial Intelligence},
  volume={37},
  number={5},
  pages={5524--5531},
  year={2023}
}

@article{yang2024designing,
  title={Designing Digital Voting Systems for Citizens: Achieving Fairness and Legitimacy in Participatory Budgeting},
  author={Yang, Joshua C and Hausladen, Carina I and Peters, Dominik and Pournaras, Evangelos and H{\"a}nggli Fricker, Regula and Helbing, Dirk},
  journal={Digital Government: Research and Practice},
  year={2024},
  publisher={ACM New York, NY}
}

@article{de2022international,
  title={International trends in participatory budgeting},
  author={De Vries, Michiel S and Nemec, Juraj and {\v{S}}pa{\v{c}}ek, David},
  journal={Cham: Palgrave Macmillan},
  year={2022},
  publisher={Springer}
}

@misc{faliszewski2023participatorybudgetingdatatools,
      title={Participatory Budgeting: Data, Tools, and Analysis}, 
      author={Piotr Faliszewski and Jarosław Flis and Dominik Peters and Grzegorz Pierczyński and Piotr Skowron and Dariusz Stolicki and Stanisław Szufa and Nimrod Talmon},
      year={2023},
      eprint={2305.11035},
      archivePrefix={arXiv},
      primaryClass={cs.GT},
      url={https://arxiv.org/abs/2305.11035}, 
}

@article{wang2019decentralized,
  title={Decentralized autonomous organizations: Concept, model, and applications},
  author={Wang, Shuai and Ding, Wenwen and Li, Juanjuan and Yuan, Yong and Ouyang, Liwei and Wang, Fei-Yue},
  journal={IEEE Transactions on Computational Social Systems},
  volume={6},
  number={5},
  pages={870--878},
  year={2019},
  publisher={IEEE}
}

@incollection{chohan2017decentralized,
  title={The decentralized autonomous organization and governance issues},
  author={Chohan, Usman W},
  booktitle={Decentralized Autonomous Organizations},
  pages={139--149},
  year={2017},
  publisher={Routledge}
}