@inproceedings{MES,
  author    = {Dominik Peters and
               Piotr Skowron},
  title     = {Proportionality and the Limits of Welfarism},
  booktitle = {ACM EC'20},
  pages     = {793--794},
  year      = {2020},
}

@inproceedings{MES2,
  title={Proportional participatory budgeting with additive utilities},
  author={Peters, Dominik and Pierczy{\'n}ski, Grzegorz and Skowron, Piotr},
  booktitle={NeurIPS'21},
  pages={12726--12737},
  year={2021}
}

@article{aziz2017justified,
  title={Justified representation in approval-based committee voting},
  author={Aziz, Haris and Brill, Markus and Conitzer, Vincent and Elkind, Edith and Freeman, Rupert and Walsh, Toby},
  journal={Social Choice and Welfare},
  volume={48},
  number={2},
  pages={461--485},
  year={2017},
  publisher={Springer}
}

@inproceedings{ejr,
  title={On the complexity of extended and proportional justified representation},
  author={Aziz, Haris and Elkind, Edith and Huang, Shenwei and Lackner, Martin and S{\'a}nchez-Fern{\'a}ndez, Luis and Skowron, Piotr},
  booktitle={AAAI'18},
  year={2018}
}

@article{janson2016phragmen,
  title={Phragm{\'e}n’s and {T}hiele’s election methods},
  author={Janson, Svante},
  year={2016},
  journal={arXiv preprint arXiv:1611.08826}
}

@inproceedings{kraiczy2023adaptive,
  title={An adaptive and verifiably proportional method for participatory budgeting},
  author={Kraiczy, Sonja and Elkind, Edith},
  booktitle={WINE'23},
  pages={438--455},
  year={2023},
  organization={Springer}
}

@inproceedings{kraiczy2023properties,
  title={A Lower Bound for Local Search Proportional Approval Voting},
  author={Kraiczy, Sonja and Elkind, Edith},
  booktitle={ESA'24},
  pages = {82:1--82:14}, 
  year={2024}
}

@incollection{lackner2023approval,
  title={Approval-based committee voting},
  author={Lackner, Martin and Skowron, Piotr},
  booktitle={Multi-Winner Voting with Approval Preferences},
  pages={1--7},
  year={2023},
  publisher={Springer}
}

@inproceedings{peters2021market,
  title={Market-based explanations of collective decisions},
  author={Peters, Dominik and Pierczy{\'n}ski, Grzegorz and Shah, Nisarg and Skowron, Piotr},
  booktitle={AAAI'21},
  pages={5656--5663},
  year={2021}
}

@article{phragmen:p1,
  author        = {Edvard Phragm{\'e}n},
  title         = {Sur une m{\'e}thode nouvelle pour r{\'e}aliser, dans les {\'e}lections, la repr{\'e}sentation proportionelle des partis},
  journal     = {{\"O}fversigt af Kongliga Vetenskaps-Akademiens F{\"o}rhandlingar},
  year          = {1894},
  volume= 51,
  number= 3,
  pages = {133--137},
  address= {Stockholm}
}

@inproceedings{skowron2021proportionality,
  title={Proportionality degree of multiwinner rules},
  author={Skowron, Piotr},
  booktitle={ACM EC'21},
  pages={820--840},
  year={2021}
}

@article{thiele,
  title={Om flerfoldsvalg},
  author={Thiele, Thorvald Nicolai},
  journal={Oversigt over det Kongelige Danske Videnskabernes Selskabs
Forhandlinger},
  number={2},
  pages={415–441},
  year={1895}
}

