@inproceedings{ASCC,
title={Towards Robustness Against Natural Language Word Substitutions},
author={Xinshuai Dong and Anh Tuan Luu and Rongrong Ji and Hong Liu},
booktitle={International Conference on Learning Representations},
year={2021},
url={https://openreview.net/forum?id=ks5nebunVn_}
}

@misc{AT,
  doi = {10.48550/ARXIV.1412.6572},
  
  url = {https://arxiv.org/abs/1412.6572},
  
  author = {Goodfellow, Ian J. and Shlens, Jonathon and Szegedy, Christian},
  
  keywords = {Machine Learning (stat.ML), Machine Learning (cs.LG), FOS: Computer and information sciences, FOS: Computer and information sciences},
  
  title = {Explaining and Harnessing Adversarial Examples},
  
  publisher = {arXiv},
  
  year = {2014},
  
  copyright = {arXiv.org perpetual, non-exclusive license}
}

@inproceedings{Adversarial_examples,
  author       = {Christian Szegedy and
                  Wojciech Zaremba and
                  Ilya Sutskever and
                  Joan Bruna and
                  Dumitru Erhan and
                  Ian J. Goodfellow and
                  Rob Fergus},
  editor       = {Yoshua Bengio and
                  Yann LeCun},
  title        = {Intriguing properties of neural networks},
  booktitle    = {2nd International Conference on Learning Representations, {ICLR} 2014,
                  Banff, AB, Canada, April 14-16, 2014, Conference Track Proceedings},
  year         = {2014},
  url          = {http://arxiv.org/abs/1312.6199},
  timestamp    = {Thu, 25 Jul 2019 14:35:25 +0200},
  biburl       = {https://dblp.org/rec/journals/corr/SzegedyZSBEGF13.bib},
  bibsource    = {dblp computer science bibliography, https://dblp.org}
}

@misc{AutoDAN_Add_New_Tokens_Algo,
title={Auto{DAN}: Automatic and Interpretable Adversarial Attacks on Large Language Models},
author={Sicheng Zhu and Ruiyi Zhang and Bang An and Gang Wu and Joe Barrow and Furong Huang and Tong Sun},
year={2024},
url={https://openreview.net/forum?id=ZuZujQ9LJV}
}

@misc{AutoDan_Genetic_Algo,
      title={AutoDAN: Generating Stealthy Jailbreak Prompts on Aligned Large Language Models}, 
      author={Xiaogeng Liu and Nan Xu and Muhao Chen and Chaowei Xiao},
      year={2024},
      eprint={2310.04451},
      archivePrefix={arXiv},
      primaryClass={cs.CL}
}

@inproceedings{BERT,
    title = "{BERT}: Pre-training of Deep Bidirectional Transformers for Language Understanding",
    author = "Devlin, Jacob  and
      Chang, Ming-Wei  and
      Lee, Kenton  and
      Toutanova, Kristina",
    booktitle = "Proceedings of the 2019 Conference of the North {A}merican Chapter of the Association for Computational Linguistics: Human Language Technologies, Volume 1 (Long and Short Papers)",
    month = jun,
    year = "2019",
    address = "Minneapolis, Minnesota",
    publisher = "Association for Computational Linguistics",
    url = "https://aclanthology.org/N19-1423",
    doi = "10.18653/v1/N19-1423",
    pages = "4171--4186",
   
}

@inproceedings{BERTAttack,
    title = "{BERT}-{ATTACK}: Adversarial Attack Against {BERT} Using {BERT}",
    author = "Li, Linyang  and
      Ma, Ruotian  and
      Guo, Qipeng  and
      Xue, Xiangyang  and
      Qiu, Xipeng",
    booktitle = "Proceedings of the 2020 Conference on Empirical Methods in Natural Language Processing (EMNLP)",
    month = nov,
    year = "2020",
    address = "Online",
    publisher = "Association for Computational Linguistics",
    url = "https://aclanthology.org/2020.emnlp-main.500",
    doi = "10.18653/v1/2020.emnlp-main.500",
    pages = "6193--6202", }

@article{BIM,
  title={Adversarial examples in the physical world. arXiv 2016},
  year={2016},
  author={Kurakin, A and Goodfellow, I and Bengio, S},
  journal={arXiv preprint arXiv:1607.02533}
}

@misc{Bertsentence,
  doi = {10.48550/ARXIV.1908.10084},
  
  url = {https://arxiv.org/abs/1908.10084},
  
  author = {Reimers, Nils and Gurevych, Iryna},
  
  keywords = {Computation and Language (cs.CL), FOS: Computer and information sciences, FOS: Computer and information sciences},
  
  title = {Sentence-BERT: Sentence Embeddings using Siamese BERT-Networks},
  
  publisher = {arXiv},
  
  year = {2019},
  
  copyright = {Creative Commons Attribution Share Alike 4.0 International}
}

@misc{Calibration_Logits,
      title={On Calibration of Modern Neural Networks}, 
      author={Chuan Guo and Geoff Pleiss and Yu Sun and Kilian Q. Weinberger},
      year={2017},
      eprint={1706.04599},
      archivePrefix={arXiv},
      primaryClass={cs.LG}
}

@misc{Calibration_Logits_LLMs,
      title={How Can We Know When Language Models Know? On the Calibration of Language Models for Question Answering}, 
      author={Zhengbao Jiang and Jun Araki and Haibo Ding and Graham Neubig},
      year={2021},
      eprint={2012.00955},
      archivePrefix={arXiv},
      primaryClass={cs.CL}
}

@misc{Convexhull,
  doi = {10.48550/ARXIV.2107.13541},
  
  url = {https://arxiv.org/abs/2107.13541},
  
  author = {Dong, Xinshuai and Luu, Anh Tuan and Ji, Rongrong and Liu, Hong},
  
  keywords = {Computation and Language (cs.CL), FOS: Computer and information sciences, FOS: Computer and information sciences},
  
  title = {Towards Robustness Against Natural Language Word Substitutions},
  
  publisher = {arXiv},
  
  year = {2021},
  
  copyright = {arXiv.org perpetual, non-exclusive license}
}

@misc{Elicitation_Instruction_Finetuning,
      title={Enhancing Confidence Expression in Large Language Models Through Learning from Past Experience}, 
      author={Haixia Han and Tingyun Li and Shisong Chen and Jie Shi and Chengyu Du and Yanghua Xiao and Jiaqing Liang and Xin Lin},
      year={2024},
      eprint={2404.10315},
      archivePrefix={arXiv},
      primaryClass={cs.CL}
}

@inproceedings{Empirical_Punctuation,
    title = "Using Punctuation as an Adversarial Attack on Deep Learning-Based {NLP} Systems: An Empirical Study",
    author = "Formento, Brian  and
      Foo, Chuan Sheng  and
      Tuan, Luu Anh  and
      Ng, See Kiong",
    editor = "Vlachos, Andreas  and
      Augenstein, Isabelle",
    booktitle = "Findings of the Association for Computational Linguistics: EACL 2023",
    month = may,
    year = "2023",
    address = "Dubrovnik, Croatia",
    publisher = "Association for Computational Linguistics",
    url = "https://aclanthology.org/2023.findings-eacl.1",
    doi = "10.18653/v1/2023.findings-eacl.1",
    pages = "1--34" 
}

@misc{Epistetic_Uncertenty,
      title={Teaching Models to Express Their Uncertainty in Words}, 
      author={Stephanie Lin and Jacob Hilton and Owain Evans},
      year={2022},
      eprint={2205.14334},
      archivePrefix={arXiv},
      primaryClass={cs.CL}
}

@misc{FGPM,
      title={Adversarial Training with Fast Gradient Projection Method against Synonym Substitution based Text Attacks}, 
      author={Xiaosen Wang and Yichen Yang and Yihe Deng and Kun He},
      year={2020},
      eprint={2008.03709},
      archivePrefix={arXiv},
      primaryClass={cs.CL}
}

@misc{FreeLB,
      title={FreeLB: Enhanced Adversarial Training for Natural Language Understanding}, 
      author={Chen Zhu and Yu Cheng and Zhe Gan and Siqi Sun and Tom Goldstein and Jingjing Liu},
      year={2020},
      eprint={1909.11764},
      archivePrefix={arXiv},
      primaryClass={cs.CL}
}

@inproceedings{HardLabel,
  title={Generating Natural Language Attacks in a Hard Label Black Box Setting},
  doi = {10.48550/ARXIV.2012.14956},
  author={Rishabh Maheshwary and Saket Maheshwary and Vikram Pudi},
  booktitle={AAAI Conference on Artificial Intelligence},
  year={2020}
}

@inproceedings{Hotflip, title = "{H}ot{F}lip: White-Box Adversarial Examples for Text Classification", author = "Ebrahimi, Javid and Rao, Anyi and Lowd, Daniel and Dou, Dejing", booktitle = "Proceedings of the 56th Annual Meeting of the Association for Computational Linguistics (Volume 2: Short Papers)", month = jul, year = "2018", address = "Melbourne, Australia", publisher = "Association for Computational Linguistics", url = "https://aclanthology.org/P18-2006", doi = "10.18653/v1/P18-2006", pages = "31--36"}

@inproceedings{Just_Ask_For_Calibration,
    title = "Just Ask for Calibration: Strategies for Eliciting Calibrated Confidence Scores from Language Models Fine-Tuned with Human Feedback",
    author = "Tian, Katherine  and
      Mitchell, Eric  and
      Zhou, Allan  and
      Sharma, Archit  and
      Rafailov, Rafael  and
      Yao, Huaxiu  and
      Finn, Chelsea  and
      Manning, Christopher",
    editor = "Bouamor, Houda  and
      Pino, Juan  and
      Bali, Kalika",
    booktitle = "Proceedings of the 2023 Conference on Empirical Methods in Natural Language Processing",
    month = dec,
    year = "2023",
    address = "Singapore",
    publisher = "Association for Computational Linguistics",
    url = "https://aclanthology.org/2023.emnlp-main.330",
    doi = "10.18653/v1/2023.emnlp-main.330",
    pages = "5433--5442", 
}

@misc{LLM_Attack_1,
      title={Universal and Transferable Adversarial Attacks on Aligned Language Models}, 
      author={Andy Zou and Zifan Wang and Nicholas Carlini and Milad Nasr and J. Zico Kolter and Matt Fredrikson},
      year={2023},
      eprint={2307.15043},
      archivePrefix={arXiv},
      primaryClass={cs.CL}
}

@misc{Language_Models_Mostly_Know,
      title={Language Models (Mostly) Know What They Know}, 
      author={Saurav Kadavath and Tom Conerly and Amanda Askell and Tom Henighan and Dawn Drain and Ethan Perez and Nicholas Schiefer and Zac Hatfield-Dodds and Nova DasSarma and Eli Tran-Johnson and Scott Johnston and Sheer El-Showk and Andy Jones and Nelson Elhage and Tristan Hume and Anna Chen and Yuntao Bai and Sam Bowman and Stanislav Fort and Deep Ganguli and Danny Hernandez and Josh Jacobson and Jackson Kernion and Shauna Kravec and Liane Lovitt and Kamal Ndousse and Catherine Olsson and Sam Ringer and Dario Amodei and Tom Brown and Jack Clark and Nicholas Joseph and Ben Mann and Sam McCandlish and Chris Olah and Jared Kaplan},
      year={2022},
      eprint={2207.05221},
      archivePrefix={arXiv},
      primaryClass={cs.CL}
}

@inproceedings{Multi-Hop-Attacks,
    title = "Seemingly Plausible Distractors in Multi-Hop Reasoning: Are Large Language Models Attentive Readers?",
    author = "Bhuiya, Neeladri  and
      Schlegel, Viktor  and
      Winkler, Stefan",
    editor = "Al-Onaizan, Yaser  and
      Bansal, Mohit  and
      Chen, Yun-Nung",
    booktitle = "Proceedings of the 2024 Conference on Empirical Methods in Natural Language Processing",
    month = nov,
    year = "2024",
    address = "Miami, Florida, USA",
    publisher = "Association for Computational Linguistics",
    url = "https://aclanthology.org/2024.emnlp-main.147/",
    doi = "10.18653/v1/2024.emnlp-main.147",
    pages = "2514--2528" 
}

@misc{PAIR,
      title={Jailbreaking Black Box Large Language Models in Twenty Queries}, 
      author={Patrick Chao and Alexander Robey and Edgar Dobriban and Hamed Hassani and George J. Pappas and Eric Wong},
      year={2023},
      eprint={2310.08419},
      archivePrefix={arXiv},
      primaryClass={cs.LG}
}

@misc{PGD,
      title={Towards Deep Learning Models Resistant to Adversarial Attacks}, 
      author={Aleksander Madry and Aleksandar Makelov and Ludwig Schmidt and Dimitris Tsipras and Adrian Vladu},
      year={2019},
      eprint={1706.06083},
      archivePrefix={arXiv},
      primaryClass={stat.ML}
}

@inproceedings{PWWS,
    title = "Generating Natural Language Adversarial Examples through Probability Weighted Word Saliency",
    author = "Ren, Shuhuai  and
      Deng, Yihe  and
      He, Kun  and
      Che, Wanxiang",
    booktitle = "Proceedings of the 57th Annual Meeting of the Association for Computational Linguistics",
    month = jul,
    year = "2019",
    address = "Florence, Italy",
    publisher = "Association for Computational Linguistics",
    url = "https://aclanthology.org/P19-1103",
    doi = "10.18653/v1/P19-1103",
    pages = "1085--1097", 
}

@inproceedings{Paraphrase_Attack,
    title = "Adversarial Example Generation with Syntactically Controlled Paraphrase Networks",
    author = "Iyyer, Mohit  and
      Wieting, John  and
      Gimpel, Kevin  and
      Zettlemoyer, Luke",
    editor = "Walker, Marilyn  and
      Ji, Heng  and
      Stent, Amanda",
    booktitle = "Proceedings of the 2018 Conference of the North {A}merican Chapter of the Association for Computational Linguistics: Human Language Technologies, Volume 1 (Long Papers)",
    month = jun,
    year = "2018",
    address = "New Orleans, Louisiana",
    publisher = "Association for Computational Linguistics",
    url = "https://aclanthology.org/N18-1170",
    doi = "10.18653/v1/N18-1170",
    pages = "1875--1885",
    
}

@inproceedings{Paraphrase_Attack_2,
    title = "Improving the Robustness of Question Answering Systems to Question Paraphrasing",
    author = "Gan, Wee Chung  and
      Ng, Hwee Tou",
    editor = "Korhonen, Anna  and
      Traum, David  and
      M{\`a}rquez, Llu{\'\i}s",
    booktitle = "Proceedings of the 57th Annual Meeting of the Association for Computational Linguistics",
    month = jul,
    year = "2019",
    address = "Florence, Italy",
    publisher = "Association for Computational Linguistics",
    url = "https://aclanthology.org/P19-1610",
    doi = "10.18653/v1/P19-1610",
    pages = "6065--6075", 
}

@INPROCEEDINGS{SSTA,
  author={Formento, Brian and Ng, See-Kiong and Foo, Chuan-Sheng},
  booktitle={2021 International Joint Conference on Neural Networks (IJCNN)}, 
  title={Special Symbol Attacks On NLP Systems}, 
  year={2021},
  pages={1-8},
  doi={10.1109/IJCNN52387.2021.9534254}}

@inproceedings{Sememe_PSO,
    title = "Word-level Textual Adversarial Attacking as Combinatorial Optimization",
    author = "Zang, Yuan  and
      Qi, Fanchao  and
      Yang, Chenghao  and
      Liu, Zhiyuan  and
      Zhang, Meng  and
      Liu, Qun  and
      Sun, Maosong",
    editor = "Jurafsky, Dan  and
      Chai, Joyce  and
      Schluter, Natalie  and
      Tetreault, Joel",
    booktitle = "Proceedings of the 58th Annual Meeting of the Association for Computational Linguistics",
    month = jul,
    year = "2020",
    address = "Online",
    publisher = "Association for Computational Linguistics",
    url = "https://aclanthology.org/2020.acl-main.540",
    doi = "10.18653/v1/2020.acl-main.540",
    pages = "6066--6080", 
}

@inproceedings{Sentance_Level_Attack,
    title = "{CAT}-Gen: Improving Robustness in {NLP} Models via Controlled Adversarial Text Generation",
    author = "Wang, Tianlu  and
      Wang, Xuezhi  and
      Qin, Yao  and
      Packer, Ben  and
      Li, Kang  and
      Chen, Jilin  and
      Beutel, Alex  and
      Chi, Ed",
    editor = "Webber, Bonnie  and
      Cohn, Trevor  and
      He, Yulan  and
      Liu, Yang",
    booktitle = "Proceedings of the 2020 Conference on Empirical Methods in Natural Language Processing (EMNLP)",
    month = nov,
    year = "2020",
    address = "Online",
    publisher = "Association for Computational Linguistics",
    url = "https://aclanthology.org/2020.emnlp-main.417",
    doi = "10.18653/v1/2020.emnlp-main.417",
    pages = "5141--5146"

}

@inproceedings{Strenght_In_Numbers_Elicitation,
    title = "Strength in Numbers: Estimating Confidence of Large Language Models by Prompt Agreement",
    author = "Portillo Wightman, Gwenyth  and
      Delucia, Alexandra  and
      Dredze, Mark",
    editor = "Ovalle, Anaelia  and
      Chang, Kai-Wei  and
      Mehrabi, Ninareh  and
      Pruksachatkun, Yada  and
      Galystan, Aram  and
      Dhamala, Jwala  and
      Verma, Apurv  and
      Cao, Trista  and
      Kumar, Anoop  and
      Gupta, Rahul",
    booktitle = "Proceedings of the 3rd Workshop on Trustworthy Natural Language Processing (TrustNLP 2023)",
    month = jul,
    year = "2023",
    address = "Toronto, Canada",
    publisher = "Association for Computational Linguistics",
    url = "https://aclanthology.org/2023.trustnlp-1.28",
    doi = "10.18653/v1/2023.trustnlp-1.28",
    pages = "326--362", 
}

@inproceedings{TextBugger,
	doi = {10.14722/ndss.2019.23138},
  
	url = {https://doi.org/10.14722%2Fndss.2019.23138},
  
	year = 2019,
	publisher = {Internet Society},
  
	author = {Jinfeng Li and Shouling Ji and Tianyu Du and Bo Li and Ting Wang},
  
	title = {{TextBugger}: Generating Adversarial Text Against Real-world Applications},
  
	booktitle = {Proceedings 2019 Network and Distributed System Security Symposium}
}

@misc{Textfooler,
  doi = {10.48550/ARXIV.1907.11932},
  
  url = {https://arxiv.org/abs/1907.11932},
  
  author = {Jin, Di and Jin, Zhijing and Zhou, Joey Tianyi and Szolovits, Peter},
  
  keywords = {Computation and Language (cs.CL), Artificial Intelligence (cs.AI), Machine Learning (cs.LG), FOS: Computer and information sciences, FOS: Computer and information sciences},
  
  title = {Is BERT Really Robust? A Strong Baseline for Natural Language Attack on Text Classification and Entailment},
  
  publisher = {arXiv},
  
  year = {2019},
  
  copyright = {Creative Commons Attribution 4.0 International}
}

@article{Universalsentenceencoder,
  title={Universal sentence encoder},
  author={Cer, Daniel and Yang, Yinfei and Kong, Sheng-yi and Hua, Nan and Limtiaco, Nicole and John, Rhomni St and Constant, Noah and Guajardo-Cespedes, Mario and Yuan, Steve and Tar, Chris and others},
  journal={arXiv preprint arXiv:1803.11175},
  year={2018}
}

@inproceedings{Viper,
    title = "Text Processing Like Humans Do: Visually Attacking and Shielding {NLP} Systems",
    author = {Eger, Steffen  and
      {\c{S}}ahin, G{\"o}zde G{\"u}l  and
      R{\"u}ckl{\'e}, Andreas  and
      Lee, Ji-Ung  and
      Schulz, Claudia  and
      Mesgar, Mohsen  and
      Swarnkar, Krishnkant  and
      Simpson, Edwin  and
      Gurevych, Iryna},
    year = "2019",
   
}

@article{morphin,
   title={It’s Morphin’ Time! Combating Linguistic Discrimination with Inflectional Perturbations},
   url={http://dx.doi.org/10.18653/v1/2020.acl-main.263},
   DOI={10.18653/v1/2020.acl-main.263},
   journal={Proceedings of the 58th Annual Meeting of the Association for Computational Linguistics},
   publisher={Association for Computational Linguistics},
   author={Tan, Samson and Joty, Shafiq and Kan, Min-Yen and Socher, Richard},
   year={2020}
}

@article{sspattack, title={SSPAttack: A Simple and Sweet Paradigm for Black-Box Hard-Label Textual Adversarial Attack}, volume={37}, url={https://ojs.aaai.org/index.php/AAAI/article/view/26553}, DOI={10.1609/aaai.v37i11.26553},  number={11}, journal={Proceedings of the AAAI Conference on Artificial Intelligence}, author={Liu, Han and Xu, Zhi and Zhang, Xiaotong and Xu, Xiaoming and Zhang, Feng and Ma, Fenglong and Chen, Hongyang and Yu, Hong and Zhang, Xianchao}, year={2023}, month={Jun.}, pages={13228-13235} }

