% Use this file for citations not found in the ACL Anthology (contained in "anthology.bib").
@inproceedings{Empirical_Punctuation,
    title = "Using Punctuation as an Adversarial Attack on Deep Learning-Based {NLP} Systems: An Empirical Study",
    author = "Formento, Brian  and
      Foo, Chuan Sheng  and
      Tuan, Luu Anh  and
      Ng, See Kiong",
    editor = "Vlachos, Andreas  and
      Augenstein, Isabelle",
    booktitle = "Findings of the Association for Computational Linguistics: EACL 2023",
    month = may,
    year = "2023",
    address = "Dubrovnik, Croatia",
    publisher = "Association for Computational Linguistics",
    url = "https://aclanthology.org/2023.findings-eacl.1",
    doi = "10.18653/v1/2023.findings-eacl.1",
    pages = "1--34" 
}
 
@INPROCEEDINGS{SSTA,
  author={Formento, Brian and Ng, See-Kiong and Foo, Chuan-Sheng},
  booktitle={2021 International Joint Conference on Neural Networks (IJCNN)}, 
  title={Special Symbol Attacks On NLP Systems}, 
  year={2021},
  pages={1-8},
  doi={10.1109/IJCNN52387.2021.9534254}}



% -----------------------INTRODUCTION START-------------------%

@inproceedings{
Punctuation_Level,
title={Punctuation-level Attack: Single-shot and Single Punctuation Can Fool Text Models},
author={Wenqiang Wang and Chongyang Du and Tao Wang and Kaihao Zhang and Wenhan Luo and Lin Ma and Wei Liu and Xiaochun Cao},
booktitle={Thirty-seventh Conference on Neural Information Processing Systems},
year={2023},
url={https://openreview.net/forum?id=ir6WWkFR80}
}


@inproceedings{Sememe_PSO,
    title = "Word-level Textual Adversarial Attacking as Combinatorial Optimization",
    author = "Zang, Yuan  and
      Qi, Fanchao  and
      Yang, Chenghao  and
      Liu, Zhiyuan  and
      Zhang, Meng  and
      Liu, Qun  and
      Sun, Maosong",
    editor = "Jurafsky, Dan  and
      Chai, Joyce  and
      Schluter, Natalie  and
      Tetreault, Joel",
    booktitle = "Proceedings of the 58th Annual Meeting of the Association for Computational Linguistics",
    month = jul,
    year = "2020",
    address = "Online",
    publisher = "Association for Computational Linguistics",
    url = "https://aclanthology.org/2020.acl-main.540",
    doi = "10.18653/v1/2020.acl-main.540",
    pages = "6066--6080", 
}

 


@inproceedings{Universal_Triggers,
    title = "Universal Adversarial Triggers for Attacking and Analyzing {NLP}",
    author = "Wallace, Eric  and
      Feng, Shi  and
      Kandpal, Nikhil  and
      Gardner, Matt  and
      Singh, Sameer",
    editor = "Inui, Kentaro  and
      Jiang, Jing  and
      Ng, Vincent  and
      Wan, Xiaojun",
    booktitle = "Proceedings of the 2019 Conference on Empirical Methods in Natural Language Processing and the 9th International Joint Conference on Natural Language Processing (EMNLP-IJCNLP)",
    month = nov,
    year = "2019",
    address = "Hong Kong, China",
    publisher = "Association for Computational Linguistics",
    url = "https://aclanthology.org/D19-1221",
    doi = "10.18653/v1/D19-1221",
    pages = "2153--2162",
}


@inproceedings{Universal_Triggers_2,
    title = "Universal Adversarial Attacks with Natural Triggers for Text Classification",
    author = "Song, Liwei  and
      Yu, Xinwei  and
      Peng, Hsuan-Tung  and
      Narasimhan, Karthik",
    editor = "Toutanova, Kristina  and
      Rumshisky, Anna  and
      Zettlemoyer, Luke  and
      Hakkani-Tur, Dilek  and
      Beltagy, Iz  and
      Bethard, Steven  and
      Cotterell, Ryan  and
      Chakraborty, Tanmoy  and
      Zhou, Yichao",
    booktitle = "Proceedings of the 2021 Conference of the North American Chapter of the Association for Computational Linguistics: Human Language Technologies",
    month = jun,
    year = "2021",
    address = "Online",
    publisher = "Association for Computational Linguistics",
    url = "https://aclanthology.org/2021.naacl-main.291",
    doi = "10.18653/v1/2021.naacl-main.291",
    pages = "3724--3733" 
}

@inproceedings{Sentance_Level_Attack,
    title = "{CAT}-Gen: Improving Robustness in {NLP} Models via Controlled Adversarial Text Generation",
    author = "Wang, Tianlu  and
      Wang, Xuezhi  and
      Qin, Yao  and
      Packer, Ben  and
      Li, Kang  and
      Chen, Jilin  and
      Beutel, Alex  and
      Chi, Ed",
    editor = "Webber, Bonnie  and
      Cohn, Trevor  and
      He, Yulan  and
      Liu, Yang",
    booktitle = "Proceedings of the 2020 Conference on Empirical Methods in Natural Language Processing (EMNLP)",
    month = nov,
    year = "2020",
    address = "Online",
    publisher = "Association for Computational Linguistics",
    url = "https://aclanthology.org/2020.emnlp-main.417",
    doi = "10.18653/v1/2020.emnlp-main.417",
    pages = "5141--5146"

}

 
@inproceedings{Detector_Defence,
    title = "Defending Pre-trained Language Models from Adversarial Word Substitution Without Performance Sacrifice",
    author = "Bao, Rongzhou  and
      Wang, Jiayi  and
      Zhao, Hai",
    editor = "Zong, Chengqing  and
      Xia, Fei  and
      Li, Wenjie  and
      Navigli, Roberto",
    booktitle = "Findings of the Association for Computational Linguistics: ACL-IJCNLP 2021",
    month = aug,
    year = "2021",
    address = "Online",
    publisher = "Association for Computational Linguistics",
    url = "https://aclanthology.org/2021.findings-acl.287",
    doi = "10.18653/v1/2021.findings-acl.287",
    pages = "3248--3258",
}

 
@misc{Misspelling_Defence,
      title={Combating Adversarial Misspellings with Robust Word Recognition}, 
      author={Danish Pruthi and Bhuwan Dhingra and Zachary C. Lipton},
      year={2019},
      eprint={1905.11268},
      archivePrefix={arXiv},
      primaryClass={cs.CL}
}
 
@misc{Density_Estimation_Defence,
      title={Detection of Word Adversarial Examples in Text Classification: Benchmark and Baseline via Robust Density Estimation}, 
      author={KiYoon Yoo and Jangho Kim and Jiho Jang and Nojun Kwak},
      year={2022},
      eprint={2203.01677},
      archivePrefix={arXiv},
      primaryClass={cs.CL}
}

 
@misc{Frequency_Guided_Defence,
      title={Frequency-Guided Word Substitutions for Detecting Textual Adversarial Examples}, 
      author={Maximilian Mozes and Pontus Stenetorp and Bennett Kleinberg and Lewis D. Griffin},
      year={2021},
      eprint={2004.05887},
      archivePrefix={arXiv},
      primaryClass={cs.CL}
}



@inproceedings{TMD,
    title = "Textual Manifold-based Defense Against Natural Language Adversarial Examples",
    author = "Nguyen Minh, Dang  and
      Luu, Anh Tuan",
    editor = "Goldberg, Yoav  and
      Kozareva, Zornitsa  and
      Zhang, Yue",
    booktitle = "Proceedings of the 2022 Conference on Empirical Methods in Natural Language Processing",
    month = dec,
    year = "2022",
    address = "Abu Dhabi, United Arab Emirates",
    publisher = "Association for Computational Linguistics",
    url = "https://aclanthology.org/2022.emnlp-main.443",
    doi = "10.18653/v1/2022.emnlp-main.443",
    pages = "6612--6625", 
}



@inproceedings{Certified_1,
    title = "Certified Robustness to Word Substitution Attack with Differential Privacy",
    author = "Wang, Wenjie  and
      Tang, Pengfei  and
      Lou, Jian  and
      Xiong, Li",
    editor = "Toutanova, Kristina  and
      Rumshisky, Anna  and
      Zettlemoyer, Luke  and
      Hakkani-Tur, Dilek  and
      Beltagy, Iz  and
      Bethard, Steven  and
      Cotterell, Ryan  and
      Chakraborty, Tanmoy  and
      Zhou, Yichao",
    booktitle = "Proceedings of the 2021 Conference of the North American Chapter of the Association for Computational Linguistics: Human Language Technologies",
    month = jun,
    year = "2021",
    address = "Online",
    publisher = "Association for Computational Linguistics",
    url = "https://aclanthology.org/2021.naacl-main.87",
    doi = "10.18653/v1/2021.naacl-main.87",
    pages = "1102--1112" 
}

@inproceedings{IBP_1_Certified_2,
    title = "Achieving Verified Robustness to Symbol Substitutions via Interval Bound Propagation",
    author = "Huang, Po-Sen  and
      Stanforth, Robert  and
      Welbl, Johannes  and
      Dyer, Chris  and
      Yogatama, Dani  and
      Gowal, Sven  and
      Dvijotham, Krishnamurthy  and
      Kohli, Pushmeet",
    editor = "Inui, Kentaro  and
      Jiang, Jing  and
      Ng, Vincent  and
      Wan, Xiaojun",
    booktitle = "Proceedings of the 2019 Conference on Empirical Methods in Natural Language Processing and the 9th International Joint Conference on Natural Language Processing (EMNLP-IJCNLP)",
    month = nov,
    year = "2019",
    address = "Hong Kong, China",
    publisher = "Association for Computational Linguistics",
    url = "https://aclanthology.org/D19-1419",
    doi = "10.18653/v1/D19-1419",
    pages = "4083--4093"
}


@inproceedings{IBP_2_Certified_2,
    title = "Certified Robustness to Adversarial Word Substitutions",
    author = {Jia, Robin  and
      Raghunathan, Aditi  and
      G{\"o}ksel, Kerem  and
      Liang, Percy},
    editor = "Inui, Kentaro  and
      Jiang, Jing  and
      Ng, Vincent  and
      Wan, Xiaojun",
    booktitle = "Proceedings of the 2019 Conference on Empirical Methods in Natural Language Processing and the 9th International Joint Conference on Natural Language Processing (EMNLP-IJCNLP)",
    month = nov,
    year = "2019",
    address = "Hong Kong, China",
    publisher = "Association for Computational Linguistics",
    url = "https://aclanthology.org/D19-1423",
    doi = "10.18653/v1/D19-1423",
    pages = "4129--4142"
}

@inproceedings{SAFER_Certified_3,
    title = "{SAFER}: A Structure-free Approach for Certified Robustness to Adversarial Word Substitutions",
    author = "Ye, Mao  and
      Gong, Chengyue  and
      Liu, Qiang",
    editor = "Jurafsky, Dan  and
      Chai, Joyce  and
      Schluter, Natalie  and
      Tetreault, Joel",
    booktitle = "Proceedings of the 58th Annual Meeting of the Association for Computational Linguistics",
    month = jul,
    year = "2020",
    address = "Online",
    publisher = "Association for Computational Linguistics",
    url = "https://aclanthology.org/2020.acl-main.317",
    doi = "10.18653/v1/2020.acl-main.317",
    pages = "3465--3475" 
}


% BackDoor Attacks

@misc{LSTM_Backdoor,
      title={A backdoor attack against LSTM-based text classification systems}, 
      author={Jiazhu Dai and Chuanshuai Chen},
      year={2019},
      eprint={1905.12457},
      archivePrefix={arXiv},
      primaryClass={cs.CR}
}

@inproceedings{BadNL,
   title={BadNL: Backdoor Attacks against NLP Models with Semantic-preserving Improvements},
   url={http://dx.doi.org/10.1145/3485832.3485837},
   DOI={10.1145/3485832.3485837},
   booktitle={Annual Computer Security Applications Conference},
   publisher={ACM},
   author={Chen, Xiaoyi and Salem, Ahmed and Chen, Dingfan and Backes, Michael and Ma, Shiqing and Shen, Qingni and Wu, Zhonghai and Zhang, Yang},
   year={2021},
   month=dec, collection={ACSAC ’21} }

% Extraction attacks
@inproceedings{Extracting_Training_Data,
  title={Extracting Training Data from Large Language Models},
  author={Nicholas Carlini and Florian Tram{\`e}r and Eric Wallace and Matthew Jagielski and Ariel Herbert-Voss and Katherine Lee and Adam Roberts and Tom B. Brown and Dawn Xiaodong Song and {\'U}lfar Erlingsson and Alina Oprea and Colin Raffel},
  booktitle={USENIX Security Symposium},
  year={2020},
  url={https://api.semanticscholar.org/CorpusID:229156229}
}


% The good
@misc{The_Good,
      title={A Survey on Large Language Model (LLM) Security and Privacy: The Good, the Bad, and the Ugly}, 
      author={Yifan Yao and Jinhao Duan and Kaidi Xu and Yuanfang Cai and Eric Sun and Yue Zhang},
      year={2023},
      eprint={2312.02003},
      archivePrefix={arXiv},
      primaryClass={cs.CR}
}

% jailbreak
@misc{Jailbreak_1,
      title={Multi-step Jailbreaking Privacy Attacks on ChatGPT}, 
      author={Haoran Li and Dadi Guo and Wei Fan and Mingshi Xu and Jie Huang and Fanpu Meng and Yangqiu Song},
      year={2023},
      eprint={2304.05197},
      archivePrefix={arXiv},
      primaryClass={cs.CL}
}

@misc{Jailbreak_2,
      title={Jailbreaking ChatGPT via Prompt Engineering: An Empirical Study}, 
      author={Yi Liu and Gelei Deng and Zhengzi Xu and Yuekang Li and Yaowen Zheng and Ying Zhang and Lida Zhao and Tianwei Zhang and Yang Liu},
      year={2023},
      eprint={2305.13860},
      archivePrefix={arXiv},
      primaryClass={cs.SE}
}

@misc{Jailbreak_3,
      title={Jailbroken: How Does LLM Safety Training Fail?}, 
      author={Alexander Wei and Nika Haghtalab and Jacob Steinhardt},
      year={2023},
      eprint={2307.02483},
      archivePrefix={arXiv},
      primaryClass={cs.LG}
}

% red teaming 
@inproceedings{Red_Teaming,
  title={Red Teaming Language Models with Language Models},
  author={Ethan Perez and Saffron Huang and Francis Song and Trevor Cai and Roman Ring and John Aslanides and Amelia Glaese and Nathan McAleese and Geoffrey Irving},
  booktitle={Conference on Empirical Methods in Natural Language Processing},
  year={2022},
  url={https://api.semanticscholar.org/CorpusID:246634238}
}


@inproceedings{Chalenges_in_NLP,
    title = "Measure and Improve Robustness in {NLP} Models: A Survey",
    author = "Wang, Xuezhi  and
      Wang, Haohan  and
      Yang, Diyi",
    editor = "Carpuat, Marine  and
      de Marneffe, Marie-Catherine  and
      Meza Ruiz, Ivan Vladimir",
    booktitle = "Proceedings of the 2022 Conference of the North American Chapter of the Association for Computational Linguistics: Human Language Technologies",
    month = jul,
    year = "2022",
    address = "Seattle, United States",
    publisher = "Association for Computational Linguistics",
    url = "https://aclanthology.org/2022.naacl-main.339",
    doi = "10.18653/v1/2022.naacl-main.339",
    pages = "4569--4586" 
}

% -----------------------INTRODUCTION END-------------------%


%----------------------- PAPER 1 START ---------------------------


 



@article{prespective,
  title={Deceiving Google’s Perspective API Built for Detecting Toxic Comments. CoRR abs/1702.08138 (2017)},
  author={Hosseini, Hossein and Kannan, Sreeram and Zhang, Baosen and Poovendran, Radha},
  journal={arXiv preprint arxiv:1702.08138},
  year={2017}
}

@article{BIM,
  title={Adversarial examples in the physical world. arXiv 2016},
  year={2016},
  author={Kurakin, A and Goodfellow, I and Bengio, S},
  journal={arXiv preprint arXiv:1607.02533}
}





@article{pixelattack,
  title={One pixel attack for fooling deep neural networks},
  author={Su, Jiawei and Vargas, Danilo Vasconcellos and Sakurai, Kouichi},
  journal={IEEE Transactions on Evolutionary Computation},
  volume={23},
  number={5},
  pages={828--841},
  year={2016},
  publisher={IEEE}
}

 
@article{aug,
title={A Robust Adversarial Training Approach to Machine Reading Comprehension
},
  author={Kai Liu, Xin Liu},
  year={2020}
  }
  
@article{keyboard, title={Synthetic and natural noise both break neural machine translation}, author={Belinkov, Yonatan and Bisk, Yonatan}, journal={arXiv preprint arXiv:1711.02173}, year={2017} } 



@article{context2020,
  title={Contextualized perturbation for textual adversarial attack},
  author={Li, Dianqi and Zhang, Yizhe and Peng, Hao and Chen, Liqun and Brockett, Chris and Sun, Ming-Ting and Dolan, Bill},
  journal={arXiv preprint arXiv:2009.07502},
  year={2020}
}
 

 
@article{rotten,
  title={ Seeing stars: Exploiting
class relationships for sentiment categorization with respect
to rating scales},
  author={Pang, B and Lee, L },
  year={2005}
}

@article{yelp,
  title={Character-level convolutional networks for text classification},
  author={Zhang, Xiang and Zhao, Junbo and LeCun, Yann},
  journal={Advances in neural information processing systems},
  volume={28},
  pages={649--657},
  year={2015}
}

@article{tsipras2018robustness,
  title={Robustness may be at odds with accuracy. arXiv},
  author={Tsipras, Dimitris and Santurkar, Shibani and Engstrom, Logan and Turner, Alexander and Madry, Aleksander},
  journal={Machine Learning},
  year={2018}
}

 
 @article{snli,
  title={A large annotated corpus for learning natural language inference},
  author={Bowman, Samuel R and Angeli, Gabor and Potts, Christopher and Manning, Christopher D},
  journal={arXiv preprint arXiv:1508.05326},
  year={2015}
}

 
@article{motivating,
  title={Motivating the rules of the game for adversarial example research},
  author={Gilmer, Justin and Adams, Ryan P and Goodfellow, Ian and Andersen, David and Dahl, George E},
  journal={arXiv preprint arXiv:1807.06732},
  year={2018}
}

@book{Gusfield:97,
    author  = {Dan Gusfield},
    title   = {Algorithms on Strings, Trees and Sequences},
    year    = "1997",
    publisher = {Cambridge University Press},
    address = {Cambridge, UK}
}

@article{rasooli-tetrault-2015,
    author    = {Mohammad Sadegh Rasooli and Joel R. Tetreault},
    title     = {Yara Parser: {A} Fast and Accurate Dependency Parser},
    journal   = {Computing Research Repository},
    volume    = {arXiv:1503.06733},
    year      = {2015},
    url       = {http://arxiv.org/abs/1503.06733},
    note    = {version 2}
}

@article{Ando2005,
	Acmid = {1194905},
	Author = {Ando, Rie Kubota and Zhang, Tong},
	Issn = {1532-4435},
	Issue_Date = {12/1/2005},
	Journal = {Journal of Machine Learning Research},
	Month = dec,
	Numpages = {37},
	Pages = {1817--1853},
	Publisher = {JMLR.org},
	Title = {A Framework for Learning Predictive Structures from Multiple Tasks and Unlabeled Data},
	Volume = {6},
	Year = {2005}}
	
@misc{embedding_perturbation,
      title={Word Embedding Perturbation for Sentence Classification}, 
      author={Dongxu Zhang and Zhichao Yang},
      year={2018},
      eprint={1804.08166},
      archivePrefix={arXiv},
      primaryClass={cs.CL}
}

------------------------------------PAPER 1 END--------------------


------------------------------------PAPER 2 START------------------





@article{towre,
author = {Jessica M. Tarar and Elizabeth B. Meisinger and Rachel H. Dickens},
title ={Test Review: Test of Word Reading Efficiency–Second Edition (TOWRE-2) by Torgesen, J. K., Wagner, R. K., \& Rashotte, C. A.},
journal = {Canadian Journal of School Psychology},
volume = {30},
number = {4},
pages = {320-326},
year = {2015},
doi = {10.1177/0829573515594334},

URL = { 
        https://doi.org/10.1177/0829573515594334
    
},
eprint = { 
        https://doi.org/10.1177/0829573515594334
    
}

}



@inproceedings{A2T,
    title = "Towards Improving Adversarial Training of {NLP} Models",
    author = "Yoo, Jin Yong  and
      Qi, Yanjun",
    booktitle = "Findings of the Association for Computational Linguistics: EMNLP 2021",
    month = nov,
    year = "2021",
    address = "Punta Cana, Dominican Republic",
    publisher = "Association for Computational Linguistics",
    url = "https://aclanthology.org/2021.findings-emnlp.81",
    doi = "10.18653/v1/2021.findings-emnlp.81",
    pages = "945--956", 
}

@inproceedings{
adv_trainig_no_tradeoff,
title={FreeLB: Enhanced Adversarial Training for Natural Language Understanding},
author={Chen Zhu and Yu Cheng and Zhe Gan and Siqi Sun and Tom Goldstein and Jingjing Liu},
booktitle={International Conference on Learning Representations},
year={2020},
url={https://openreview.net/forum?id=BygzbyHFvB}
}
 

 
 

@inproceedings{better_orig_acc2,
    title = "Robust Neural Machine Translation with Doubly Adversarial Inputs",
    author = "Cheng, Yong  and
      Jiang, Lu  and
      Macherey, Wolfgang",
    booktitle = "Proceedings of the 57th Annual Meeting of the Association for Computational Linguistics",
    month = jul,
    year = "2019",
    address = "Florence, Italy",
    publisher = "Association for Computational Linguistics",
    url = "https://aclanthology.org/P19-1425",
    doi = "10.18653/v1/P19-1425",
    pages = "4324--4333" 
}

@inproceedings{
better_orig_acc,
title={Adversarial Training Methods for Semi-Supervised Text Classification},
author={Takeru Miyato and Andrew M. Dai and Ian Goodfellow},
booktitle={International Conference on Learning Representations},
year={2017},
url={https://openreview.net/forum?id=r1X3g2_xl}
} 





@misc{query_transfer,
      title={Boosting Black-Box Attack with Partially Transferred Conditional Adversarial Distribution}, 
      author={Yan Feng and Baoyuan Wu and Yanbo Fan and Li Liu and Zhifeng Li and Shutao Xia},
      year={2021},
      eprint={2006.08538},
      archivePrefix={arXiv},
      primaryClass={cs.CR}
}


 
@inproceedings{attack2020,
    title = "{T}ext{A}ttack: A Framework for Adversarial Attacks, Data Augmentation, and Adversarial Training in {NLP}",
    author = "Morris, John  and
      Lifland, Eli  and
      Yoo, Jin Yong  and
      Grigsby, Jake  and
      Jin, Di  and
      Qi, Yanjun",
    booktitle = "Proceedings of the 2020 Conference on Empirical Methods in Natural Language Processing: System Demonstrations",
    month = oct,
    year = "2020",
    address = "Online",
    publisher = "Association for Computational Linguistics",
    url = "https://aclanthology.org/2020.emnlp-demos.16",
    doi = "10.18653/v1/2020.emnlp-demos.16",
    pages = "119--126" 
}


 

@misc{frequencyguided,
      title={Frequency-Guided Word Substitutions for Detecting Textual Adversarial Examples}, 
      author={Maximilian Mozes and Pontus Stenetorp and Bennett Kleinberg and Lewis D. Griffin},
      year={2021},
      eprint={2004.05887},
      archivePrefix={arXiv},
      primaryClass={cs.CL}
}
@article{morphin,
   title={It’s Morphin’ Time! Combating Linguistic Discrimination with Inflectional Perturbations},
   url={http://dx.doi.org/10.18653/v1/2020.acl-main.263},
   DOI={10.18653/v1/2020.acl-main.263},
   journal={Proceedings of the 58th Annual Meeting of the Association for Computational Linguistics},
   publisher={Association for Computational Linguistics},
   author={Tan, Samson and Joty, Shafiq and Kan, Min-Yen and Socher, Richard},
   year={2020}
}

 

@misc{robust_encodings,
      title={Robust Encodings: A Framework for Combating Adversarial Typos}, 
      author={Erik Jones and Robin Jia and Aditi Raghunathan and Percy Liang},
      year={2020},
      eprint={2005.01229},
      archivePrefix={arXiv},
      primaryClass={cs.CL}
}

@misc{classifier_learning,
      title={Learning to Discriminate Perturbations for Blocking Adversarial Attacks in Text Classification}, 
      author={Yichao Zhou and Jyun-Yu Jiang and Kai-Wei Chang and Wei Wang},
      year={2019},
      eprint={1909.03084},
      archivePrefix={arXiv},
      primaryClass={cs.CL}
}

@article{adversarial_training, title={A Robust Adversarial Training Approach to Machine Reading Comprehension}, url={https://ojs.aaai.org/index.php/AAAI/article/view/6357}, author={Liu, Kai and Liu, Xin and Yang, An and Liu, Jing and Su, Jinsong and Li, Sujian and She, Qiaoqiao}, year={2020} }

@inproceedings{Attention,
 author = {Vaswani, Ashish and Shazeer, Noam and Parmar, Niki and Uszkoreit, Jakob and Jones, Llion and Gomez, Aidan N and Kaiser, \L ukasz and Polosukhin, Illia},
 booktitle = {Advances in Neural Information Processing Systems},
 editor = {I. Guyon and U. Von Luxburg and S. Bengio and H. Wallach and R. Fergus and S. Vishwanathan and R. Garnett},
 pages = {},
 publisher = {Curran Associates, Inc.},
 title = {Attention is All you Need},
 url = {https://proceedings.neurips.cc/paper_files/paper/2017/file/3f5ee243547dee91fbd053c1c4a845aa-Paper.pdf},
 volume = {30},
 year = {2017}
}




@inproceedings{BERT,
    title = "{BERT}: Pre-training of Deep Bidirectional Transformers for Language Understanding",
    author = "Devlin, Jacob  and
      Chang, Ming-Wei  and
      Lee, Kenton  and
      Toutanova, Kristina",
    booktitle = "Proceedings of the 2019 Conference of the North {A}merican Chapter of the Association for Computational Linguistics: Human Language Technologies, Volume 1 (Long and Short Papers)",
    month = jun,
    year = "2019",
    address = "Minneapolis, Minnesota",
    publisher = "Association for Computational Linguistics",
    url = "https://aclanthology.org/N19-1423",
    doi = "10.18653/v1/N19-1423",
    pages = "4171--4186",
   
}


@inproceedings{xlnet,
  title={XLNet: Generalized Autoregressive Pretraining for Language Understanding},
  author={Zhilin Yang and Zihang Dai and Yiming Yang and Jaime G. Carbonell and Ruslan Salakhutdinov and Quoc V. Le},
  booktitle={Neural Information Processing Systems},
  year={2019}
}


 

@inproceedings{hard_label,
  title={Generating Natural Language Attacks in a Hard Label Black Box Setting},
  doi = {10.48550/ARXIV.2012.14956},
  author={Rishabh Maheshwary and Saket Maheshwary and Vikram Pudi},
  booktitle={AAAI Conference on Artificial Intelligence},
  year={2020}
}
 

@inproceedings{BERTAttack,
    title = "{BERT}-{ATTACK}: Adversarial Attack Against {BERT} Using {BERT}",
    author = "Li, Linyang  and
      Ma, Ruotian  and
      Guo, Qipeng  and
      Xue, Xiangyang  and
      Qiu, Xipeng",
    booktitle = "Proceedings of the 2020 Conference on Empirical Methods in Natural Language Processing (EMNLP)",
    month = nov,
    year = "2020",
    address = "Online",
    publisher = "Association for Computational Linguistics",
    url = "https://aclanthology.org/2020.emnlp-main.500",
    doi = "10.18653/v1/2020.emnlp-main.500",
    pages = "6193--6202", }



 

@inproceedings{noise,
      title={Synthetic and Natural Noise Both Break Neural Machine Translation}, 
      author={Yonatan Belinkov and Yonatan Bisk},
      year={2018},
      eprint={1711.02173},
      archivePrefix={arXiv},
      primaryClass={cs.CL},
      booktitle = "Sixth International Conference on Learning Representations"
}
 
  
@inproceedings{claire,
    title = "Contextualized Perturbation for Textual Adversarial Attack",
    author = "Li, Dianqi  and
      Zhang, Yizhe  and
      Peng, Hao  and
      Chen, Liqun  and
      Brockett, Chris  and
      Sun, Ming-Ting  and
      Dolan, Bill",
    booktitle = "Proceedings of the 2021 Conference of the North American Chapter of the Association for Computational Linguistics: Human Language Technologies",
    month = jun,
    year = "2021",
    address = "Online",
    publisher = "Association for Computational Linguistics",
    url = "https://aclanthology.org/2021.naacl-main.400",
    doi = "10.18653/v1/2021.naacl-main.400",
    pages = "5053--5069"
}

 

@article{shehe,
   title={Word-level Textual Adversarial Attacking as Combinatorial Optimization},
   url={http://dx.doi.org/10.18653/v1/2020.acl-main.540},
   DOI={10.18653/v1/2020.acl-main.540},
   journal={Proceedings of the 58th Annual Meeting of the Association for Computational Linguistics},
   publisher={Association for Computational Linguistics},
   author={Zang, Yuan and Qi, Fanchao and Yang, Chenghao and Liu, Zhiyuan and Zhang, Meng and Liu, Qun and Sun, Maosong},
   year={2020}
}



@inproceedings{atodds,
    title = "A Geometry-Inspired Attack for Generating Natural Language Adversarial Examples",
    author = "Meng, Zhao  and
      Wattenhofer, Roger",
    booktitle = "Proceedings of the 28th International Conference on Computational Linguistics",
    month = dec,
    year = "2020",
    address = "Barcelona, Spain (Online)",
    publisher = "International Committee on Computational Linguistics",
    url = "https://aclanthology.org/2020.coling-main.585",
    doi = "10.18653/v1/2020.coling-main.585",
    pages = "6679--6689", 
}

 
 

@INPROCEEDINGS{Deepwordbug,
  author={Gao, Ji and Lanchantin, Jack and Soffa, Mary Lou and Qi, Yanjun},
  booktitle={2018 IEEE Security and Privacy Workshops (SPW)}, 
  title={Black-Box Generation of Adversarial Text Sequences to Evade Deep Learning Classifiers}, 
  year={2018},
  volume={},
  number={},
  pages={50-56},
  doi={10.1109/SPW.2018.00016}}

 
@misc{localization_adversarial,
      title={Map-based Localization under Adversarial Attacks.}, 
      author={Y Yang, G Huang},
      year={2017},
      journal={International Symposium on Robotics Research (ISRR)},
 
}



@misc{sentence_level,
      title={Adversarial Examples for Evaluating Reading Comprehension Systems}, 
      author={Robin Jia and Percy Liang},
      year={2017},
      eprint={1707.07328},
      archivePrefix={arXiv},
      primaryClass={cs.CL}
}



@misc{graph_adversarial,
      title={Adversarial Attacks on Graph Neural Networks via Meta Learning}, 
      author={Daniel Zügner and Stephan Günnemann},
      year={2019},
      eprint={1902.08412},
      archivePrefix={arXiv},
      primaryClass={cs.LG}
}
@article{spam_filter,
title = {Machine learning for email spam filtering: review, approaches and open research problems},
journal = {Heliyon},

year = {2019},

author = {Emmanuel Gbenga Dada and Joseph Stephen Bassi and Haruna Chiroma and Shafi'i Muhammad Abdulhamid and Adebayo Olusola Adetunmbi and Opeyemi Emmanuel Ajibuwa},
}
@article{hate_speach,
   title={Deep Learning for Hate Speech Detection in Tweets},
   
   author={Badjatiya, Pinkesh and Gupta, Shashank and Gupta, Manish and Varma, Vasudeva},
   year={2017}
}


@article{hate_speach_2,
   title={Effective hate-speech detection in Twitter data using recurrent neural networks},
   volume={48},
   author={Pitsilis, Georgios K. and Ramampiaro, Heri and Langseth, Helge},
   year={2018},
 
}



@article{fake_news,
title = {Fake news detection: A hybrid CNN-RNN based deep learning approach},
journal = {International Journal of Information Management Data Insights},
 
year = {2021},
 
author = {Jamal Abdul Nasir and Osama Subhani Khan and Iraklis Varlamis} 
 
}
 

@misc{paws,
      title={PAWS: Paraphrase Adversaries from Word Scrambling}, 
      author={Yuan Zhang and Jason Baldridge and Luheng He},
      year={2019},
      eprint={1904.01130},
      archivePrefix={arXiv},
      primaryClass={cs.CL}
}

@misc{scpn,
      title={Adversarial Example Generation with Syntactically Controlled Paraphrase Networks}, 
      author={Mohit Iyyer and John Wieting and Kevin Gimpel and Luke Zettlemoyer},
      year={2018},
      eprint={1804.06059},
      archivePrefix={arXiv},
      primaryClass={cs.CL}
}

@misc{advbert,
      title={Adv-BERT: BERT is not robust on misspellings! Generating nature adversarial samples on BERT}, 
      author={Lichao Sun and Kazuma Hashimoto and Wenpeng Yin and Akari Asai and Jia Li and Philip Yu and Caiming Xiong},
      year={2020},
      eprint={2003.04985},
      archivePrefix={arXiv},
      primaryClass={cs.CL}
}

@inproceedings{distilbert,
      title={DistilBERT, a distilled version of BERT: smaller, faster, cheaper and lighter}, 
      author={Victor Sanh and Lysandre Debut and Julien Chaumond and Thomas Wolf},
      year={2020},
      eprint={1910.01108},
      archivePrefix={arXiv},
      primaryClass={cs.CL},
      
}


@inproceedings{cer2018universal,
    title = "Universal Sentence Encoder for {E}nglish",
    author = "Cer, Daniel  and
      Yang, Yinfei  and
      Kong, Sheng-yi  and
      Hua, Nan  and
      Limtiaco, Nicole  and
      St. John, Rhomni  and
      Constant, Noah  and
      Guajardo-Cespedes, Mario  and
      Yuan, Steve  and
      Tar, Chris  and
      Strope, Brian  and
      Kurzweil, Ray",
    booktitle = "Proceedings of the 2018 Conference on Empirical Methods in Natural Language Processing: System Demonstrations",
    month = nov,
    year = "2018",
    address = "Brussels, Belgium",
    publisher = "Association for Computational Linguistics",
    url = "https://aclanthology.org/D18-2029",
    doi = "10.18653/v1/D18-2029",
    pages = "169--174"
}



@article{MES,
      title={Model Extraction and Adversarial Transferability, Your BERT is Vulnerable!}, 
      author={Xuanli He and Lingjuan Lyu and Qiongkai Xu and Lichao Sun},
      year={2021},
      eprint={2103.10013},
      archivePrefix={arXiv},
      primaryClass={cs.CL}
}
 

@article{homoglyphs,
  title={Bad Characters: Imperceptible NLP Attacks},
  doi = {10.48550/ARXIV.2106.09898},
  author={Nicholas P. Boucher and Ilia Shumailov and Ross Anderson and Nicolas Papernot},
  journal={2022 IEEE Symposium on Security and Privacy (SP)},
  year={2021},
  pages={1987-2004}
}



@inproceedings{jones1995exploring,
    title = "Exploring the Role of Punctuation in Parsing Natural Text",
    author = "Jones, Bernard E. M.",
    booktitle = "{COLING} 1994 Volume 1: The 15th {I}nternational {C}onference on {C}omputational {L}inguistics",
    month = aug,
    year = "1994",
    address = "Kyoto, Japan",
    url = "https://aclanthology.org/C94-1069",
}


@inproceedings{punctuation_removal_drop,
    title = "How does Punctuation Affect Neural Models in Natural Language Inference",
    author = "Ek, Adam  and
      Bernardy, Jean-Philippe  and
      Chatzikyriakidis, Stergios",
    booktitle = "Proceedings of the Probability and Meaning Conference (PaM 2020)",
    month = jun,
    year = "2020",
    address = "Gothenburg",
    publisher = "Association for Computational Linguistics",
    url = "https://aclanthology.org/2020.pam-1.15",
     
}


@article{language_tool,
author = {Miłkowski, Marcin},
year = {2010},
month = {01},
pages = {543-566},
title = {Developing an open-source, rule-based proofreading tool},
volume = {40},
journal = {Software Practice and Experience},
doi = {10.1002/spe.v40:7}
}





 
 


------------------------------------PAPER 2 END------------------ 

-----------------------------------PAPER 3 START---------------


@misc{AT_Domain_Adaptation,
  doi = {10.48550/ARXIV.1810.00740},
  
  url = {https://arxiv.org/abs/1810.00740},
  
  author = {Song, Chuanbiao and He, Kun and Wang, Liwei and Hopcroft, John E.},
  
  keywords = {Machine Learning (cs.LG), Computer Vision and Pattern Recognition (cs.CV), Machine Learning (stat.ML), FOS: Computer and information sciences, FOS: Computer and information sciences},
  
  title = {Improving the Generalization of Adversarial Training with Domain Adaptation},
  
  publisher = {arXiv},
  
  year = {2018},
  
  copyright = {arXiv.org perpetual, non-exclusive license}
}


@misc{Anomaly_Detection,
      title={Defending Pre-trained Language Models from Adversarial Word Substitutions Without Performance Sacrifice}, 
      author={Rongzhou Bao and Jiayi Wang and Hai Zhao},
      year={2021},
      eprint={2105.14553},
      archivePrefix={arXiv},
      primaryClass={cs.CL}
}


@inproceedings{Semantic_Encoder,
  title={Natural language adversarial defense through synonym encoding},
  author={Xiaosen Wang and Hao Jin and Yichen Yang and Kun He},
  booktitle={Conference on Uncertainty in Artificial Intelligence},
  year={2019},
  url={https://api.semanticscholar.org/CorpusID:235436358}
}

@inproceedings{Detector,
	doi = {10.18653/v1/2022.acl-long.538},
  
	url = {https://doi.org/10.18653%2Fv1%2F2022.acl-long.538},
  
	year = 2022,
	publisher = {Association for Computational Linguistics},
  
	author = {Edoardo Mosca and Shreyash Agarwal and Javier Rando Ram{\'{\i}
}rez and Georg Groh},
  
	title = {{\textquotedblleft}That Is a Suspicious Reaction!{\textquotedblright}: Interpreting Logits Variation to Detect {NLP} Adversarial Attacks},
  
	booktitle = {Proceedings of the 60th Annual Meeting of the Association for Computational Linguistics (Volume 1: Long Papers)}
}


@inproceedings{Robustness_Aware,
    title = "Robustness-Aware Word Embedding Improves Certified Robustness to Adversarial Word Substitutions",
    author = "Wang, Yibin  and
      Yang, Yichen  and
      He, Di  and
      He, Kun",
    booktitle = "Findings of the Association for Computational Linguistics: ACL 2023",
    month = jul,
    year = "2023",
    address = "Toronto, Canada",
    publisher = "Association for Computational Linguistics",
    url = "https://aclanthology.org/2023.findings-acl.42",
    doi = "10.18653/v1/2023.findings-acl.42",
    pages = "673--687", 
}


@misc{Confounder_Certified,
      title={Certified Robustness Against Natural Language Attacks by Causal Intervention}, 
      author={Haiteng Zhao and Chang Ma and Xinshuai Dong and Anh Tuan Luu and Zhi-Hong Deng and Hanwang Zhang},
      year={2022},
      eprint={2205.12331},
      archivePrefix={arXiv},
      primaryClass={cs.LG}
}

@misc{Adversarial_LLM3,
      title={On the Robustness of ChatGPT: An Adversarial and Out-of-distribution Perspective}, 
      author={Jindong Wang and Xixu Hu and Wenxin Hou and Hao Chen and Runkai Zheng and Yidong Wang and Linyi Yang and Haojun Huang and Wei Ye and Xiubo Geng and Binxin Jiao and Yue Zhang and Xing Xie},
      year={2023},
      eprint={2302.12095},
      archivePrefix={arXiv},
      primaryClass={cs.AI}
}

@inproceedings{SAFER,
    title = "{SAFER}: A Structure-free Approach for Certified Robustness to Adversarial Word Substitutions",
    author = "Ye, Mao  and
      Gong, Chengyue  and
      Liu, Qiang",
    booktitle = "Proceedings of the 58th Annual Meeting of the Association for Computational Linguistics",
    month = jul,
    year = "2020",
    address = "Online",
    publisher = "Association for Computational Linguistics",
    url = "https://aclanthology.org/2020.acl-main.317",
    doi = "10.18653/v1/2020.acl-main.317",
    pages = "3465--3475", 
}

@inproceedings{IBP,
    title = "Certified Robustness to Adversarial Word Substitutions",
    author = {Jia, Robin  and
      Raghunathan, Aditi  and
      G{\"o}ksel, Kerem  and
      Liang, Percy},
    booktitle = "Proceedings of the 2019 Conference on Empirical Methods in Natural Language Processing and the 9th International Joint Conference on Natural Language Processing (EMNLP-IJCNLP)",
    month = nov,
    year = "2019",
    address = "Hong Kong, China",
    publisher = "Association for Computational Linguistics",
    url = "https://aclanthology.org/D19-1423",
    doi = "10.18653/v1/D19-1423",
    pages = "4129--4142", 
}

@misc{Adversarial_LLM2,
      title={PromptBench: Towards Evaluating the Robustness of Large Language Models on Adversarial Prompts}, 
      author={Kaijie Zhu and Jindong Wang and Jiaheng Zhou and Zichen Wang and Hao Chen and Yidong Wang and Linyi Yang and Wei Ye and Neil Zhenqiang Gong and Yue Zhang and Xing Xie},
      year={2023},
      eprint={2306.04528},
      archivePrefix={arXiv},
      primaryClass={cs.CL}
}

@misc{Adversarial_LLM1,
      title={Adversarial Demonstration Attacks on Large Language Models}, 
      author={Jiongxiao Wang and Zichen Liu and Keun Hee Park and Muhao Chen and Chaowei Xiao},
      year={2023},
      eprint={2305.14950},
      archivePrefix={arXiv},
      primaryClass={cs.CL}
}



@misc{Counter_Fitted_Embeddings,
      title={Counter-fitting Word Vectors to Linguistic Constraints}, 
      author={Nikola Mrkšić and Diarmuid Ó Séaghdha and Blaise Thomson and Milica Gašić and Lina Rojas-Barahona and Pei-Hao Su and David Vandyke and Tsung-Hsien Wen and Steve Young},
      year={2016},
      eprint={1603.00892},
      archivePrefix={arXiv},
      primaryClass={cs.CL}
}

@misc{DNE,
    title={Defense against Adversarial Attacks in NLP via Dirichlet Neighborhood Ensemble},
    author={Yi Zhou, Et al.},
    year={2020},
    eprint={2006.11627},
    archivePrefix={arXiv},
    primaryClass={cs.CL}
}

@inproceedings{ASCC,
title={Towards Robustness Against Natural Language Word Substitutions},
author={Xinshuai Dong and Anh Tuan Luu and Rongrong Ji and Hong Liu},
booktitle={International Conference on Learning Representations},
year={2021},
url={https://openreview.net/forum?id=ks5nebunVn_}
}

@article{Word_Net,
author = {Miller, George A.},
title = {WordNet: A Lexical Database for English},
year = {1995},
issue_date = {Nov. 1995},
publisher = {Association for Computing Machinery},
address = {New York, NY, USA},
volume = {38},
number = {11},
issn = {0001-0782},
url = {https://doi.org/10.1145/219717.219748},
doi = {10.1145/219717.219748},
journal = {Commun. ACM},
month = {11},
pages = {39–41},
numpages = {3}
}

@misc{PGD,
      title={Towards Deep Learning Models Resistant to Adversarial Attacks}, 
      author={Aleksander Madry and Aleksandar Makelov and Ludwig Schmidt and Dimitris Tsipras and Adrian Vladu},
      year={2019},
      eprint={1706.06083},
      archivePrefix={arXiv},
      primaryClass={stat.ML}
}

@misc{FreeLB,
      title={FreeLB: Enhanced Adversarial Training for Natural Language Understanding}, 
      author={Chen Zhu and Yu Cheng and Zhe Gan and Siqi Sun and Tom Goldstein and Jingjing Liu},
      year={2020},
      eprint={1909.11764},
      archivePrefix={arXiv},
      primaryClass={cs.CL}
}



@misc{ADV_GLUE,
      title={Adversarial GLUE: A Multi-Task Benchmark for Robustness Evaluation of Language Models}, 
      author={Boxin Wang and Chejian Xu and Shuohang Wang and Zhe Gan and Yu Cheng and Jianfeng Gao and Ahmed Hassan Awadallah and Bo Li},
      year={2022},
      eprint={2111.02840},
      archivePrefix={arXiv},
      primaryClass={cs.CL}
}

@misc{LLM_Robustness,
      title={On the Robustness of ChatGPT: An Adversarial and Out-of-distribution Perspective}, 
      author={Jindong Wang and Xixu Hu and Wenxin Hou and Hao Chen and Runkai Zheng and Yidong Wang and Linyi Yang and Haojun Huang and Wei Ye and Xiubo Geng and Binxin Jiao and Yue Zhang and Xing Xie},
      year={2023},
      eprint={2302.12095},
      archivePrefix={arXiv},
      primaryClass={cs.AI}
}

@inproceedings{SOME,
    title = "{SOME}: Reference-less Sub-Metrics Optimized for Manual Evaluations of Grammatical Error Correction",
    author = "Yoshimura, Ryoma  and
      Kaneko, Masahiro  and
      Kajiwara, Tomoyuki  and
      Komachi, Mamoru",
    booktitle = "Proceedings of the 28th International Conference on Computational Linguistics",
    month = dec,
    year = "2020",
    address = "Barcelona, Spain (Online)",
    publisher = "International Committee on Computational Linguistics",
    url = "https://aclanthology.org/2020.coling-main.573",
    doi = "10.18653/v1/2020.coling-main.573",
    pages = "6516--6522" ,
}

@misc{TextDefender,
      title={Searching for an Effective Defender: Benchmarking Defense against Adversarial Word Substitution}, 
      author={Zongyi Li and Jianhan Xu and Jiehang Zeng and Linyang Li and Xiaoqing Zheng and Qi Zhang and Kai-Wei Chang and Cho-Jui Hsieh},
      year={2021},
      eprint={2108.12777},
      archivePrefix={arXiv},
      primaryClass={cs.CL}
}

@misc{GRACE,
      title={GRACE: Generating Concise and Informative Contrastive Sample to Explain Neural Network Model's Prediction}, 
      author={Thai Le and Suhang Wang and Dongwon Lee},
      year={2020},
      eprint={1911.02042},
      archivePrefix={arXiv},
      primaryClass={cs.LG}
}

@misc{VAT,
      title={Virtual Adversarial Training: A Regularization Method for Supervised and Semi-Supervised Learning}, 
      author={Takeru Miyato and Shin-ichi Maeda and Masanori Koyama and Shin Ishii},
      year={2018},
      eprint={1704.03976},
      archivePrefix={arXiv},
      primaryClass={stat.ML}
}



@misc{AT,
  doi = {10.48550/ARXIV.1412.6572},
  
  url = {https://arxiv.org/abs/1412.6572},
  
  author = {Goodfellow, Ian J. and Shlens, Jonathon and Szegedy, Christian},
  
  keywords = {Machine Learning (stat.ML), Machine Learning (cs.LG), FOS: Computer and information sciences, FOS: Computer and information sciences},
  
  title = {Explaining and Harnessing Adversarial Examples},
  
  publisher = {arXiv},
  
  year = {2014},
  
  copyright = {arXiv.org perpetual, non-exclusive license}
}

@misc{AT2,
  doi = {10.48550/ARXIV.1605.07725},
  
  url = {https://arxiv.org/abs/1605.07725},
  
  author = {Miyato, Takeru and Dai, Andrew M. and Goodfellow, Ian},
  
  keywords = {Machine Learning (stat.ML), Machine Learning (cs.LG), FOS: Computer and information sciences, FOS: Computer and information sciences},
  
  title = {Adversarial Training Methods for Semi-Supervised Text Classification},
  
  publisher = {arXiv},
  
  year = {2016},
  
  copyright = {arXiv.org perpetual, non-exclusive license}
}

@misc{JAEAT,
  doi = {10.48550/ARXIV.1706.06083},
  
  url = {https://arxiv.org/abs/1706.06083},
  
  author = {Madry, Aleksander and Makelov, Aleksandar and Schmidt, Ludwig and Tsipras, Dimitris and Vladu, Adrian},
  
  keywords = {Machine Learning (stat.ML), Machine Learning (cs.LG), Neural and Evolutionary Computing (cs.NE), FOS: Computer and information sciences, FOS: Computer and information sciences},
  
  title = {Towards Deep Learning Models Resistant to Adversarial Attacks},
  
  publisher = {arXiv},
  
  year = {2017},
  
  copyright = {arXiv.org perpetual, non-exclusive license}
}

@inproceedings{HardLabel,
  title={Generating Natural Language Attacks in a Hard Label Black Box Setting},
  doi = {10.48550/ARXIV.2012.14956},
  author={Rishabh Maheshwary and Saket Maheshwary and Vikram Pudi},
  booktitle={AAAI Conference on Artificial Intelligence},
  year={2020}
}


@misc{MMD,
  doi = {10.48550/ARXIV.0805.2368},
  
  url = {https://arxiv.org/abs/0805.2368},
  
  author = {Gretton, Arthur and Borgwardt, Karsten and Rasch, Malte J. and Scholkopf, Bernhard and Smola, Alexander J.},
  
  keywords = {Machine Learning (cs.LG), Artificial Intelligence (cs.AI), FOS: Computer and information sciences, FOS: Computer and information sciences, G.3; I.2.6},
  
  title = {A Kernel Method for the Two-Sample Problem},
  
  publisher = {arXiv},
  
  year = {2008},
  
  copyright = {arXiv.org perpetual, non-exclusive license}
}


 

@misc{MMD_Distance,
  author={Pan, Sinno Jialin and Tsang, Ivor W. and Kwok, James T. and Yang, Qiang},
  journal={IEEE Transactions on Neural Networks}, 
  title={Domain Adaptation via Transfer Component Analysis}, 
  year={2011},
  volume={22},
  number={2},
  pages={199-210},
  doi={10.1109/TNN.2010.2091281}}


@misc{CORAL,
  doi = {10.48550/ARXIV.1511.05547},
  
  url = {https://arxiv.org/abs/1511.05547},
  
  author = {Sun, Baochen and Feng, Jiashi and Saenko, Kate},
  
  keywords = {Computer Vision and Pattern Recognition (cs.CV), Artificial Intelligence (cs.AI), Machine Learning (cs.LG), Neural and Evolutionary Computing (cs.NE), FOS: Computer and information sciences, FOS: Computer and information sciences},
  
  title = {Return of Frustratingly Easy Domain Adaptation},
  
  publisher = {arXiv},
  
  year = {2015},
  
  copyright = {arXiv.org perpetual, non-exclusive license}
}

@inproceedings{OT_Images,
	doi = {10.1109/icpr48806.2021.9413327},
   
	year = 2021,
	month = {01},
  
	publisher = {{IEEE}},
  
	author = {Quentin Bouniot and Romaric Audigier and Angelique Loesch},
  
	title = {Optimal Transport as a Defense Against Adversarial Attacks},
  
	booktitle = {2020 25th International Conference on Pattern Recognition ({ICPR})}
}


@misc{Online_AT,
  doi = {10.48550/ARXIV.2104.05062},
  
  url = {https://arxiv.org/abs/2104.05062},
  
  author = {Ivgi, Maor and Berant, Jonathan},
  
  keywords = {Machine Learning (cs.LG), Computation and Language (cs.CL), FOS: Computer and information sciences, FOS: Computer and information sciences},
  
  title = {Achieving Model Robustness through Discrete Adversarial Training},
  
  publisher = {arXiv},
  
  year = {2021},
  
  copyright = {arXiv.org perpetual, non-exclusive license}
}



@article{Sinkhorn,
  doi = {10.48550/ARXIV.1306.0895},
  
  url = {https://arxiv.org/abs/1306.0895},
  
  author = {Cuturi, Marco},
  
  keywords = {Machine Learning (stat.ML), FOS: Computer and information sciences, FOS: Computer and information sciences},
  
  title = {Sinkhorn Distances: Lightspeed Computation of Optimal Transportation Distances},
  
  publisher = {arXiv},
  
  year = {2013},
  
  copyright = {arXiv.org perpetual, non-exclusive license}
}

@misc{Alignment_Attention,
  doi = {10.48550/ARXIV.2110.12567},
  
  url = {https://arxiv.org/abs/2110.12567},
  
  author = {Zhang, Shujian and Fan, Xinjie and Zheng, Huangjie and Tanwisuth, Korawat and Zhou, Mingyuan},
  
  keywords = {Machine Learning (cs.LG), Computation and Language (cs.CL), Machine Learning (stat.ML), FOS: Computer and information sciences, FOS: Computer and information sciences},
  
  title = {Alignment Attention by Matching Key and Query Distributions},
  
  publisher = {arXiv},
  
  year = {2021},
  
  copyright = {Creative Commons Attribution 4.0 International}
}


@misc{Sinkhorn2,
  doi = {10.48550/ARXIV.1810.08278},
  
  url = {https://arxiv.org/abs/1810.08278},
  
  author = {Feydy, Jean and Séjourné, Thibault and Vialard, François-Xavier and Amari, Shun-ichi and Trouvé, Alain and Peyré, Gabriel},
  
  keywords = {Statistics Theory (math.ST), FOS: Mathematics, FOS: Mathematics, 62},
  
  title = {Interpolating between Optimal Transport and MMD using Sinkhorn Divergences},
  
  publisher = {arXiv},
  
  year = {2018},
  
  copyright = {arXiv.org perpetual, non-exclusive license}
}



@misc{Online_Learning,
  doi = {10.48550/ARXIV.2104.05062},
  
  url = {https://arxiv.org/abs/2104.05062},
  
  author = {Ivgi, Maor and Berant, Jonathan},
  
  keywords = {Machine Learning (cs.LG), Computation and Language (cs.CL), FOS: Computer and information sciences, FOS: Computer and information sciences},
  
  title = {Achieving Model Robustness through Discrete Adversarial Training},
  
  publisher = {arXiv},
  
  year = {2021},
  
  copyright = {arXiv.org perpetual, non-exclusive license}
}
@misc{Textfooler,
  doi = {10.48550/ARXIV.1907.11932},
  
  url = {https://arxiv.org/abs/1907.11932},
  
  author = {Jin, Di and Jin, Zhijing and Zhou, Joey Tianyi and Szolovits, Peter},
  
  keywords = {Computation and Language (cs.CL), Artificial Intelligence (cs.AI), Machine Learning (cs.LG), FOS: Computer and information sciences, FOS: Computer and information sciences},
  
  title = {Is BERT Really Robust? A Strong Baseline for Natural Language Attack on Text Classification and Entailment},
  
  publisher = {arXiv},
  
  year = {2019},
  
  copyright = {Creative Commons Attribution 4.0 International}
}




@misc{TextAttack,
  doi = {10.48550/ARXIV.2005.05909},
  
  url = {https://arxiv.org/abs/2005.05909},
  
  author = {Morris, John X. and Lifland, Eli and Yoo, Jin Yong and Grigsby, Jake and Jin, Di and Qi, Yanjun},
  
  keywords = {Computation and Language (cs.CL), Artificial Intelligence (cs.AI), Machine Learning (cs.LG), FOS: Computer and information sciences, FOS: Computer and information sciences},
  
  title = {TextAttack: A Framework for Adversarial Attacks, Data Augmentation, and Adversarial Training in NLP},
  
  publisher = {arXiv},
  
  year = {2020},
  
  copyright = {arXiv.org perpetual, non-exclusive license}
}



@misc{KQV_Align,
  doi = {10.48550/ARXIV.2110.12567},
  
  url = {https://arxiv.org/abs/2110.12567},
  
  author = {Zhang, Shujian and Fan, Xinjie and Zheng, Huangjie and Tanwisuth, Korawat and Zhou, Mingyuan},
  
  keywords = {Machine Learning (cs.LG), Computation and Language (cs.CL), Machine Learning (stat.ML), FOS: Computer and information sciences, FOS: Computer and information sciences},
  
  title = {Alignment Attention by Matching Key and Query Distributions},
  
  publisher = {arXiv},
  
  year = {2021},
  
  copyright = {Creative Commons Attribution 4.0 International}
}


@misc{Sinkhorn3, 
  url = {https://www.jeanfeydy.com/geometric_data_analysis.pdf},
  
  author = {Feydy, Jean},
  year = {2020},
  title = {Geometric data analysis, beyond convolutions},
  
 
}



@article{Datashift,
title = {A unifying view on dataset shift in classification},
journal = {Pattern Recognition},
volume = {45},
number = {1},
pages = {521-530},
year = {2012},
issn = {0031-3203},
doi = {https://doi.org/10.1016/j.patcog.2011.06.019},
url = {https://www.sciencedirect.com/science/article/pii/S0031320311002901},
author = {Jose G. Moreno-Torres and Troy Raeder and Rocío Alaiz-Rodríguez and Nitesh V. Chawla and Francisco Herrera},
keywords = {Dataset shift, Data fracture, Changing environments, Differing training and test populations, Covariate shift, Sample selection bias, Non-stationary distributions},
 
}



@misc{Attacksurvey,
  doi = {10.48550/ARXIV.1810.00069},
  
  url = {https://arxiv.org/abs/1810.00069},
  
  author = {Chakraborty, Anirban and Alam, Manaar and Dey, Vishal and Chattopadhyay, Anupam and Mukhopadhyay, Debdeep},
  
  keywords = {Machine Learning (cs.LG), Cryptography and Security (cs.CR), Machine Learning (stat.ML), FOS: Computer and information sciences, FOS: Computer and information sciences},
  
  title = {Adversarial Attacks and Defences: A Survey},
  
  publisher = {arXiv},
  
  year = {2018},
  
  copyright = {arXiv.org perpetual, non-exclusive license}
}

 


@inproceedings{Hero, title = "From Hero to Z{'e}roe: A Benchmark of Low-Level Adversarial Attacks", author = "Eger, Steffen and Benz, Yannik", booktitle = "Proceedings of the 1st Conference of the Asia-Pacific Chapter of the Association for Computational Linguistics and the 10th International Joint Conference on Natural Language Processing", month = dec, year = "2020", address = "Suzhou, China", publisher = "Association for Computational Linguistics", url = "https://aclanthology.org/2020.aacl-main.79", pages = "786--803",   }

@inproceedings{Viper,
    title = "Text Processing Like Humans Do: Visually Attacking and Shielding {NLP} Systems",
    author = {Eger, Steffen  and
      {\c{S}}ahin, G{\"o}zde G{\"u}l  and
      R{\"u}ckl{\'e}, Andreas  and
      Lee, Ji-Ung  and
      Schulz, Claudia  and
      Mesgar, Mohsen  and
      Swarnkar, Krishnkant  and
      Simpson, Edwin  and
      Gurevych, Iryna},
    year = "2019",
   
}


@misc{Convexhull,
  doi = {10.48550/ARXIV.2107.13541},
  
  url = {https://arxiv.org/abs/2107.13541},
  
  author = {Dong, Xinshuai and Luu, Anh Tuan and Ji, Rongrong and Liu, Hong},
  
  keywords = {Computation and Language (cs.CL), FOS: Computer and information sciences, FOS: Computer and information sciences},
  
  title = {Towards Robustness Against Natural Language Word Substitutions},
  
  publisher = {arXiv},
  
  year = {2021},
  
  copyright = {arXiv.org perpetual, non-exclusive license}
}


@article{L2ball1,
  doi = {10.48550/ARXIV.1805.02917},
  
  url = {https://arxiv.org/abs/1805.02917},
  
  author = {Sato, Motoki and Suzuki, Jun and Shindo, Hiroyuki and Matsumoto, Yuji},
  
  keywords = {Machine Learning (cs.LG), Computation and Language (cs.CL), Machine Learning (stat.ML), FOS: Computer and information sciences, FOS: Computer and information sciences},
  
  title = {Interpretable Adversarial Perturbation in Input Embedding Space for Text},
  
  publisher = {arXiv},
  
  year = {2018},
  
  copyright = {arXiv.org perpetual, non-exclusive license}
}


@misc{L2ball2,
  doi = {10.48550/ARXIV.1905.12864},
  
  url = {https://arxiv.org/abs/1905.12864},
  
  author = {Barham, Samuel and Feizi, Soheil},
  
  keywords = {Machine Learning (cs.LG), Computation and Language (cs.CL), Machine Learning (stat.ML), FOS: Computer and information sciences, FOS: Computer and information sciences},
  
  title = {Interpretable Adversarial Training for Text},
  
  publisher = {arXiv},
  
  year = {2019},
  
  copyright = {arXiv.org perpetual, non-exclusive license}
}





@article{Sememepso,
   title={Word-level Textual Adversarial Attacking as Combinatorial Optimization},
   url={http://dx.doi.org/10.18653/v1/2020.acl-main.540},
   DOI={10.18653/v1/2020.acl-main.540},
   journal={Proceedings of the 58th Annual Meeting of the Association for Computational Linguistics},
   publisher={Association for Computational Linguistics},
   author={Zang, Yuan and Qi, Fanchao and Yang, Chenghao and Liu, Zhiyuan and Zhang, Meng and Liu, Qun and Sun, Maosong},
   year={2020}
}


@article{Inflection,
   title={It’s Morphin’ Time! Combating Linguistic Discrimination with Inflectional Perturbations},
   url={http://dx.doi.org/10.18653/v1/2020.acl-main.263},
   DOI={10.18653/v1/2020.acl-main.263},
   journal={Proceedings of the 58th Annual Meeting of the Association for Computational Linguistics},
   publisher={Association for Computational Linguistics},
   author={Tan, Samson and Joty, Shafiq and Kan, Min-Yen and Socher, Richard},
   year={2020}
}

 

@article{Universalsentenceencoder,
  title={Universal sentence encoder},
  author={Cer, Daniel and Yang, Yinfei and Kong, Sheng-yi and Hua, Nan and Limtiaco, Nicole and John, Rhomni St and Constant, Noah and Guajardo-Cespedes, Mario and Yuan, Steve and Tar, Chris and others},
  journal={arXiv preprint arXiv:1803.11175},
  year={2018}
}


@misc{Bertsentence,
  doi = {10.48550/ARXIV.1908.10084},
  
  url = {https://arxiv.org/abs/1908.10084},
  
  author = {Reimers, Nils and Gurevych, Iryna},
  
  keywords = {Computation and Language (cs.CL), FOS: Computer and information sciences, FOS: Computer and information sciences},
  
  title = {Sentence-BERT: Sentence Embeddings using Siamese BERT-Networks},
  
  publisher = {arXiv},
  
  year = {2019},
  
  copyright = {Creative Commons Attribution Share Alike 4.0 International}
}



@article{Genetic,
  title={Generating natural language adversarial examples},
  author={Alzantot, Moustafa and Sharma, Yash and Elgohary, Ahmed and Ho, Bo-Jhang and Srivastava, Mani and Chang, Kai-Wei},
  journal={arXiv preprint arXiv:1804.07998},
  year={2018}
}

@inproceedings{
MART,
title={Improving Adversarial Robustness Requires Revisiting Misclassified Examples},
author={Yisen Wang and Difan Zou and Jinfeng Yi and James Bailey and Xingjun Ma and Quanquan Gu},
booktitle={International Conference on Learning Representations},
year={2020},
url={https://openreview.net/forum?id=rklOg6EFwS}
}

@misc{FGPM,
      title={Adversarial Training with Fast Gradient Projection Method against Synonym Substitution based Text Attacks}, 
      author={Xiaosen Wang and Yichen Yang and Yihe Deng and Kun He},
      year={2020},
      eprint={2008.03709},
      archivePrefix={arXiv},
      primaryClass={cs.CL}
} 

@misc{CLP,
      title={Adversarial Logit Pairing}, 
      author={Harini Kannan and Alexey Kurakin and Ian Goodfellow},
      year={2018},
      eprint={1803.06373},
      archivePrefix={arXiv},
      primaryClass={cs.LG}
}

@misc{TRADES,
      title={Theoretically Principled Trade-off between Robustness and Accuracy}, 
      author={Hongyang Zhang and Yaodong Yu and Jiantao Jiao and Eric P. Xing and Laurent El Ghaoui and Michael I. Jordan},
      year={2019},
      eprint={1901.08573},
      archivePrefix={arXiv},
      primaryClass={cs.LG}
}

@misc{MMA,
      title={MMA Training: Direct Input Space Margin Maximization through Adversarial Training}, 
      author={Gavin Weiguang Ding and Yash Sharma and Kry Yik Chau Lui and Ruitong Huang},
      year={2020},
      eprint={1812.02637},
      archivePrefix={arXiv},
      primaryClass={cs.LG}
}




 


@misc{Thong,
  doi = {10.48550/ARXIV.2112.03473},
  
  url = {https://arxiv.org/abs/2112.03473},
  
  author = {Nguyen, Thong and Tuan, Luu Anh},
  
  keywords = {Computation and Language (cs.CL), FOS: Computer and information sciences, FOS: Computer and information sciences},
  
  title = {Improving Neural Cross-Lingual Summarization via Employing Optimal Transport Distance for Knowledge Distillation},
  
  publisher = {arXiv},
  
  year = {2021},
  
  copyright = {Creative Commons Attribution 4.0 International}
}

@inproceedings{GloVe,
    title = "{G}lo{V}e: Global Vectors for Word Representation",
    author = "Pennington, Jeffrey  and
      Socher, Richard  and
      Manning, Christopher",
    booktitle = "Proceedings of the 2014 Conference on Empirical Methods in Natural Language Processing ({EMNLP})",
    month = oct,
    year = "2014",
    address = "Doha, Qatar",
    publisher = "Association for Computational Linguistics",
    url = "https://aclanthology.org/D14-1162",
    doi = "10.3115/v1/D14-1162",
    pages = "1532--1543",
}



@InProceedings{Optimal_Transport_Limitation,
title = {Improving Mini-batch Optimal Transport via Partial Transportation},
author = {Nguyen, Khai and Nguyen, Dang and Vu-Le, The-Anh and Pham, Tung and Ho, Nhat},
booktitle = {Proceedings of the 39th International Conference on Machine Learning},
pages = {16656–16690},
year = {2022},
editor = {Chaudhuri, Kamalika and Jegelka, Stefanie and Song, Le and Szepesvari, Csaba and Niu, Gang and Sabato, Sivan},
volume = {162},
series = {Proceedings of Machine Learning Research},
publisher = {PMLR},
pdf = {https://proceedings.mlr.press/v162/nguyen22e/nguyen22e.pdf},
url = {https://proceedings.mlr.press/v162/nguyen22e.html}, 
}



@inproceedings{TextBugger,
	doi = {10.14722/ndss.2019.23138},
  
	url = {https://doi.org/10.14722%2Fndss.2019.23138},
  
	year = 2019,
	publisher = {Internet Society},
  
	author = {Jinfeng Li and Shouling Ji and Tianyu Du and Bo Li and Ting Wang},
  
	title = {{TextBugger}: Generating Adversarial Text Against Real-world Applications},
  
	booktitle = {Proceedings 2019 Network and Distributed System Security Symposium}
}


@inproceedings{PWWS,
    title = "Generating Natural Language Adversarial Examples through Probability Weighted Word Saliency",
    author = "Ren, Shuhuai  and
      Deng, Yihe  and
      He, Kun  and
      Che, Wanxiang",
    booktitle = "Proceedings of the 57th Annual Meeting of the Association for Computational Linguistics",
    month = jul,
    year = "2019",
    address = "Florence, Italy",
    publisher = "Association for Computational Linguistics",
    url = "https://aclanthology.org/P19-1103",
    doi = "10.18653/v1/P19-1103",
    pages = "1085--1097", 
}

 

@misc{RoBERTa,
      title={RoBERTa: A Robustly Optimized BERT Pretraining Approach}, 
      author={Yinhan Liu and Myle Ott and Naman Goyal and Jingfei Du and Mandar Joshi and Danqi Chen and Omer Levy and Mike Lewis and Luke Zettlemoyer and Veselin Stoyanov},
      year={2019},
      eprint={1907.11692},
      archivePrefix={arXiv},
      primaryClass={cs.CL}
}



@misc{Fat,
  doi = {10.48550/ARXIV.2002.11242},
  
  url = {https://arxiv.org/abs/2002.11242},
  
  author = {Zhang, Jingfeng and Xu, Xilie and Han, Bo and Niu, Gang and Cui, Lizhen and Sugiyama, Masashi and Kankanhalli, Mohan},
  
  keywords = {Machine Learning (cs.LG), Machine Learning (stat.ML), FOS: Computer and information sciences, FOS: Computer and information sciences},
  
  title = {Attacks Which Do Not Kill Training Make Adversarial Learning Stronger},
  
  publisher = {arXiv},
  
  year = {2020},
  
  copyright = {arXiv.org perpetual, non-exclusive license}
}
----------------------------PAPER 3 END ------------------------
 




Proposal start
@misc{PAIR,
      title={Jailbreaking Black Box Large Language Models in Twenty Queries}, 
      author={Patrick Chao and Alexander Robey and Edgar Dobriban and Hamed Hassani and George J. Pappas and Eric Wong},
      year={2023},
      eprint={2310.08419},
      archivePrefix={arXiv},
      primaryClass={cs.LG}
}

@misc{HHH,
      title={Training language models to follow instructions with human feedback}, 
      author={Long Ouyang and Jeff Wu and Xu Jiang and Diogo Almeida and Carroll L. Wainwright and Pamela Mishkin and Chong Zhang and Sandhini Agarwal and Katarina Slama and Alex Ray and John Schulman and Jacob Hilton and Fraser Kelton and Luke Miller and Maddie Simens and Amanda Askell and Peter Welinder and Paul Christiano and Jan Leike and Ryan Lowe},
      year={2022},
      eprint={2203.02155},
      archivePrefix={arXiv},
      primaryClass={cs.CL}
}

@misc{LLM_Attack_1,
      title={Universal and Transferable Adversarial Attacks on Aligned Language Models}, 
      author={Andy Zou and Zifan Wang and Nicholas Carlini and Milad Nasr and J. Zico Kolter and Matt Fredrikson},
      year={2023},
      eprint={2307.15043},
      archivePrefix={arXiv},
      primaryClass={cs.CL}
}

@misc{Smooth_LLM,
      title={SmoothLLM: Defending Large Language Models Against Jailbreaking Attacks}, 
      author={Alexander Robey and Eric Wong and Hamed Hassani and George J. Pappas},
      year={2023},
      eprint={2310.03684},
      archivePrefix={arXiv},
      primaryClass={cs.LG}
}

@misc{Randomized_Smoothing,
      title={Certified Adversarial Robustness via Randomized Smoothing}, 
      author={Jeremy M Cohen and Elan Rosenfeld and J. Zico Kolter},
      year={2019},
      eprint={1902.02918},
      archivePrefix={arXiv},
      primaryClass={cs.LG}
}

@inproceedings{
LLM_Fool_Itself,
title={An {LLM} can Fool Itself: A Prompt-Based Adversarial Attack},
author={Xilie Xu and Keyi Kong and Ning Liu and Lizhen Cui and Di Wang and Jingfeng Zhang and Mohan Kankanhalli},
booktitle={The Twelfth International Conference on Learning Representations},
year={2024},
url={https://openreview.net/forum?id=VVgGbB9TNV}
}

@misc{AutoDan_Genetic_Algo,
      title={AutoDAN: Generating Stealthy Jailbreak Prompts on Aligned Large Language Models}, 
      author={Xiaogeng Liu and Nan Xu and Muhao Chen and Chaowei Xiao},
      year={2024},
      eprint={2310.04451},
      archivePrefix={arXiv},
      primaryClass={cs.CL}
}


@inproceedings{
Confidence_Elicitation,
title={Can {LLM}s Express Their Uncertainty? An Empirical Evaluation of Confidence Elicitation in {LLM}s},
author={Miao Xiong and Zhiyuan Hu and Xinyang Lu and YIFEI LI and Jie Fu and Junxian He and Bryan Hooi},
booktitle={The Twelfth International Conference on Learning Representations},
year={2024},
url={https://openreview.net/forum?id=gjeQKFxFpZ}
}

@inproceedings{
Unlearnable,
title={Unlearnable Examples: Making Personal Data Unexploitable},
author={Hanxun Huang and Xingjun Ma and Sarah Monazam Erfani and James Bailey and Yisen Wang},
booktitle={International Conference on Learning Representations},
year={2021},
url={https://openreview.net/forum?id=iAmZUo0DxC0}
}

@inproceedings{Adversarially_Aligned,
 author = {Carlini, Nicholas and Nasr, Milad and Choquette-Choo, Christopher A. and Jagielski, Matthew and Gao, Irena and Koh, Pang Wei W and Ippolito, Daphne and Tramer, Florian and Schmidt, Ludwig},
 booktitle = {Advances in Neural Information Processing Systems},
 editor = {A. Oh and T. Neumann and A. Globerson and K. Saenko and M. Hardt and S. Levine},
 pages = {61478--61500},
 publisher = {Curran Associates, Inc.},
 title = {Are aligned neural networks adversarially aligned?},
 url = {https://proceedings.neurips.cc/paper_files/paper/2023/file/c1f0b856a35986348ab3414177266f75-Paper-Conference.pdf},
 volume = {36},
 year = {2023}
}
 

@misc{
Simple_Defences_Baseline,
title={Baseline Defenses for Adversarial Attacks Against Aligned Language Models},
author={Neel Jain and Avi Schwarzschild and Yuxin Wen and Gowthami Somepalli and John Kirchenbauer and Ping-yeh Chiang and Micah Goldblum and Aniruddha Saha and Jonas Geiping and Tom Goldstein},
year={2024},
url={https://openreview.net/forum?id=0VZP2Dr9KX}
}


@inproceedings{Paraphrase_Attack,
    title = "Adversarial Example Generation with Syntactically Controlled Paraphrase Networks",
    author = "Iyyer, Mohit  and
      Wieting, John  and
      Gimpel, Kevin  and
      Zettlemoyer, Luke",
    editor = "Walker, Marilyn  and
      Ji, Heng  and
      Stent, Amanda",
    booktitle = "Proceedings of the 2018 Conference of the North {A}merican Chapter of the Association for Computational Linguistics: Human Language Technologies, Volume 1 (Long Papers)",
    month = jun,
    year = "2018",
    address = "New Orleans, Louisiana",
    publisher = "Association for Computational Linguistics",
    url = "https://aclanthology.org/N18-1170",
    doi = "10.18653/v1/N18-1170",
    pages = "1875--1885",
    
}


@inproceedings{Paraphrase_Attack_2,
    title = "Improving the Robustness of Question Answering Systems to Question Paraphrasing",
    author = "Gan, Wee Chung  and
      Ng, Hwee Tou",
    editor = "Korhonen, Anna  and
      Traum, David  and
      M{\`a}rquez, Llu{\'\i}s",
    booktitle = "Proceedings of the 57th Annual Meeting of the Association for Computational Linguistics",
    month = jul,
    year = "2019",
    address = "Florence, Italy",
    publisher = "Association for Computational Linguistics",
    url = "https://aclanthology.org/P19-1610",
    doi = "10.18653/v1/P19-1610",
    pages = "6065--6075", 
}


@inproceedings{Attack_Prompt_Generation,
    title = "Attack Prompt Generation for Red Teaming and Defending Large Language Models",
    author = "Deng, Boyi  and
      Wang, Wenjie  and
      Feng, Fuli  and
      Deng, Yang  and
      Wang, Qifan  and
      He, Xiangnan",
    editor = "Bouamor, Houda  and
      Pino, Juan  and
      Bali, Kalika",
    booktitle = "Findings of the Association for Computational Linguistics: EMNLP 2023",
    month = dec,
    year = "2023",
    address = "Singapore",
    publisher = "Association for Computational Linguistics",
    url = "https://aclanthology.org/2023.findings-emnlp.143",
    doi = "10.18653/v1/2023.findings-emnlp.143",
    pages = "2176--2189", 
}

@misc{HHH_Crowd_sourcing,
      title={Training a Helpful and Harmless Assistant with Reinforcement Learning from Human Feedback}, 
      author={Yuntao Bai and Andy Jones and Kamal Ndousse and Amanda Askell and Anna Chen and Nova DasSarma and Dawn Drain and Stanislav Fort and Deep Ganguli and Tom Henighan and Nicholas Joseph and Saurav Kadavath and Jackson Kernion and Tom Conerly and Sheer El-Showk and Nelson Elhage and Zac Hatfield-Dodds and Danny Hernandez and Tristan Hume and Scott Johnston and Shauna Kravec and Liane Lovitt and Neel Nanda and Catherine Olsson and Dario Amodei and Tom Brown and Jack Clark and Sam McCandlish and Chris Olah and Ben Mann and Jared Kaplan},
      year={2022},
      eprint={2204.05862},
      archivePrefix={arXiv},
      primaryClass={cs.CL}
}

@inproceedings{Strenght_In_Numbers_Elicitation,
    title = "Strength in Numbers: Estimating Confidence of Large Language Models by Prompt Agreement",
    author = "Portillo Wightman, Gwenyth  and
      Delucia, Alexandra  and
      Dredze, Mark",
    editor = "Ovalle, Anaelia  and
      Chang, Kai-Wei  and
      Mehrabi, Ninareh  and
      Pruksachatkun, Yada  and
      Galystan, Aram  and
      Dhamala, Jwala  and
      Verma, Apurv  and
      Cao, Trista  and
      Kumar, Anoop  and
      Gupta, Rahul",
    booktitle = "Proceedings of the 3rd Workshop on Trustworthy Natural Language Processing (TrustNLP 2023)",
    month = jul,
    year = "2023",
    address = "Toronto, Canada",
    publisher = "Association for Computational Linguistics",
    url = "https://aclanthology.org/2023.trustnlp-1.28",
    doi = "10.18653/v1/2023.trustnlp-1.28",
    pages = "326--362", 
}

@misc{Elicitation_Instruction_Finetuning,
      title={Enhancing Confidence Expression in Large Language Models Through Learning from Past Experience}, 
      author={Haixia Han and Tingyun Li and Shisong Chen and Jie Shi and Chengyu Du and Yanghua Xiao and Jiaqing Liang and Xin Lin},
      year={2024},
      eprint={2404.10315},
      archivePrefix={arXiv},
      primaryClass={cs.CL}
}

@misc{Language_Models_Mostly_Know,
      title={Language Models (Mostly) Know What They Know}, 
      author={Saurav Kadavath and Tom Conerly and Amanda Askell and Tom Henighan and Dawn Drain and Ethan Perez and Nicholas Schiefer and Zac Hatfield-Dodds and Nova DasSarma and Eli Tran-Johnson and Scott Johnston and Sheer El-Showk and Andy Jones and Nelson Elhage and Tristan Hume and Anna Chen and Yuntao Bai and Sam Bowman and Stanislav Fort and Deep Ganguli and Danny Hernandez and Josh Jacobson and Jackson Kernion and Shauna Kravec and Liane Lovitt and Kamal Ndousse and Catherine Olsson and Sam Ringer and Dario Amodei and Tom Brown and Jack Clark and Nicholas Joseph and Ben Mann and Sam McCandlish and Chris Olah and Jared Kaplan},
      year={2022},
      eprint={2207.05221},
      archivePrefix={arXiv},
      primaryClass={cs.CL}
}

@inproceedings{
Semantic_Uncertainty,
title={Semantic Uncertainty: Linguistic Invariances for Uncertainty Estimation in Natural Language Generation},
author={Lorenz Kuhn and Yarin Gal and Sebastian Farquhar},
booktitle={The Eleventh International Conference on Learning Representations },
year={2023},
url={https://openreview.net/forum?id=VD-AYtP0dve}
}

@misc{Generation_Only_Calibration,
      title={Calibrating Large Language Models Using Their Generations Only}, 
      author={Dennis Ulmer and Martin Gubri and Hwaran Lee and Sangdoo Yun and Seong Joon Oh},
      year={2024},
      eprint={2403.05973},
      archivePrefix={arXiv},
      primaryClass={cs.CL}
}

@misc{Epistetic_Uncertenty,
      title={Teaching Models to Express Their Uncertainty in Words}, 
      author={Stephanie Lin and Jacob Hilton and Owain Evans},
      year={2022},
      eprint={2205.14334},
      archivePrefix={arXiv},
      primaryClass={cs.CL}
}


@misc{Calibration_Logits,
      title={On Calibration of Modern Neural Networks}, 
      author={Chuan Guo and Geoff Pleiss and Yu Sun and Kilian Q. Weinberger},
      year={2017},
      eprint={1706.04599},
      archivePrefix={arXiv},
      primaryClass={cs.LG}
}

@misc{Calibration_Logits_LLMs,
      title={How Can We Know When Language Models Know? On the Calibration of Language Models for Question Answering}, 
      author={Zhengbao Jiang and Jun Araki and Haibo Ding and Graham Neubig},
      year={2021},
      eprint={2012.00955},
      archivePrefix={arXiv},
      primaryClass={cs.CL}
}


@inproceedings{Just_Ask_For_Calibration,
    title = "Just Ask for Calibration: Strategies for Eliciting Calibrated Confidence Scores from Language Models Fine-Tuned with Human Feedback",
    author = "Tian, Katherine  and
      Mitchell, Eric  and
      Zhou, Allan  and
      Sharma, Archit  and
      Rafailov, Rafael  and
      Yao, Huaxiu  and
      Finn, Chelsea  and
      Manning, Christopher",
    editor = "Bouamor, Houda  and
      Pino, Juan  and
      Bali, Kalika",
    booktitle = "Proceedings of the 2023 Conference on Empirical Methods in Natural Language Processing",
    month = dec,
    year = "2023",
    address = "Singapore",
    publisher = "Association for Computational Linguistics",
    url = "https://aclanthology.org/2023.emnlp-main.330",
    doi = "10.18653/v1/2023.emnlp-main.330",
    pages = "5433--5442", 
}

# after moving to emnlp

@misc{LLama,
      title={LLaMA: Open and Efficient Foundation Language Models}, 
      author={Hugo Touvron and Thibaut Lavril and Gautier Izacard and Xavier Martinet and Marie-Anne Lachaux and Timothée Lacroix and Baptiste Rozière and Naman Goyal and Eric Hambro and Faisal Azhar and Aurelien Rodriguez and Armand Joulin and Edouard Grave and Guillaume Lample},
      year={2023},
      eprint={2302.13971},
      archivePrefix={arXiv},
      primaryClass={cs.CL}
}

@misc{Mistral,
      title={Mistral 7B}, 
      author={Albert Q. Jiang and Alexandre Sablayrolles and Arthur Mensch and Chris Bamford and Devendra Singh Chaplot and Diego de las Casas and Florian Bressand and Gianna Lengyel and Guillaume Lample and Lucile Saulnier and Lélio Renard Lavaud and Marie-Anne Lachaux and Pierre Stock and Teven Le Scao and Thibaut Lavril and Thomas Wang and Timothée Lacroix and William El Sayed},
      year={2023},
      eprint={2310.06825},
      archivePrefix={arXiv},
      primaryClass={cs.CL}
}

@inproceedings{Hotflip, title = "{H}ot{F}lip: White-Box Adversarial Examples for Text Classification", author = "Ebrahimi, Javid and Rao, Anyi and Lowd, Daniel and Dou, Dejing", booktitle = "Proceedings of the 56th Annual Meeting of the Association for Computational Linguistics (Volume 2: Short Papers)", month = jul, year = "2018", address = "Melbourne, Australia", publisher = "Association for Computational Linguistics", url = "https://aclanthology.org/P18-2006", doi = "10.18653/v1/P18-2006", pages = "31--36"} 


@misc{AutoDAN_Add_New_Tokens_Algo,
title={Auto{DAN}: Automatic and Interpretable Adversarial Attacks on Large Language Models},
author={Sicheng Zhu and Ruiyi Zhang and Bang An and Gang Wu and Joe Barrow and Furong Huang and Tong Sun},
year={2024},
url={https://openreview.net/forum?id=ZuZujQ9LJV}
}


@article{WordNet,
author = {Miller, George A.},
title = {WordNet: a lexical database for English},
year = {1995},
issue_date = {Nov. 1995},
publisher = {Association for Computing Machinery},
address = {New York, NY, USA},
volume = {38},
number = {11},
issn = {0001-0782},
url = {https://doi.org/10.1145/219717.219748},
doi = {10.1145/219717.219748},
 
journal = {Commun. ACM},
month = {nov},
pages = {39–41},
numpages = {3}
}


@inproceedings{Adversarial_examples,
  author       = {Christian Szegedy and
                  Wojciech Zaremba and
                  Ilya Sutskever and
                  Joan Bruna and
                  Dumitru Erhan and
                  Ian J. Goodfellow and
                  Rob Fergus},
  editor       = {Yoshua Bengio and
                  Yann LeCun},
  title        = {Intriguing properties of neural networks},
  booktitle    = {2nd International Conference on Learning Representations, {ICLR} 2014,
                  Banff, AB, Canada, April 14-16, 2014, Conference Track Proceedings},
  year         = {2014},
  url          = {http://arxiv.org/abs/1312.6199},
  timestamp    = {Thu, 25 Jul 2019 14:35:25 +0200},
  biburl       = {https://dblp.org/rec/journals/corr/SzegedyZSBEGF13.bib},
  bibsource    = {dblp computer science bibliography, https://dblp.org}
}


@misc{Believe_Not_Believe,
      title={To Believe or Not to Believe Your LLM}, 
      author={Yasin Abbasi Yadkori and Ilja Kuzborskij and András György and Csaba Szepesvári},
      year={2024},
      eprint={2406.02543},
      archivePrefix={arXiv},
      primaryClass={cs.LG}
}


@misc{Sparks_Of_AGI,
      title={Sparks of Artificial General Intelligence: Early experiments with GPT-4}, 
      author={Sébastien Bubeck and Varun Chandrasekaran and Ronen Eldan and Johannes Gehrke and Eric Horvitz and Ece Kamar and Peter Lee and Yin Tat Lee and Yuanzhi Li and Scott Lundberg and Harsha Nori and Hamid Palangi and Marco Tulio Ribeiro and Yi Zhang},
      year={2023},
      eprint={2303.12712},
      archivePrefix={arXiv},
      primaryClass={cs.CL}
}


@misc{Gemini,
      title={Gemini: A Family of Highly Capable Multimodal Models}, 
      author={Gemini Team},
      year={2024},
      eprint={2312.11805},
      archivePrefix={arXiv},
      primaryClass={cs.CL}
}


@misc{Epistemic_and_Aleatoric_1,
      title={From Predictions to Decisions: The Importance of Joint Predictive Distributions}, 
      author={Zheng Wen and Ian Osband and Chao Qin and Xiuyuan Lu and Morteza Ibrahimi and Vikranth Dwaracherla and Mohammad Asghari and Benjamin Van Roy},
      year={2022},
      eprint={2107.09224},
      archivePrefix={arXiv},
      primaryClass={cs.LG}
}


@inproceedings{
Epistemic_and_Aleatoric_2,
title={Epistemic Neural Networks},
author={Ian Osband and Zheng Wen and Seyed Mohammad Asghari and Vikranth Dwaracherla and Morteza Ibrahimi and Xiuyuan Lu and Benjamin Van Roy},
booktitle={Thirty-seventh Conference on Neural Information Processing Systems},
year={2023},
url={https://openreview.net/forum?id=dZqcC1qCmB}
}

@inproceedings{
Epistemic_and_Aleatoric_3,
title={Experts Don't Cheat: Learning What You Don't Know By Predicting Pairs},
author={Daniel D. Johnson and Daniel Tarlow and David Duvenaud and Chris J. Maddison},
booktitle={ICLR 2024 Workshop on Reliable and Responsible Foundation Models},
year={2024},
url={https://openreview.net/forum?id=BHSIAor4nd}
}


@inproceedings{SemRoDe,
    title = "{S}em{R}o{D}e: Macro Adversarial Training to Learn Representations that are Robust to Word-Level Attacks",
    author = "Formento, Brian  and
      Feng, Wenjie  and
      Foo, Chuan-Sheng  and
      Luu, Anh Tuan  and
      Ng, See-Kiong",
    editor = "Duh, Kevin  and
      Gomez, Helena  and
      Bethard, Steven",
    booktitle = "Proceedings of the 2024 Conference of the North American Chapter of the Association for Computational Linguistics: Human Language Technologies (Volume 1: Long Papers)",
    month = jun,
    year = "2024",
    address = "Mexico City, Mexico",
    publisher = "Association for Computational Linguistics",
    url = "https://aclanthology.org/2024.naacl-long.443/",
    doi = "10.18653/v1/2024.naacl-long.443",
    pages = "8005--8028"
}

@article{sspattack, title={SSPAttack: A Simple and Sweet Paradigm for Black-Box Hard-Label Textual Adversarial Attack}, volume={37}, url={https://ojs.aaai.org/index.php/AAAI/article/view/26553}, DOI={10.1609/aaai.v37i11.26553},  number={11}, journal={Proceedings of the AAAI Conference on Artificial Intelligence}, author={Liu, Han and Xu, Zhi and Zhang, Xiaotong and Xu, Xiaoming and Zhang, Feng and Ma, Fenglong and Chen, Hongyang and Yu, Hong and Zhang, Xianchao}, year={2023}, month={Jun.}, pages={13228-13235} }


@article{StrategyQA,
    author = {Geva, Mor and Khashabi, Daniel and Segal, Elad and Khot, Tushar and Roth, Dan and Berant, Jonathan},
    title = "{Did Aristotle Use a Laptop? A Question Answering Benchmark with Implicit Reasoning Strategies}",
    journal = {Transactions of the Association for Computational Linguistics},
    volume = {9},
    pages = {346-361},
    year = {2021},
    month = {04},
 
    issn = {2307-387X},
    doi = {10.1162/tacl_a_00370},
    url = {https://doi.org/10.1162/tacl\_a\_00370},
    eprint = {https://direct.mit.edu/tacl/article-pdf/doi/10.1162/tacl\_a\_00370/1924104/tacl\_a\_00370.pdf},
}


@misc{Catastrophic_Jailbreak,
      title={Catastrophic Jailbreak of Open-source LLMs via Exploiting Generation}, 
      author={Yangsibo Huang and Samyak Gupta and Mengzhou Xia and Kai Li and Danqi Chen},
      year={2023},
      eprint={2310.06987},
      archivePrefix={arXiv},
      primaryClass={cs.CL},
      url={https://arxiv.org/abs/2310.06987}, 
}

@misc{Weak_to_Strong,
      title={Weak-to-Strong Jailbreaking on Large Language Models}, 
      author={Xuandong Zhao and Xianjun Yang and Tianyu Pang and Chao Du and Lei Li and Yu-Xiang Wang and William Yang Wang},
      year={2024},
      eprint={2401.17256},
      archivePrefix={arXiv},
      primaryClass={cs.CL},
      url={https://arxiv.org/abs/2401.17256}, 
}

@misc{Crescendo_Jailbreak,
      title={Great, Now Write an Article About That: The Crescendo Multi-Turn LLM Jailbreak Attack}, 
      author={Mark Russinovich and Ahmed Salem and Ronen Eldan},
      year={2024},
      eprint={2404.01833},
      archivePrefix={arXiv},
      primaryClass={cs.CR},
      url={https://arxiv.org/abs/2404.01833}, 
}

@misc{Zero_Shot_Reasoners,
      title={Large Language Models are Zero-Shot Reasoners}, 
      author={Takeshi Kojima and Shixiang Shane Gu and Machel Reid and Yutaka Matsuo and Yusuke Iwasawa},
      year={2023},
      eprint={2205.11916},
      archivePrefix={arXiv},
      primaryClass={cs.CL},
      url={https://arxiv.org/abs/2205.11916}, 
}



@article {Medical_Confidence_Estimation,
	author = {Savage, Thomas and Wang, John and Gallo, Robert and Boukil, Abdessalem and Patel, Vishwesh and Ahmad Safavi-Naini, Seyed Amir and Soroush, Ali and Chen, Jonathan H},
	title = {Large Language Model Uncertainty Measurement and Calibration for Medical Diagnosis and Treatment},
	elocation-id = {2024.06.06.24308399},
	year = {2024},
	doi = {10.1101/2024.06.06.24308399},
	publisher = {Cold Spring Harbor Laboratory Press}, 
	eprint = {https://www.medrxiv.org/content/early/2024/06/10/2024.06.06.24308399.full.pdf},
	journal = {medRxiv}
}



@InProceedings{Second_Order_Uncertainty,
  title = 	 {Second-Order Uncertainty Quantification: A Distance-Based Approach},
  author =       {Sale, Yusuf and Bengs, Viktor and Caprio, Michele and H\"{u}llermeier, Eyke},
  booktitle = 	 {Proceedings of the 41st International Conference on Machine Learning},
  pages = 	 {43060--43076},
  year = 	 {2024},
  editor = 	 {Salakhutdinov, Ruslan and Kolter, Zico and Heller, Katherine and Weller, Adrian and Oliver, Nuria and Scarlett, Jonathan and Berkenkamp, Felix},
  volume = 	 {235},
  series = 	 {Proceedings of Machine Learning Research},
  month = 	 {21--27 Jul},
  publisher =    {PMLR},
  pdf = 	 {https://raw.githubusercontent.com/mlresearch/v235/main/assets/sale24a/sale24a.pdf},
  url = 	 {https://proceedings.mlr.press/v235/sale24a.html},
 
}



@article{TextHoaxer, title={TextHoaxer: Budgeted Hard-Label Adversarial Attacks on Text}, volume={36}, url={https://ojs.aaai.org/index.php/AAAI/article/view/20303}, DOI={10.1609/aaai.v36i4.20303}, number={4}, journal={Proceedings of the AAAI Conference on Artificial Intelligence}, author={Ye, Muchao and Miao, Chenglin and Wang, Ting and Ma, Fenglong}, year={2022}, month={Jun.}, pages={3877-3884} }


@inproceedings{TextHacker,
    title = "{T}ext{H}acker: Learning based Hybrid Local Search Algorithm for Text Hard-label Adversarial Attack",
    author = "Yu, Zhen  and
      Wang, Xiaosen  and
      Che, Wanxiang  and
      He, Kun",
    editor = "Goldberg, Yoav  and
      Kozareva, Zornitsa  and
      Zhang, Yue",
    booktitle = "Findings of the Association for Computational Linguistics: EMNLP 2022",
    month = dec,
    year = "2022",
    address = "Abu Dhabi, United Arab Emirates",
    publisher = "Association for Computational Linguistics",
    url = "https://aclanthology.org/2022.findings-emnlp.44",
    doi = "10.18653/v1/2022.findings-emnlp.44",
    pages = "622--637", 
}


@inproceedings{AutoPrompt,
    title = "{A}uto{P}rompt: {E}liciting {K}nowledge from {L}anguage {M}odels with {A}utomatically {G}enerated {P}rompts",
    author = "Shin, Taylor  and
      Razeghi, Yasaman  and
      Logan IV, Robert L.  and
      Wallace, Eric  and
      Singh, Sameer",
    editor = "Webber, Bonnie  and
      Cohn, Trevor  and
      He, Yulan  and
      Liu, Yang",
    booktitle = "Proceedings of the 2020 Conference on Empirical Methods in Natural Language Processing (EMNLP)",
    month = nov,
    year = "2020",
    address = "Online",
    publisher = "Association for Computational Linguistics",
    url = "https://aclanthology.org/2020.emnlp-main.346",
    doi = "10.18653/v1/2020.emnlp-main.346",
    pages = "4222--4235", 
}




@article{Adversarial_In_Pathology,
    author = {Ghaffari Laleh, Narmin and Truhn, Daniel and Veldhuizen, Gregory Patrick and Han, Tianyu and van Treeck, Marko and Buelow, Roman D. and Langer, Rupert and Dislich, Bastian and Boor, Peter and Schulz, Volkmar and Kather, Jakob Nikolas},
    title = {Adversarial attacks and adversarial robustness in computational pathology},
    journal = {Nature Communications},
    volume = {13},
    number = {1},
    pages = {5711},
    year = {2022}, 
}

@inproceedings{
TAP,
title={Tree of Attacks: Jailbreaking Black-Box {LLM}s Automatically},
author={Anay Mehrotra and Manolis Zampetakis and Paul Kassianik and Blaine Nelson and Hyrum S Anderson and Yaron Singer and Amin Karbasi},
booktitle={The Thirty-eighth Annual Conference on Neural Information Processing Systems},
year={2024},
url={https://openreview.net/forum?id=SoM3vngOH5}
}


@misc{Reading_Comprehension_Survey,
      title={A Survey on Machine Reading Comprehension: Tasks, Evaluation Metrics and Benchmark Datasets}, 
      author={Changchang Zeng and Shaobo Li and Qin Li and Jie Hu and Jianjun Hu},
      year={2020},
      eprint={2006.11880},
      archivePrefix={arXiv},
      primaryClass={cs.CL},
      url={https://arxiv.org/abs/2006.11880}, 
}

@phdthesis{Reading_Comprehension,
  title={Neural Reading Comprehension and Beyond},
  author={Chen, Danqi},
  year={2018},
  school={Stanford University}
}

@article{NarrativeQA,
    title = "The {N}arrative{QA} Reading Comprehension Challenge",
    author = "Ko{\v{c}}isk{\'y}, Tom{\'a}{\v{s}}  and
      Schwarz, Jonathan  and
      Blunsom, Phil  and
      Dyer, Chris  and
      Hermann, Karl Moritz  and
      Melis, G{\'a}bor  and
      Grefenstette, Edward",
    editor = "Lee, Lillian  and
      Johnson, Mark  and
      Toutanova, Kristina  and
      Roark, Brian",
    journal = "Transactions of the Association for Computational Linguistics",
    volume = "6",
    year = "2018",
    address = "Cambridge, MA",
    publisher = "MIT Press",
    url = "https://aclanthology.org/Q18-1023",
    doi = "10.1162/tacl_a_00023",
    pages = "317--328", 
}

@inproceedings{TriviaQA,
    title = "{T}rivia{QA}: A Large Scale Distantly Supervised Challenge Dataset for Reading Comprehension",
    author = "Joshi, Mandar  and
      Choi, Eunsol  and
      Weld, Daniel  and
      Zettlemoyer, Luke",
    editor = "Barzilay, Regina  and
      Kan, Min-Yen",
    booktitle = "Proceedings of the 55th Annual Meeting of the Association for Computational Linguistics (Volume 1: Long Papers)",
    month = jul,
    year = "2017",
    address = "Vancouver, Canada",
    publisher = "Association for Computational Linguistics",
    url = "https://aclanthology.org/P17-1147",
    doi = "10.18653/v1/P17-1147",
    pages = "1601--1611", 
}


@InProceedings{Expected_Calibration_Error,
  title = 	 {On Calibration of Modern Neural Networks},
  author =       {Chuan Guo and Geoff Pleiss and Yu Sun and Kilian Q. Weinberger},
  booktitle = 	 {Proceedings of the 34th International Conference on Machine Learning},
  pages = 	 {1321--1330},
  year = 	 {2017},
  editor = 	 {Precup, Doina and Teh, Yee Whye},
  volume = 	 {70},
  series = 	 {Proceedings of Machine Learning Research},
  month = 	 {06--11 Aug},
  publisher =    {PMLR},
  pdf = 	 {http://proceedings.mlr.press/v70/guo17a/guo17a.pdf},
  url = 	 {https://proceedings.mlr.press/v70/guo17a.html},
 
}


@misc{Generative_Confidence_Elicitation,
      title={Uncertainty Estimation and Quantification for LLMs: A Simple Supervised Approach}, 
      author={Linyu Liu and Yu Pan and Xiaocheng Li and Guanting Chen},
      year={2024},
      eprint={2404.15993},
      archivePrefix={arXiv},
      primaryClass={cs.LG},
      url={https://arxiv.org/abs/2404.15993}, 
}

@misc{Generative_Confidence_Elicitation_Gemma,
      title={Finetuning Language Models to Emit Linguistic Expressions of Uncertainty}, 
      author={Arslan Chaudhry and Sridhar Thiagarajan and Dilan Gorur},
      year={2024},
      eprint={2409.12180},
      archivePrefix={arXiv},
      primaryClass={cs.CL},
      url={https://arxiv.org/abs/2409.12180}, 
}


@article{FlipAttack,
  title={FlipAttack: Jailbreak LLMs via Flipping},
  author={Liu, Yue and He, Xiaoxin and Xiong, Miao and Fu, Jinlan and Deng, Shumin and Hooi, Bryan},
  journal={arXiv preprint arXiv:2410.02832},
  year={2024}
}
 

@inproceedings{
LLM_Code_Reasoning,
title={At Which Training Stage Does Code Data Help {LLM}s Reasoning?},
author={Yingwei Ma and Yue Liu and Yue Yu and Yuanliang Zhang and Yu Jiang and Changjian Wang and Shanshan Li},
booktitle={The Twelfth International Conference on Learning Representations},
year={2024},
url={https://openreview.net/forum?id=KIPJKST4gw}
}
 

@article{AdvLoRA,
  title={AdvLoRA: Adversarial Low-Rank Adaptation of Vision-Language Models},
  author={Ji, Yuheng and Liu, Yue and Zhang, Zhicheng and Zhang, Zhao and Zhao, Yuting and Zhou, Gang and Zhang, Xingwei and Liu, Xinwang and Zheng, Xiaolong},
  journal={arXiv preprint arXiv:2404.13425},
  year={2024}
}

@misc{Robust_Feature_AdvTraining,
      title={Robust LLM safeguarding via refusal feature adversarial training}, 
      author={Lei Yu and Virginie Do and Karen Hambardzumyan and Nicola Cancedda},
      year={2024},
      eprint={2409.20089},
      archivePrefix={arXiv},
      primaryClass={cs.LG},
      url={https://arxiv.org/abs/2409.20089}, 
}

@misc{Efficiant_LLM_AdvTraining,
      title={Efficient Adversarial Training in LLMs with Continuous Attacks}, 
      author={Sophie Xhonneux and Alessandro Sordoni and Stephan Günnemann and Gauthier Gidel and Leo Schwinn},
      year={2024},
      eprint={2405.15589},
      archivePrefix={arXiv},
      primaryClass={cs.LG},
      url={https://arxiv.org/abs/2405.15589}, 
}


@inproceedings{
Self-Consistency,
title={Self-Consistency Improves Chain of Thought Reasoning in Language Models},
author={Xuezhi Wang and Jason Wei and Dale Schuurmans and Quoc V Le and Ed H. Chi and Sharan Narang and Aakanksha Chowdhery and Denny Zhou},
booktitle={The Eleventh International Conference on Learning Representations },
year={2023},
url={https://openreview.net/forum?id=1PL1NIMMrw}
}

@inproceedings{Multi-Hop-Attacks,
    title = "Seemingly Plausible Distractors in Multi-Hop Reasoning: Are Large Language Models Attentive Readers?",
    author = "Bhuiya, Neeladri  and
      Schlegel, Viktor  and
      Winkler, Stefan",
    editor = "Al-Onaizan, Yaser  and
      Bansal, Mohit  and
      Chen, Yun-Nung",
    booktitle = "Proceedings of the 2024 Conference on Empirical Methods in Natural Language Processing",
    month = nov,
    year = "2024",
    address = "Miami, Florida, USA",
    publisher = "Association for Computational Linguistics",
    url = "https://aclanthology.org/2024.emnlp-main.147/",
    doi = "10.18653/v1/2024.emnlp-main.147",
    pages = "2514--2528" 
}



@inproceedings{
StopReasoning,
title={Stop Reasoning! When Multimodal {LLM} with Chain-of-Thought Reasoning Meets Adversarial Image},
author={Zefeng Wang and Zhen Han and Shuo Chen and Fan Xue and Zifeng Ding and Xun Xiao and Volker Tresp and Philip Torr and Jindong Gu},
booktitle={First Conference on Language Modeling},
year={2024},
url={https://openreview.net/forum?id=oqYiYG8PtY}
}

@inproceedings{Reasoning_Robustness,
    title = "Reasoning Robustness of {LLM}s to Adversarial Typographical Errors",
    author = "Gan, Esther  and
      Zhao, Yiran  and
      Cheng, Liying  and
      Yancan, Mao  and
      Goyal, Anirudh  and
      Kawaguchi, Kenji  and
      Kan, Min-Yen  and
      Shieh, Michael",
    editor = "Al-Onaizan, Yaser  and
      Bansal, Mohit  and
      Chen, Yun-Nung",
    booktitle = "Proceedings of the 2024 Conference on Empirical Methods in Natural Language Processing",
    month = nov,
    year = "2024",
    address = "Miami, Florida, USA",
    publisher = "Association for Computational Linguistics",
    url = "https://aclanthology.org/2024.emnlp-main.584/",
    doi = "10.18653/v1/2024.emnlp-main.584",
    pages = "10449--10459"
}


@inproceedings{Extreme_Miscalibration,
    title = "Extreme Miscalibration and the Illusion of Adversarial Robustness",
    author = "Raina, Vyas  and
      Tan, Samson  and
      Cevher, Volkan  and
      Rawal, Aditya  and
      Zha, Sheng  and
      Karypis, George",
    editor = "Ku, Lun-Wei  and
      Martins, Andre  and
      Srikumar, Vivek",
    booktitle = "Proceedings of the 62nd Annual Meeting of the Association for Computational Linguistics (Volume 1: Long Papers)",
    month = aug,
    year = "2024",
    address = "Bangkok, Thailand",
    publisher = "Association for Computational Linguistics",
    url = "https://aclanthology.org/2024.acl-long.137/",
    doi = "10.18653/v1/2024.acl-long.137",
    pages = "2500--2525", 
}