@article{press2021train,
  title={Train short, test long: Attention with linear biases enables input length extrapolation},
  author={Press, Ofir and Smith, Noah A and Lewis, Mike},
  journal={arXiv preprint arXiv:2108.12409},
  year={2021}
}

@article{vaswani2023attention,
      title={Attention Is All You Need}, 
      author={Ashish Vaswani and Noam Shazeer and Niki Parmar and Jakob Uszkoreit and Llion Jones and Aidan N. Gomez and Lukasz Kaiser and Illia Polosukhin},
      year={2023},
      eprint={1706.03762},
      archivePrefix={arXiv},
      primaryClass={cs.CL}
}

@misc{ainslie2023gqa,
      title={GQA: Training Generalized Multi-Query Transformer Models from Multi-Head Checkpoints}, 
      author={Joshua Ainslie and James Lee-Thorp and Michiel de Jong and Yury Zemlyanskiy and Federico Lebrón and Sumit Sanghai},
      year={2023},
      eprint={2305.13245},
      archivePrefix={arXiv},
      primaryClass={cs.CL}
}

@misc{balachandran2023tamilllama,
      title={Tamil-Llama: A New Tamil Language Model Based on Llama 2}, 
      author={Abhinand Balachandran},
      year={2023},
      eprint={2311.05845},
      archivePrefix={arXiv},
      primaryClass={cs.CL}
}
@misc{gala2024airavata,
      title={Airavata: Introducing Hindi Instruction-tuned LLM}, 
      author={Jay Gala and Thanmay Jayakumar and Jaavid Aktar Husain and Aswanth Kumar M and Mohammed Safi Ur Rahman Khan and Diptesh Kanojia and Ratish Puduppully and Mitesh M. Khapra and Raj Dabre and Rudra Murthy and Anoop Kunchukuttan},
      year={2024},
      eprint={2401.15006},
      archivePrefix={arXiv},
      primaryClass={cs.CL}
}

@article{Doddapaneni2022towards,
  title={Towards Leaving No Indic Language Behind: Building Monolingual Corpora, Benchmark and Models for Indic Languages},
  author={Sumanth Doddapaneni and Rahul Aralikatte and Gowtham Ramesh and Shreyansh Goyal and Mitesh M. Khapra and Anoop Kunchukuttan and Pratyush Kumar},
  journal={ArXiv},
  year={2022},
  volume={abs/2212.05409}
}

@misc{kohli2023building,
      title={Building a Llama2-finetuned LLM for Odia Language Utilizing Domain Knowledge Instruction Set}, 
      author={Guneet Singh Kohli and Shantipriya Parida and Sambit Sekhar and Samirit Saha and Nipun B Nair and Parul Agarwal and Sonal Khosla and Kusumlata Patiyal and Debasish Dhal},
      year={2023},
      eprint={2312.12624},
      archivePrefix={arXiv},
      primaryClass={cs.CL}
}

@misc{rafailov2023direct,
      title={Direct Preference Optimization: Your Language Model is Secretly a Reward Model}, 
      author={Rafael Rafailov and Archit Sharma and Eric Mitchell and Stefano Ermon and Christopher D. Manning and Chelsea Finn},
      year={2023},
      eprint={2305.18290},
      archivePrefix={arXiv},
      primaryClass={cs.LG}
}

@article{soldaini2024dolma,
  title={Dolma: An Open Corpus of Three Trillion Tokens for Language Model Pretraining Research},
  author={Soldaini, Luca and Kinney, Rodney and Bhagia, Akshita and Schwenk, Dustin and Atkinson, David and Authur, Russell and Bogin, Ben and Chandu, Khyathi and Dumas, Jennifer and Elazar, Yanai and others},
  journal={arXiv preprint arXiv:2402.00159},
  year={2024}
}

@article{achiam2023gpt,
  title={Gpt-4 technical report},
  author={Achiam, Josh and Adler, Steven and Agarwal, Sandhini and Ahmad, Lama and Akkaya, Ilge and Aleman, Florencia Leoni and Almeida, Diogo and Altenschmidt, Janko and Altman, Sam and Anadkat, Shyamal and others},
  journal={arXiv preprint arXiv:2303.08774},
  year={2023}
}

@misc{claude, 
title={The Claude 3 Model Family: Opus, Sonnet, Haiku},
author={Anthropic},
year={2024}
}

@misc{inflection, 
title={Inflection-2: The Next Step Up},
author={Inflection AI},
year={2024}
}

@misc{perplexity, 
title={Perplexity AI},
url = {https://www.perplexity.ai/search},
author={Perplexity AI},
year={2023}
}
@misc{grok, 
title={Grok AI},
url = {https://x.ai/blog/grok-os},
author={Grok AI},
year={2024}
}
@misc{claude, 
title={Claude AI},
url = {https://claude.ai/},
author={Claude AI},
year={2024}
}

@misc{llama3, 
title={Meta AI},
url = {https://ai.meta.com/blog/meta-llama-3/},
author={meta AI},
year={2024}
}

@misc{jiang2023mistral,
      title={Mistral 7B}, 
      author={Albert Q. Jiang and Alexandre Sablayrolles and Arthur Mensch and Chris Bamford and Devendra Singh Chaplot and Diego de las Casas and Florian Bressand and Gianna Lengyel and Guillaume Lample and Lucile Saulnier and Lélio Renard Lavaud and Marie-Anne Lachaux and Pierre Stock and Teven Le Scao and Thibaut Lavril and Thomas Wang and Timothée Lacroix and William El Sayed},
      year={2023},
      eprint={2310.06825},
      archivePrefix={arXiv},
      primaryClass={cs.CL}
}

@inproceedings{Peng_2017,
   title={Composite Task-Completion Dialogue Policy Learning via Hierarchical
            Deep Reinforcement Learning},
   url={http://dx.doi.org/10.18653/v1/D17-1237},
   DOI={10.18653/v1/d17-1237},
   booktitle={Proceedings of the 2017 Conference on Empirical Methods in Natural
          Language Processing},
   publisher={Association for Computational Linguistics},
   author={Peng, Baolin and Li, Xiujun and Li, Lihong and Gao, Jianfeng and Celikyilmaz, Asli and Lee, Sungjin and Wong, Kam-Fai},
   year={2017} }


@misc{bing, 
title={Bing copilot},
url = {https://www.bing.com/chat?q=Bing+AI},
author={bing},
year={2024}
}


@misc{you, 
title={You.Com},
author={You.Com},
url = {you.com},
year={2023}
}
@misc{Languages_of_India, 
title={Languages of India},
author={wiki},
url = {https://en.wikipedia.org/wiki/Languages_of_India},
year={2024}
}
@misc{mhrd, 
title={mhrd},
author={mhrd},
url = {https://www.education.gov.in/sites/upload_files/mhrd/files/upload_document/languagebr.pdf},
year={2024}
}


@article{ainslie2023gqa,
  title={Gqa: Training generalized multi-query transformer models from multi-head checkpoints},
  author={Ainslie, Joshua and Lee-Thorp, James and de Jong, Michiel and Zemlyanskiy, Yury and Lebr{\'o}n, Federico and Sanghai, Sumit},
  journal={arXiv preprint arXiv:2305.13245},
  year={2023}
}
@misc{press2022train,
      title={Train Short, Test Long: Attention with Linear Biases Enables Input Length Extrapolation}, 
      author={Ofir Press and Noah A. Smith and Mike Lewis},
      year={2022},
      eprint={2108.12409},
      archivePrefix={arXiv},
      primaryClass={cs.CL}
}

@misc{cossu2022continual,
      title={Continual Pre-Training Mitigates Forgetting in Language and Vision}, 
      author={Andrea Cossu and Tinne Tuytelaars and Antonio Carta and Lucia Passaro and Vincenzo Lomonaco and Davide Bacciu},
      year={2022},
      eprint={2205.09357},
      archivePrefix={arXiv},
      primaryClass={cs.LG}
}

@misc{ke2023continual,
      title={Continual Pre-training of Language Models}, 
      author={Zixuan Ke and Yijia Shao and Haowei Lin and Tatsuya Konishi and Gyuhak Kim and Bing Liu},
      year={2023},
      eprint={2302.03241},
      archivePrefix={arXiv},
      primaryClass={cs.CL}
}
@misc{yang2024selfdistillation,
      title={Self-Distillation Bridges Distribution Gap in Language Model Fine-Tuning}, 
      author={Zhaorui Yang and Qian Liu and Tianyu Pang and Han Wang and Haozhe Feng and Minfeng Zhu and Wei Chen},
      year={2024},
      eprint={2402.13669},
      archivePrefix={arXiv},
      primaryClass={cs.CL}
}
@misc{mcinnes2020umap,
      title={UMAP: Uniform Manifold Approximation and Projection for Dimension Reduction}, 
      author={Leland McInnes and John Healy and James Melville},
      year={2020},
      eprint={1802.03426},
      archivePrefix={arXiv},
      primaryClass={stat.ML}
}
@misc{brown2020language,
      title={Language Models are Few-Shot Learners}, 
      author={Tom B. Brown and Benjamin Mann and Nick Ryder and Melanie Subbiah and Jared Kaplan and Prafulla Dhariwal and Arvind Neelakantan and Pranav Shyam and Girish Sastry and Amanda Askell and Sandhini Agarwal and Ariel Herbert-Voss and Gretchen Krueger and Tom Henighan and Rewon Child and Aditya Ramesh and Daniel M. Ziegler and Jeffrey Wu and Clemens Winter and Christopher Hesse and Mark Chen and Eric Sigler and Mateusz Litwin and Scott Gray and Benjamin Chess and Jack Clark and Christopher Berner and Sam McCandlish and Alec Radford and Ilya Sutskever and Dario Amodei},
      year={2020},
      eprint={2005.14165},
      archivePrefix={arXiv},
      primaryClass={cs.CL}
}
@article{Askell2021AGL,
  title={A General Language Assistant as a Laboratory for Alignment},
  author={Amanda Askell and Yuntao Bai and Anna Chen and Dawn Drain and Deep Ganguli and Tom Henighan and Andy Jones and Nicholas Joseph and Benjamin Mann and Nova DasSarma and Nelson Elhage and Zac Hatfield-Dodds and Danny Hernandez and John Kernion and Kamal Ndousse and Catherine Olsson and Dario Amodei and Tom B. Brown and Jack Clark and Sam McCandlish and Christopher Olah and Jared Kaplan},
  journal={ArXiv},
  year={2021},
  volume={abs/2112.00861},
  url={https://api.semanticscholar.org/CorpusID:244799619}
}
@misc{stiennon2022learning,
      title={Learning to summarize from human feedback}, 
      author={Nisan Stiennon and Long Ouyang and Jeff Wu and Daniel M. Ziegler and Ryan Lowe and Chelsea Voss and Alec Radford and Dario Amodei and Paul Christiano},
      year={2022},
      eprint={2009.01325},
      archivePrefix={arXiv},
      primaryClass={cs.CL}
}
@misc{schulman2017proximal,
      title={Proximal Policy Optimization Algorithms}, 
      author={John Schulman and Filip Wolski and Prafulla Dhariwal and Alec Radford and Oleg Klimov},
      year={2017},
      eprint={1707.06347},
      archivePrefix={arXiv},
      primaryClass={cs.LG}
}

@misc{kadavath2022language,
      title={Language Models (Mostly) Know What They Know}, 
      author={Saurav Kadavath and Tom Conerly and Amanda Askell and Tom Henighan and Dawn Drain and Ethan Perez and Nicholas Schiefer and Zac Hatfield-Dodds and Nova DasSarma and Eli Tran-Johnson and Scott Johnston and Sheer El-Showk and Andy Jones and Nelson Elhage and Tristan Hume and Anna Chen and Yuntao Bai and Sam Bowman and Stanislav Fort and Deep Ganguli and Danny Hernandez and Josh Jacobson and Jackson Kernion and Shauna Kravec and Liane Lovitt and Kamal Ndousse and Catherine Olsson and Sam Ringer and Dario Amodei and Tom Brown and Jack Clark and Nicholas Joseph and Ben Mann and Sam McCandlish and Chris Olah and Jared Kaplan},
      year={2022},
      eprint={2207.05221},
      archivePrefix={arXiv},
      primaryClass={cs.CL}
}

@article{touvron2023llama,
  title={Llama 2: Open foundation and fine-tuned chat models},
  author={Touvron, Hugo and Martin, Louis and Stone, Kevin and Albert, Peter and Almahairi, Amjad and Babaei, Yasmine and Bashlykov, Nikolay and Batra, Soumya and Bhargava, Prajjwal and Bhosale, Shruti and others},
  journal={arXiv preprint arXiv:2307.09288},
  year={2023}
}

@article{jiang2023mistral,
  title={Mistral 7B},
  author={Jiang, Albert Q and Sablayrolles, Alexandre and Mensch, Arthur and Bamford, Chris and Chaplot, Devendra Singh and Casas, Diego de las and Bressand, Florian and Lengyel, Gianna and Lample, Guillaume and Saulnier, Lucile and others},
  journal={arXiv preprint arXiv:2310.06825},
  year={2023}
}

@article{khan2024indicllmsuite,
  title={IndicLLMSuite: A Blueprint for Creating Pre-training and Fine-Tuning Datasets for Indian Languages},
  author={Khan, Mohammed Safi Ur Rahman and Mehta, Priyam and Sankar, Ananth and Kumaravelan, Umashankar and Doddapaneni, Sumanth and Jain, Sparsh and Kunchukuttan, Anoop and Kumar, Pratyush and Dabre, Raj and Khapra, Mitesh M and others},
  journal={arXiv preprint arXiv:2403.06350},
  year={2024}
}

@misc{NavarasaTeluguLLMLabs,
title={Navarsa: Indic LLMs based on Gemmma},
author={Telugu Labs}
}

@misc{geminiteam2023gemini,
      title={Gemini: A Family of Highly Capable Multimodal Models}, 
      author={Gemini Team and Rohan Anil and Sebastian Borgeaud and Yonghui Wu and Jean-Baptiste Alayrac and Jiahui Yu and Radu Soricut and Johan Schalkwyk and Andrew M. Dai and Anja Hauth and Katie Millican and David Silver and Slav Petrov and Melvin Johnson and Ioannis Antonoglou and Julian Schrittwieser and Amelia Glaese and Jilin Chen and Emily Pitler and Timothy Lillicrap and Angeliki Lazaridou and Orhan Firat and James Molloy and Michael Isard and Paul R. Barham and Tom Hennigan and Benjamin Lee and Fabio Viola and Malcolm Reynolds and Yuanzhong Xu and Ryan Doherty and Eli Collins and Clemens Meyer and Eliza Rutherford and Erica Moreira and Kareem Ayoub and Megha Goel and George Tucker and Enrique Piqueras and Maxim Krikun and Iain Barr and Nikolay Savinov and Ivo Danihelka and Becca Roelofs and Anaïs White and Anders Andreassen and Tamara von Glehn and Lakshman Yagati and Mehran Kazemi and Lucas Gonzalez and Misha Khalman and Jakub Sygnowski and Alexandre Frechette and Charlotte Smith and Laura Culp and Lev Proleev and Yi Luan and Xi Chen and James Lottes and Nathan Schucher and Federico Lebron and Alban Rrustemi and Natalie Clay and Phil Crone and Tomas Kocisky and Jeffrey Zhao and Bartek Perz and Dian Yu and Heidi Howard and Adam Bloniarz and Jack W. Rae and Han Lu and Laurent Sifre and Marcello Maggioni and Fred Alcober and Dan Garrette and Megan Barnes and Shantanu Thakoor and Jacob Austin and Gabriel Barth-Maron and William Wong and Rishabh Joshi and Rahma Chaabouni and Deeni Fatiha and Arun Ahuja and Ruibo Liu and Yunxuan Li and Sarah Cogan and Jeremy Chen and Chao Jia and Chenjie Gu and Qiao Zhang and Jordan Grimstad and Ale Jakse Hartman and Martin Chadwick and Gaurav Singh Tomar and Xavier Garcia and Evan Senter and Emanuel Taropa and Thanumalayan Sankaranarayana Pillai and Jacob Devlin and Michael Laskin and Diego de Las Casas and Dasha Valter and Connie Tao and Lorenzo Blanco and Adrià Puigdomènech Badia and David Reitter and Mianna Chen and Jenny Brennan and Clara Rivera and Sergey Brin and Shariq Iqbal and Gabriela Surita and Jane Labanowski and Abhi Rao and Stephanie Winkler and Emilio Parisotto and Yiming Gu and Kate Olszewska and Yujing Zhang and Ravi Addanki and Antoine Miech and Annie Louis and Laurent El Shafey and Denis Teplyashin and Geoff Brown and Elliot Catt and Nithya Attaluri and Jan Balaguer and Jackie Xiang and Pidong Wang and Zoe Ashwood and Anton Briukhov and Albert Webson and Sanjay Ganapathy and Smit Sanghavi and Ajay Kannan and Ming-Wei Chang and Axel Stjerngren and Josip Djolonga and Yuting Sun and Ankur Bapna and Matthew Aitchison and Pedram Pejman and Henryk Michalewski and Tianhe Yu and Cindy Wang and Juliette Love and Junwhan Ahn and Dawn Bloxwich and Kehang Han and Peter Humphreys and Thibault Sellam and James Bradbury and Varun Godbole and Sina Samangooei and Bogdan Damoc and Alex Kaskasoli and Sébastien M. R. Arnold and Vijay Vasudevan and Shubham Agrawal and Jason Riesa and Dmitry Lepikhin and Richard Tanburn and Srivatsan Srinivasan and Hyeontaek Lim and Sarah Hodkinson and Pranav Shyam and Johan Ferret and Steven Hand and Ankush Garg and Tom Le Paine and Jian Li and Yujia Li and Minh Giang and Alexander Neitz and Zaheer Abbas and Sarah York and Machel Reid and Elizabeth Cole and Aakanksha Chowdhery and Dipanjan Das and Dominika Rogozińska and Vitaly Nikolaev and Pablo Sprechmann and Zachary Nado and Lukas Zilka and Flavien Prost and Luheng He and Marianne Monteiro and Gaurav Mishra and Chris Welty and Josh Newlan and Dawei Jia and Miltiadis Allamanis and Clara Huiyi Hu and Raoul de Liedekerke and Justin Gilmer and Carl Saroufim and Shruti Rijhwani and Shaobo Hou and Disha Shrivastava and Anirudh Baddepudi and Alex Goldin and Adnan Ozturel and Albin Cassirer and Yunhan Xu and Daniel Sohn and Devendra Sachan and Reinald Kim Amplayo and Craig Swanson and Dessie Petrova and Shashi Narayan and Arthur Guez and Siddhartha Brahma and Jessica Landon and Miteyan Patel and Ruizhe Zhao and Kevin Villela and Luyu Wang and Wenhao Jia and Matthew Rahtz and Mai Giménez and Legg Yeung and Hanzhao Lin and James Keeling and Petko Georgiev and Diana Mincu and Boxi Wu and Salem Haykal and Rachel Saputro and Kiran Vodrahalli and James Qin and Zeynep Cankara and Abhanshu Sharma and Nick Fernando and Will Hawkins and Behnam Neyshabur and Solomon Kim and Adrian Hutter and Priyanka Agrawal and Alex Castro-Ros and George van den Driessche and Tao Wang and Fan Yang and Shuo-yiin Chang and Paul Komarek and Ross McIlroy and Mario Lučić and Guodong Zhang and Wael Farhan and Michael Sharman and Paul Natsev and Paul Michel and Yong Cheng and Yamini Bansal and Siyuan Qiao and Kris Cao and Siamak Shakeri and Christina Butterfield and Justin Chung and Paul Kishan Rubenstein and Shivani Agrawal and Arthur Mensch and Kedar Soparkar and Karel Lenc and Timothy Chung and Aedan Pope and Loren Maggiore and Jackie Kay and Priya Jhakra and Shibo Wang and Joshua Maynez and Mary Phuong and Taylor Tobin and Andrea Tacchetti and Maja Trebacz and Kevin Robinson and Yash Katariya and Sebastian Riedel and Paige Bailey and Kefan Xiao and Nimesh Ghelani and Lora Aroyo and Ambrose Slone and Neil Houlsby and Xuehan Xiong and Zhen Yang and Elena Gribovskaya and Jonas Adler and Mateo Wirth and Lisa Lee and Music Li and Thais Kagohara and Jay Pavagadhi and Sophie Bridgers and Anna Bortsova and Sanjay Ghemawat and Zafarali Ahmed and Tianqi Liu and Richard Powell and Vijay Bolina and Mariko Iinuma and Polina Zablotskaia and James Besley and Da-Woon Chung and Timothy Dozat and Ramona Comanescu and Xiance Si and Jeremy Greer and Guolong Su and Martin Polacek and Raphaël Lopez Kaufman and Simon Tokumine and Hexiang Hu and Elena Buchatskaya and Yingjie Miao and Mohamed Elhawaty and Aditya Siddhant and Nenad Tomasev and Jinwei Xing and Christina Greer and Helen Miller and Shereen Ashraf and Aurko Roy and Zizhao Zhang and Ada Ma and Angelos Filos and Milos Besta and Rory Blevins and Ted Klimenko and Chih-Kuan Yeh and Soravit Changpinyo and Jiaqi Mu and Oscar Chang and Mantas Pajarskas and Carrie Muir and Vered Cohen and Charline Le Lan and Krishna Haridasan and Amit Marathe and Steven Hansen and Sholto Douglas and Rajkumar Samuel and Mingqiu Wang and Sophia Austin and Chang Lan and Jiepu Jiang and Justin Chiu and Jaime Alonso Lorenzo and Lars Lowe Sjösund and Sébastien Cevey and Zach Gleicher and Thi Avrahami and Anudhyan Boral and Hansa Srinivasan and Vittorio Selo and Rhys May and Konstantinos Aisopos and Léonard Hussenot and Livio Baldini Soares and Kate Baumli and Michael B. Chang and Adrià Recasens and Ben Caine and Alexander Pritzel and Filip Pavetic and Fabio Pardo and Anita Gergely and Justin Frye and Vinay Ramasesh and Dan Horgan and Kartikeya Badola and Nora Kassner and Subhrajit Roy and Ethan Dyer and Víctor Campos and Alex Tomala and Yunhao Tang and Dalia El Badawy and Elspeth White and Basil Mustafa and Oran Lang and Abhishek Jindal and Sharad Vikram and Zhitao Gong and Sergi Caelles and Ross Hemsley and Gregory Thornton and Fangxiaoyu Feng and Wojciech Stokowiec and Ce Zheng and Phoebe Thacker and Çağlar Ünlü and Zhishuai Zhang and Mohammad Saleh and James Svensson and Max Bileschi and Piyush Patil and Ankesh Anand and Roman Ring and Katerina Tsihlas and Arpi Vezer and Marco Selvi and Toby Shevlane and Mikel Rodriguez and Tom Kwiatkowski and Samira Daruki and Keran Rong and Allan Dafoe and Nicholas FitzGerald and Keren Gu-Lemberg and Mina Khan and Lisa Anne Hendricks and Marie Pellat and Vladimir Feinberg and James Cobon-Kerr and Tara Sainath and Maribeth Rauh and Sayed Hadi Hashemi and Richard Ives and Yana Hasson and YaGuang Li and Eric Noland and Yuan Cao and Nathan Byrd and Le Hou and Qingze Wang and Thibault Sottiaux and Michela Paganini and Jean-Baptiste Lespiau and Alexandre Moufarek and Samer Hassan and Kaushik Shivakumar and Joost van Amersfoort and Amol Mandhane and Pratik Joshi and Anirudh Goyal and Matthew Tung and Andrew Brock and Hannah Sheahan and Vedant Misra and Cheng Li and Nemanja Rakićević and Mostafa Dehghani and Fangyu Liu and Sid Mittal and Junhyuk Oh and Seb Noury and Eren Sezener and Fantine Huot and Matthew Lamm and Nicola De Cao and Charlie Chen and Gamaleldin Elsayed and Ed Chi and Mahdis Mahdieh and Ian Tenney and Nan Hua and Ivan Petrychenko and Patrick Kane and Dylan Scandinaro and Rishub Jain and Jonathan Uesato and Romina Datta and Adam Sadovsky and Oskar Bunyan and Dominik Rabiej and Shimu Wu and John Zhang and Gautam Vasudevan and Edouard Leurent and Mahmoud Alnahlawi and Ionut Georgescu and Nan Wei and Ivy Zheng and Betty Chan and Pam G Rabinovitch and Piotr Stanczyk and Ye Zhang and David Steiner and Subhajit Naskar and Michael Azzam and Matthew Johnson and Adam Paszke and Chung-Cheng Chiu and Jaume Sanchez Elias and Afroz Mohiuddin and Faizan Muhammad and Jin Miao and Andrew Lee and Nino Vieillard and Sahitya Potluri and Jane Park and Elnaz Davoodi and Jiageng Zhang and Jeff Stanway and Drew Garmon and Abhijit Karmarkar and Zhe Dong and Jong Lee and Aviral Kumar and Luowei Zhou and Jonathan Evens and William Isaac and Zhe Chen and Johnson Jia and Anselm Levskaya and Zhenkai Zhu and Chris Gorgolewski and Peter Grabowski and Yu Mao and Alberto Magni and Kaisheng Yao and Javier Snaider and Norman Casagrande and Paul Suganthan and Evan Palmer and Geoffrey Irving and Edward Loper and Manaal Faruqui and Isha Arkatkar and Nanxin Chen and Izhak Shafran and Michael Fink and Alfonso Castaño and Irene Giannoumis and Wooyeol Kim and Mikołaj Rybiński and Ashwin Sreevatsa and Jennifer Prendki and David Soergel and Adrian Goedeckemeyer and Willi Gierke and Mohsen Jafari and Meenu Gaba and Jeremy Wiesner and Diana Gage Wright and Yawen Wei and Harsha Vashisht and Yana Kulizhskaya and Jay Hoover and Maigo Le and Lu Li and Chimezie Iwuanyanwu and Lu Liu and Kevin Ramirez and Andrey Khorlin and Albert Cui and Tian LIN and Marin Georgiev and Marcus Wu and Ricardo Aguilar and Keith Pallo and Abhishek Chakladar and Alena Repina and Xihui Wu and Tom van der Weide and Priya Ponnapalli and Caroline Kaplan and Jiri Simsa and Shuangfeng Li and Olivier Dousse and Fan Yang and Jeff Piper and Nathan Ie and Minnie Lui and Rama Pasumarthi and Nathan Lintz and Anitha Vijayakumar and Lam Nguyen Thiet and Daniel Andor and Pedro Valenzuela and Cosmin Paduraru and Daiyi Peng and Katherine Lee and Shuyuan Zhang and Somer Greene and Duc Dung Nguyen and Paula Kurylowicz and Sarmishta Velury and Sebastian Krause and Cassidy Hardin and Lucas Dixon and Lili Janzer and Kiam Choo and Ziqiang Feng and Biao Zhang and Achintya Singhal and Tejasi Latkar and Mingyang Zhang and Quoc Le and Elena Allica Abellan and Dayou Du and Dan McKinnon and Natasha Antropova and Tolga Bolukbasi and Orgad Keller and David Reid and Daniel Finchelstein and Maria Abi Raad and Remi Crocker and Peter Hawkins and Robert Dadashi and Colin Gaffney and Sid Lall and Ken Franko and Egor Filonov and Anna Bulanova and Rémi Leblond and Vikas Yadav and Shirley Chung and Harry Askham and Luis C. Cobo and Kelvin Xu and Felix Fischer and Jun Xu and Christina Sorokin and Chris Alberti and Chu-Cheng Lin and Colin Evans and Hao Zhou and Alek Dimitriev and Hannah Forbes and Dylan Banarse and Zora Tung and Jeremiah Liu and Mark Omernick and Colton Bishop and Chintu Kumar and Rachel Sterneck and Ryan Foley and Rohan Jain and Swaroop Mishra and Jiawei Xia and Taylor Bos and Geoffrey Cideron and Ehsan Amid and Francesco Piccinno and Xingyu Wang and Praseem Banzal and Petru Gurita and Hila Noga and Premal Shah and Daniel J. Mankowitz and Alex Polozov and Nate Kushman and Victoria Krakovna and Sasha Brown and MohammadHossein Bateni and Dennis Duan and Vlad Firoiu and Meghana Thotakuri and Tom Natan and Anhad Mohananey and Matthieu Geist and Sidharth Mudgal and Sertan Girgin and Hui Li and Jiayu Ye and Ofir Roval and Reiko Tojo and Michael Kwong and James Lee-Thorp and Christopher Yew and Quan Yuan and Sumit Bagri and Danila Sinopalnikov and Sabela Ramos and John Mellor and Abhishek Sharma and Aliaksei Severyn and Jonathan Lai and Kathy Wu and Heng-Tze Cheng and David Miller and Nicolas Sonnerat and Denis Vnukov and Rory Greig and Jennifer Beattie and Emily Caveness and Libin Bai and Julian Eisenschlos and Alex Korchemniy and Tomy Tsai and Mimi Jasarevic and Weize Kong and Phuong Dao and Zeyu Zheng and Frederick Liu and Fan Yang and Rui Zhu and Mark Geller and Tian Huey Teh and Jason Sanmiya and Evgeny Gladchenko and Nejc Trdin and Andrei Sozanschi and Daniel Toyama and Evan Rosen and Sasan Tavakkol and Linting Xue and Chen Elkind and Oliver Woodman and John Carpenter and George Papamakarios and Rupert Kemp and Sushant Kafle and Tanya Grunina and Rishika Sinha and Alice Talbert and Abhimanyu Goyal and Diane Wu and Denese Owusu-Afriyie and Cosmo Du and Chloe Thornton and Jordi Pont-Tuset and Pradyumna Narayana and Jing Li and Sabaer Fatehi and John Wieting and Omar Ajmeri and Benigno Uria and Tao Zhu and Yeongil Ko and Laura Knight and Amélie Héliou and Ning Niu and Shane Gu and Chenxi Pang and Dustin Tran and Yeqing Li and Nir Levine and Ariel Stolovich and Norbert Kalb and Rebeca Santamaria-Fernandez and Sonam Goenka and Wenny Yustalim and Robin Strudel and Ali Elqursh and Balaji Lakshminarayanan and Charlie Deck and Shyam Upadhyay and Hyo Lee and Mike Dusenberry and Zonglin Li and Xuezhi Wang and Kyle Levin and Raphael Hoffmann and Dan Holtmann-Rice and Olivier Bachem and Summer Yue and Sho Arora and Eric Malmi and Daniil Mirylenka and Qijun Tan and Christy Koh and Soheil Hassas Yeganeh and Siim Põder and Steven Zheng and Francesco Pongetti and Mukarram Tariq and Yanhua Sun and Lucian Ionita and Mojtaba Seyedhosseini and Pouya Tafti and Ragha Kotikalapudi and Zhiyu Liu and Anmol Gulati and Jasmine Liu and Xinyu Ye and Bart Chrzaszcz and Lily Wang and Nikhil Sethi and Tianrun Li and Ben Brown and Shreya Singh and Wei Fan and Aaron Parisi and Joe Stanton and Chenkai Kuang and Vinod Koverkathu and Christopher A. Choquette-Choo and Yunjie Li and TJ Lu and Abe Ittycheriah and Prakash Shroff and Pei Sun and Mani Varadarajan and Sanaz Bahargam and Rob Willoughby and David Gaddy and Ishita Dasgupta and Guillaume Desjardins and Marco Cornero and Brona Robenek and Bhavishya Mittal and Ben Albrecht and Ashish Shenoy and Fedor Moiseev and Henrik Jacobsson and Alireza Ghaffarkhah and Morgane Rivière and Alanna Walton and Clément Crepy and Alicia Parrish and Yuan Liu and Zongwei Zhou and Clement Farabet and Carey Radebaugh and Praveen Srinivasan and Claudia van der Salm and Andreas Fidjeland and Salvatore Scellato and Eri Latorre-Chimoto and Hanna Klimczak-Plucińska and David Bridson and Dario de Cesare and Tom Hudson and Piermaria Mendolicchio and Lexi Walker and Alex Morris and Ivo Penchev and Matthew Mauger and Alexey Guseynov and Alison Reid and Seth Odoom and Lucia Loher and Victor Cotruta and Madhavi Yenugula and Dominik Grewe and Anastasia Petrushkina and Tom Duerig and Antonio Sanchez and Steve Yadlowsky and Amy Shen and Amir Globerson and Adam Kurzrok and Lynette Webb and Sahil Dua and Dong Li and Preethi Lahoti and Surya Bhupatiraju and Dan Hurt and Haroon Qureshi and Ananth Agarwal and Tomer Shani and Matan Eyal and Anuj Khare and Shreyas Rammohan Belle and Lei Wang and Chetan Tekur and Mihir Sanjay Kale and Jinliang Wei and Ruoxin Sang and Brennan Saeta and Tyler Liechty and Yi Sun and Yao Zhao and Stephan Lee and Pandu Nayak and Doug Fritz and Manish Reddy Vuyyuru and John Aslanides and Nidhi Vyas and Martin Wicke and Xiao Ma and Taylan Bilal and Evgenii Eltyshev and Daniel Balle and Nina Martin and Hardie Cate and James Manyika and Keyvan Amiri and Yelin Kim and Xi Xiong and Kai Kang and Florian Luisier and Nilesh Tripuraneni and David Madras and Mandy Guo and Austin Waters and Oliver Wang and Joshua Ainslie and Jason Baldridge and Han Zhang and Garima Pruthi and Jakob Bauer and Feng Yang and Riham Mansour and Jason Gelman and Yang Xu and George Polovets and Ji Liu and Honglong Cai and Warren Chen and XiangHai Sheng and Emily Xue and Sherjil Ozair and Adams Yu and Christof Angermueller and Xiaowei Li and Weiren Wang and Julia Wiesinger and Emmanouil Koukoumidis and Yuan Tian and Anand Iyer and Madhu Gurumurthy and Mark Goldenson and Parashar Shah and MK Blake and Hongkun Yu and Anthony Urbanowicz and Jennimaria Palomaki and Chrisantha Fernando and Kevin Brooks and Ken Durden and Harsh Mehta and Nikola Momchev and Elahe Rahimtoroghi and Maria Georgaki and Amit Raul and Sebastian Ruder and Morgan Redshaw and Jinhyuk Lee and Komal Jalan and Dinghua Li and Ginger Perng and Blake Hechtman and Parker Schuh and Milad Nasr and Mia Chen and Kieran Milan and Vladimir Mikulik and Trevor Strohman and Juliana Franco and Tim Green and Demis Hassabis and Koray Kavukcuoglu and Jeffrey Dean and Oriol Vinyals},
      year={2023},
      eprint={2312.11805},
      archivePrefix={arXiv},
      primaryClass={cs.CL}
}
@article{chen2023beyond,
  title={Beyond Surface: Probing LLaMA Across Scales and Layers},
  author={Chen, Nuo and Wu, Ning and Liang, Shining and Gong, Ming and Shou, Linjun and Zhang, Dongmei and Li, Jia},
  journal={arXiv preprint arXiv:2312.04333},
  year={2023}
}
@inproceedings{buck2014n,
  title={N-gram Counts and Language Models from the Common Crawl.},
  author={Buck, Christian and Heafield, Kenneth and Van Ooyen, Bas},
  booktitle={LREC},
  volume={2},
  pages={4},
  year={2014}
}
@inproceedings{kakwani2020indicnlpsuite,
  title={IndicNLPSuite: Monolingual corpora, evaluation benchmarks and pre-trained multilingual language models for Indian languages},
  author={Kakwani, Divyanshu and Kunchukuttan, Anoop and Golla, Satish and Gokul, NC and Bhattacharyya, Avik and Khapra, Mitesh M and Kumar, Pratyush},
  booktitle={Findings of the Association for Computational Linguistics: EMNLP 2020},
  pages={4948--4961},
  year={2020}
}
@article{cobbe2021training,
  title={Training verifiers to solve math word problems},
  author={Cobbe, Karl and Kosaraju, Vineet and Bavarian, Mohammad and Chen, Mark and Jun, Heewoo and Kaiser, Lukasz and Plappert, Matthias and Tworek, Jerry and Hilton, Jacob and Nakano, Reiichiro and others},
  journal={arXiv preprint arXiv:2110.14168},
  year={2021}
}
@inproceedings{yu2019reclor,
  title={ReClor: A Reading Comprehension Dataset Requiring Logical Reasoning},
  author={Yu, Weihao and Jiang, Zihang and Dong, Yanfei and Feng, Jiashi},
  booktitle={International Conference on Learning Representations},
  year={2019}
}
@inproceedings{lin2022truthfulqa,
  title={TruthfulQA: Measuring How Models Mimic Human Falsehoods},
  author={Lin, Stephanie and Hilton, Jacob and Evans, Owain},
  booktitle={Proceedings of the 60th Annual Meeting of the Association for Computational Linguistics (Volume 1: Long Papers)},
  pages={3214--3252},
  year={2022}
}
@inproceedings{petroni2019language,
  title={Language Models as Knowledge Bases?},
  author={Petroni, Fabio and Rockt{\"a}schel, Tim and Riedel, Sebastian and Lewis, Patrick and Bakhtin, Anton and Wu, Yuxiang and Miller, Alexander},
  booktitle={Proceedings of the 2019 Conference on Empirical Methods in Natural Language Processing and the 9th International Joint Conference on Natural Language Processing (EMNLP-IJCNLP)},
  pages={2463--2473},
  year={2019}
}
@article{gala2023indictrans2,
  title={IndicTrans2: Towards High-Quality and Accessible Machine Translation Models for all 22 Scheduled Indian Languages},
  author={Gala, Jay and Chitale, Pranjal A and Raghavan, AK and Gumma, Varun and Doddapaneni, Sumanth and Nawale, Janki Atul and Sujatha, Anupama and Puduppully, Ratish and Raghavan, Vivek and Kumar, Pratyush and others},
  journal={Transactions on Machine Learning Research},
  year={2023}
}


@article{penedo2023refinedweb,
  title={The RefinedWeb dataset for Falcon LLM: outperforming curated corpora with web data, and web data only},
  author={Penedo, Guilherme and Malartic, Quentin and Hesslow, Daniel and Cojocaru, Ruxandra and Cappelli, Alessandro and Alobeidli, Hamza and Pannier, Baptiste and Almazrouei, Ebtesam and Launay, Julien},
  journal={arXiv preprint arXiv:2306.01116},
  year={2023}
}

@inproceedings{houlsby2019parameter,
  title={Parameter-efficient transfer learning for NLP},
  author={Houlsby, Neil and Giurgiu, Andrei and Jastrzebski, Stanislaw and Morrone, Bruna and De Laroussilhe, Quentin and Gesmundo, Andrea and Attariyan, Mona and Gelly, Sylvain},
  booktitle={International conference on machine learning},
  pages={2790--2799},
  year={2019},
  organization={PMLR}
}

@article{hu2021lora,
  title={Lora: Low-rank adaptation of large language models},
  author={Hu, Edward J and Shen, Yelong and Wallis, Phillip and Allen-Zhu, Zeyuan and Li, Yuanzhi and Wang, Shean and Wang, Lu and Chen, Weizhu},
  journal={arXiv preprint arXiv:2106.09685},
  year={2021}
}