@inproceedings{langley00,
 author    = {P. Langley},
 title     = {Crafting Papers on Machine Learning},
 year      = {2000},
 pages     = {1207--1216},
 editor    = {Pat Langley},
 booktitle     = {Proceedings of the 17th International Conference
              on Machine Learning (ICML 2000)},
 address   = {Stanford, CA},
 publisher = {Morgan Kaufmann}
}

@TechReport{mitchell80,
  author = 	 "T. M. Mitchell",
  title = 	 "The Need for Biases in Learning Generalizations",
  institution =  "Computer Science Department, Rutgers University",
  year = 	 "1980",
  address =	 "New Brunswick, MA",
}

@phdthesis{kearns89,
  author = {M. J. Kearns},
  title =  {Computational Complexity of Machine Learning},
  school = {Department of Computer Science, Harvard University},
  year =   {1989}
}

@article{koren2009matrix,
  title={Matrix factorization techniques for recommender systems},
  author={Koren, Yehuda and Bell, Robert and Volinsky, Chris},
  journal={Computer},
  volume={42},
  number={8},
  pages={30--37},
  year={2009},
  publisher={IEEE}
}

@Book{MachineLearningI,
  editor = 	 "R. S. Michalski and J. G. Carbonell and T.
		  M. Mitchell",
  title = 	 "Machine Learning: An Artificial Intelligence
		  Approach, Vol. I",
  publisher = 	 "Tioga",
  year = 	 "1983",
  address =	 "Palo Alto, CA"
}

@Book{DudaHart2nd,
  author =       "R. O. Duda and P. E. Hart and D. G. Stork",
  title =        "Pattern Classification",
  publisher =    "John Wiley and Sons",
  edition =      "2nd",
  year =         "2000"
}

@misc{anonymous,
  title= {Suppressed for Anonymity},
  author= {Author, N. N.},
  year= {2021}
}

@InCollection{Newell81,
  author =       "A. Newell and P. S. Rosenbloom",
  title =        "Mechanisms of Skill Acquisition and the Law of
                  Practice", 
  booktitle =    "Cognitive Skills and Their Acquisition",
  pages =        "1--51",
  publisher =    "Lawrence Erlbaum Associates, Inc.",
  year =         "1981",
  editor =       "J. R. Anderson",
  chapter =      "1",
  address =      "Hillsdale, NJ"
}


@Article{Samuel59,
  author = 	 "A. L. Samuel",
  title = 	 "Some Studies in Machine Learning Using the Game of
		  Checkers",
  journal =	 "IBM Journal of Research and Development",
  year =	 "1959",
  volume =	 "3",
  number =	 "3",
  pages =	 "211--229"
}


@incollection{Bengio+chapter2007,
author = {Bengio, Yoshua and LeCun, Yann},
booktitle = {Large Scale Kernel Machines},
publisher = {MIT Press},
title = {Scaling Learning Algorithms Towards {AI}},
year = {2007}
}

@article{Hinton06,
author = {Hinton, Geoffrey E. and Osindero, Simon and Teh, Yee Whye},
journal = {Neural Computation},
pages = {1527--1554},
title = {A Fast Learning Algorithm for Deep Belief Nets},
volume = {18},
year = {2006}
}

@book{goodfellow2016deep,
title={Deep learning},
author={Goodfellow, Ian and Bengio, Yoshua and Courville, Aaron and Bengio, Yoshua},
volume={1},
year={2016},
publisher={MIT Press}
}

@incollection{classifying_the_classifier,
  title={Classifying the classifier: dissecting the weight space of neural networks},
  author={Eilertsen, Gabriel and J{\"o}nsson, Daniel and Ropinski, Timo and Unger, Jonas and Ynnerman, Anders},
  booktitle={ECAI 2020},
  pages={1119--1126},
  year={2020},
  publisher={IOS Press}
}

@inproceedings{gilmer2017neural,
  title={Neural message passing for quantum chemistry},
  author={Gilmer, Justin and Schoenholz, Samuel S and Riley, Patrick F and Vinyals, Oriol and Dahl, George E},
  booktitle={International conference on machine learning},
  pages={1263--1272},
  year={2017},
  organization={PMLR}
}

@article{dravid2024interpreting,
  title={Interpreting the Weight Space of Customized Diffusion Models},
  author={Dravid, Amil and Gandelsman, Yossi and Wang, Kuan-Chieh and Abdal, Rameen and Wetzstein, Gordon and Efros, Alexei A and Aberman, Kfir},
  journal={arXiv preprint arXiv:2406.09413},
  year={2024}
}

@article{goodfellow2014explaining,
  title={Explaining and harnessing adversarial examples},
  author={Goodfellow, Ian J and Shlens, Jonathon and Szegedy, Christian},
  journal={arXiv preprint arXiv:1412.6572},
  year={2014}
}

@article{carlini2024stealing,
  title={Stealing part of a production language model},
  author={Carlini, Nicholas and Paleka, Daniel and Dvijotham, Krishnamurthy Dj and Steinke, Thomas and Hayase, Jonathan and Cooper, A Feder and Lee, Katherine and Jagielski, Matthew and Nasr, Milad and Conmy, Arthur and others},
  journal={arXiv preprint arXiv:2403.06634},
  year={2024}
}

@inproceedings{spectral_detuning,
  author={Eliahu Horwitz and Jonathan Kahana and Yedid Hoshen},
  title={Recovering the Pre-Fine-Tuning Weights of Generative Models},
  year={2024},
  cdate={1704067200000},
  url={https://openreview.net/forum?id=761UxjOTHB},
  booktitle={ICML}
}


@article{mother,
  title={On the Origin of Llamas: Model Tree Heritage Recovery},
  author={Horwitz, Eliahu and Shul, Asaf and Hoshen, Yedid},
  journal={arXiv preprint arXiv:2405.18432},
  year={2024}
}


@article{shah2023ziplora,
  title={Ziplora: Any subject in any style by effectively merging loras},
  author={Shah, Viraj and Ruiz, Nataniel and Cole, Forrester and Lu, Erika and Lazebnik, Svetlana and Li, Yuanzhen and Jampani, Varun},
  journal={arXiv preprint arXiv:2311.13600},
  year={2023}
}

@article{ha2016hypernetworks,
  title={Hypernetworks},
  author={Ha, David and Dai, Andrew and Le, Quoc V},
  journal={arXiv preprint arXiv:1609.09106},
  year={2016}
}

@inproceedings{erkocc2023hyperdiffusion,
  title={Hyperdiffusion: Generating implicit neural fields with weight-space diffusion},
  author={Erko{\c{c}}, Ziya and Ma, Fangchang and Shan, Qi and Nie{\ss}ner, Matthias and Dai, Angela},
  booktitle={Proceedings of the IEEE/CVF international conference on computer vision},
  pages={14300--14310},
  year={2023}
}

@article{kipf2016semi,
  title={Semi-supervised classification with graph convolutional networks},
  author={Kipf, Thomas N and Welling, Max},
  journal={arXiv preprint arXiv:1609.02907},
  year={2016}
}

@article{scarselli2008graph,
  title={The graph neural network model},
  author={Scarselli, Franco and Gori, Marco and Tsoi, Ah Chung and Hagenbuchner, Markus and Monfardini, Gabriele},
  journal={IEEE transactions on neural networks},
  volume={20},
  number={1},
  pages={61--80},
  year={2008},
  publisher={IEEE}
}

@article{relationalattention,
  title={Relational attention: Generalizing transformers for graph-structured tasks},
  author={Diao, Cameron and Loynd, Ricky},
  journal={arXiv preprint arXiv:2210.05062},
  year={2022}
}

@article{attentionisallyouneed,
  title={Attention is all you need},
  author={Vaswani, A},
  journal={Advances in Neural Information Processing Systems},
  year={2017}
}

@article{peebles2022learning,
  title={Learning to learn with generative models of neural network checkpoints},
  author={Peebles, William and Radosavovic, Ilija and Brooks, Tim and Efros, Alexei A and Malik, Jitendra},
  journal={arXiv preprint arXiv:2209.12892},
  year={2022}
}

@inproceedings{stable_diffusion,
  title={High-resolution image synthesis with latent diffusion models},
  author={Rombach, Robin and Blattmann, Andreas and Lorenz, Dominik and Esser, Patrick and Ommer, Bj{\"o}rn},
  booktitle={Proceedings of the IEEE/CVF conference on computer vision and pattern recognition},
  pages={10684--10695},
  year={2022}
}


@inproceedings{clip,
  title={Learning transferable visual models from natural language supervision},
  author={Radford, Alec and Kim, Jong Wook and Hallacy, Chris and Ramesh, Aditya and Goh, Gabriel and Agarwal, Sandhini and Sastry, Girish and Askell, Amanda and Mishkin, Pamela and Clark, Jack and others},
  booktitle={International conference on machine learning},
  pages={8748--8763},
  year={2021},
  organization={PMLR}
}

@article{dcgan,
  title={Unsupervised representation learning with deep convolutional generative adversarial networks. arXiv 2015},
  author={Radford, Alec and Metz, Luke and Chintala, Soumith},
  journal={arXiv preprint arXiv:1511.06434},
  year={2015}
}

@inproceedings{svhn,
  title={Reading digits in natural images with unsupervised feature learning},
  author={Netzer, Yuval and Wang, Tao and Coates, Adam and Bissacco, Alessandro and Wu, Baolin and Ng, Andrew Y and others},
  booktitle={NIPS workshop on deep learning and unsupervised feature learning},
  volume={2011},
  number={2},
  pages={4},
  year={2011},
  organization={Granada}
}

@article{cifar10,
  title={Learning multiple layers of features from tiny images},
  author={Krizhevsky, Alex and Hinton, Geoffrey and others},
  year={2009},
  publisher={Toronto, ON, Canada}
}


@article{deep_linear_networks,
  title={Implicit regularization in deep matrix factorization},
  author={Arora, Sanjeev and Cohen, Nadav and Hu, Wei and Luo, Yuping},
  journal={Advances in Neural Information Processing Systems},
  volume={32},
  year={2019}
}

@article{lee2001occlusion,
  title={Occlusion models for natural images: A statistical study of a scale-invariant dead leaves model},
  author={Lee, Ann B and Mumford, David and Huang, Jinggang},
  journal={International Journal of Computer Vision},
  volume={41},
  pages={35--59},
  year={2001},
  publisher={Springer}
}

@incollection{eilertsen2020classifying,
  title={Classifying the classifier: dissecting the weight space of neural networks},
  author={Eilertsen, Gabriel and J{\"o}nsson, Daniel and Ropinski, Timo and Unger, Jonas and Ynnerman, Anders},
  booktitle={ECAI 2020},
  pages={1119--1126},
  year={2020},
  publisher={IOS Press}
}

@article{fmnist,
  title={Fashion-mnist: a novel image dataset for benchmarking machine learning algorithms},
  author={Xiao, Han and Rasul, Kashif and Vollgraf, Roland},
  journal={arXiv preprint arXiv:1708.07747},
  year={2017}
}

@article{mnist,
  title={Gradient-based learning applied to document recognition},
  author={LeCun, Yann and Bottou, L{\'e}on and Bengio, Yoshua and Haffner, Patrick},
  journal={Proceedings of the IEEE},
  volume={86},
  number={11},
  pages={2278--2324},
  year={1998},
  publisher={Ieee}
}

@article{baradad2021learning,
  title={Learning to see by looking at noise},
  author={Baradad Jurjo, Manel and Wulff, Jonas and Wang, Tongzhou and Isola, Phillip and Torralba, Antonio},
  journal={Advances in Neural Information Processing Systems},
  volume={34},
  pages={2556--2569},
  year={2021}
}

@inproceedings{shoshitaishvili2016sok,
  title={Sok:(state of) the art of war: Offensive techniques in binary analysis},
  author={Shoshitaishvili, Yan and Wang, Ruoyu and Salls, Christopher and Stephens, Nick and Polino, Mario and Dutcher, Andrew and Grosen, John and Feng, Siji and Hauser, Christophe and Kruegel, Christopher and others},
  booktitle={2016 IEEE symposium on security and privacy (SP)},
  pages={138--157},
  year={2016},
  organization={IEEE}
}

@article{lim_aligned,
  title={The empirical impact of neural parameter symmetries, or lack thereof},
  author={Lim, Derek and Putterman, Theo Moe and Walters, Robin and Maron, Haggai and Jegelka, Stefanie},
  journal={arXiv preprint arXiv:2405.20231},
  year={2024}
}

@article{lim_lol,
  title={Learning on LoRAs: GL-Equivariant Processing of Low-Rank Weight Spaces for Large Finetuned Models},
  author={Lim, Derek and Gelberg, Yoav and Jegelka, Stefanie and Maron, Haggai and others},
  journal={arXiv preprint arXiv:2410.04207},
  year={2024}
}

@article{tran2024equivariant,
  title={Equivariant Neural Functional Networks for Transformers},
  author={Tran, Viet-Hoang and Vo, Thieu N and The, An Nguyen and Huu, Tho Tran and Nguyen-Nhat, Minh-Khoi and Tran, Thanh and Pham, Duy-Tung and Nguyen, Tan Minh},
  journal={arXiv preprint arXiv:2410.04209},
  year={2024}
}

@article{ws_augmentations,
  title={Improved generalization of weight space networks via augmentations},
  author={Shamsian, Aviv and Navon, Aviv and Zhang, David W and Zhang, Yan and Fetaya, Ethan and Chechik, Gal and Maron, Haggai},
  journal={arXiv preprint arXiv:2402.04081},
  year={2024}
}

@inproceedings{rebasin_sinkhorn,
  title={Re-basin via implicit sinkhorn differentiation},
  author={Pe{\~n}a, Fidel A Guerrero and Medeiros, Heitor Rapela and Dubail, Thomas and Aminbeidokhti, Masih and Granger, Eric and Pedersoli, Marco},
  booktitle={Proceedings of the IEEE/CVF Conference on Computer Vision and Pattern Recognition},
  pages={20237--20246},
  year={2023}
}

@article{git_rebasing,
  title={Git re-basin: Merging models modulo permutation symmetries},
  author={Ainsworth, Samuel K and Hayase, Jonathan and Srinivasa, Siddhartha},
  journal={arXiv preprint arXiv:2209.04836},
  year={2022}
}

@article{equi_alignment,
  title={Equivariant deep weight space alignment},
  author={Navon, Aviv and Shamsian, Aviv and Fetaya, Ethan and Chechik, Gal and Dym, Nadav and Maron, Haggai},
  journal={arXiv preprint arXiv:2310.13397},
  year={2023}
}

@article{bayer2006dynamic,
  title={Dynamic analysis of malicious code},
  author={Bayer, Ulrich and Moser, Andreas and Kruegel, Christopher and Kirda, Engin},
  journal={Journal in Computer Virology},
  volume={2},
  pages={67--77},
  year={2006},
  publisher={Springer}
}

@article{egele2008survey,
  title={A survey on automated dynamic malware-analysis techniques and tools},
  author={Egele, Manuel and Scholte, Theodoor and Kirda, Engin and Kruegel, Christopher},
  journal={ACM computing surveys (CSUR)},
  volume={44},
  number={2},
  pages={1--42},
  year={2008},
  publisher={ACM New York, NY, USA}
}

@article{ha2016generating,
  title={Generating large images from latent vectors},
  author={Ha, David},
  year={2016}
}

@article{kalogeropoulos2024scale,
  title={Scale Equivariant Graph Metanetworks},
  author={Kalogeropoulos, Ioannis and Bouritsas, Giorgos and Panagakis, Yannis},
  journal={arXiv preprint arXiv:2406.10685},
  year={2024}
}

@inproceedings{deng2009imagenet,
  title={Imagenet: A large-scale hierarchical image database},
  author={Deng, Jia and Dong, Wei and Socher, Richard and Li, Li-Jia and Li, Kai and Fei-Fei, Li},
  booktitle={2009 IEEE conference on computer vision and pattern recognition},
  pages={248--255},
  year={2009},
  organization={Ieee}
}

@article{le2015tiny,
  title={Tiny imagenet visual recognition challenge},
  author={Le, Ya and Yang, Xuan},
  journal={CS 231N},
  volume={7},
  number={7},
  pages={3},
  year={2015}
}

@article{sitzmann2020implicit,
  title={Implicit neural representations with periodic activation functions},
  author={Sitzmann, Vincent and Martel, Julien and Bergman, Alexander and Lindell, David and Wetzstein, Gordon},
  journal={Advances in neural information processing systems},
  volume={33},
  pages={7462--7473},
  year={2020}
}

@inproceedings{li2021neural,
  title={Neural scene flow fields for space-time view synthesis of dynamic scenes},
  author={Li, Zhengqi and Niklaus, Simon and Snavely, Noah and Wang, Oliver},
  booktitle={Proceedings of the IEEE/CVF Conference on Computer Vision and Pattern Recognition},
  pages={6498--6508},
  year={2021}
}


@article{mildenhall2021nerf,
  title={Nerf: Representing scenes as neural radiance fields for view synthesis},
  author={Mildenhall, Ben and Srinivasan, Pratul P and Tancik, Matthew and Barron, Jonathan T and Ramamoorthi, Ravi and Ng, Ren},
  journal={Communications of the ACM},
  volume={65},
  number={1},
  pages={99--106},
  year={2021},
  publisher={ACM New York, NY, USA}
}

@inproceedings{chen2019learning,
  title={Learning implicit fields for generative shape modeling},
  author={Chen, Zhiqin and Zhang, Hao},
  booktitle={Proceedings of the IEEE/CVF conference on computer vision and pattern recognition},
  pages={5939--5948},
  year={2019}
}

@inproceedings{mescheder2019occupancy,
  title={Occupancy networks: Learning 3d reconstruction in function space},
  author={Mescheder, Lars and Oechsle, Michael and Niemeyer, Michael and Nowozin, Sebastian and Geiger, Andreas},
  booktitle={Proceedings of the IEEE/CVF conference on computer vision and pattern recognition},
  pages={4460--4470},
  year={2019}
}

@article{tancik2020fourier,
  title={Fourier features let networks learn high frequency functions in low dimensional domains},
  author={Tancik, Matthew and Srinivasan, Pratul and Mildenhall, Ben and Fridovich-Keil, Sara and Raghavan, Nithin and Singhal, Utkarsh and Ramamoorthi, Ravi and Barron, Jonathan and Ng, Ren},
  journal={Advances in neural information processing systems},
  volume={33},
  pages={7537--7547},
  year={2020}
}

@article{louridas2006static,
  title={Static code analysis},
  author={Louridas, Panagiotis},
  journal={Ieee Software},
  volume={23},
  number={4},
  pages={58--61},
  year={2006},
  publisher={IEEE}
}

@article{sitzmann2020implicit,
  title={Implicit neural representations with periodic activation functions},
  author={Sitzmann, Vincent and Martel, Julien and Bergman, Alexander and Lindell, David and Wetzstein, Gordon},
  journal={Advances in neural information processing systems},
  volume={33},
  pages={7462--7473},
  year={2020}
}

@inproceedings{optim_deep_networks,
  title={On the optimization of deep networks: Implicit acceleration by overparameterization},
  author={Arora, Sanjeev and Cohen, Nadav and Hazan, Elad},
  booktitle={International conference on machine learning},
  pages={244--253},
  year={2018},
  organization={PMLR}
}

@article{dsire,
  title={Dataset Size Recovery from LoRA Weights},
  author={Salama, Mohammad and Kahana, Jonathan and Horwitz, Eliahu and Hoshen, Yedid},
  journal={arXiv preprint arXiv:2406.19395},
  year={2024}
}

@article{sane,
  title={Towards Scalable and Versatile Weight Space Learning},
  author={Sch{\"u}rholt, Konstantin and Mahoney, Michael W and Borth, Damian},
  journal={arXiv preprint arXiv:2406.09997},
  year={2024}
}

@article{neural_graphs,
  title={Graph neural networks for learning equivariant representations of neural networks},
  author={Kofinas, Miltiadis and Knyazev, Boris and Zhang, Yan and Chen, Yunlu and Burghouts, Gertjan J and Gavves, Efstratios and Snoek, Cees GM and Zhang, David W},
  journal={arXiv preprint arXiv:2403.12143},
  year={2024}
}

@article{graph_meta,
  title={Graph metanetworks for processing diverse neural architectures},
  author={Lim, Derek and Maron, Haggai and Law, Marc T and Lorraine, Jonathan and Lucas, James},
  journal={arXiv preprint arXiv:2312.04501},
  year={2023}
}

@article{non_interactive,
  title={Learning useful representations of recurrent neural network weight matrices},
  author={Herrmann, Vincent and Faccio, Francesco and Schmidhuber, J{\"u}rgen},
  journal={arXiv preprint arXiv:2403.11998},
  year={2024}
}

@inproceedings{resnet,
  title={Deep residual learning for image recognition},
  author={He, Kaiming and Zhang, Xiangyu and Ren, Shaoqing and Sun, Jian},
  booktitle={Proceedings of the IEEE conference on computer vision and pattern recognition},
  pages={770--778},
  year={2016}
}

@article{latent_optimization,
  title={Optimizing the latent space of generative networks},
  author={Bojanowski, Piotr and Joulin, Armand and Lopez-Paz, David and Szlam, Arthur},
  journal={arXiv preprint arXiv:1707.05776},
  year={2017}
}

@article{neural_functional_transformers,
  title={Neural functional transformers},
  author={Zhou, Allan and Yang, Kaien and Jiang, Yiding and Burns, Kaylee and Xu, Winnie and Sokota, Samuel and Kolter, J Zico and Finn, Chelsea},
  journal={Advances in neural information processing systems},
  volume={36},
  year={2024}
}

@article{prem_neural_functionals,
  title={Permutation equivariant neural functionals},
  author={Zhou, Allan and Yang, Kaien and Burns, Kaylee and Cardace, Adriano and Jiang, Yiding and Sokota, Samuel and Kolter, J Zico and Finn, Chelsea},
  journal={Advances in neural information processing systems},
  volume={36},
  year={2024}
}

@inproceedings{dws,
  title={Equivariant architectures for learning in deep weight spaces},
  author={Navon, Aviv and Shamsian, Aviv and Achituve, Idan and Fetaya, Ethan and Chechik, Gal and Maron, Haggai},
  booktitle={International Conference on Machine Learning},
  pages={25790--25816},
  year={2023},
  organization={PMLR}
}

@article{nern,
  title={NeRN--Learning Neural Representations for Neural Networks},
  author={Ashkenazi, Maor and Rimon, Zohar and Vainshtein, Ron and Levi, Shir and Richardson, Elad and Mintz, Pinchas and Treister, Eran},
  journal={arXiv preprint arXiv:2212.13554},
  year={2022}
}

@article{inr2vec,
  title={Deep learning on implicit neural representations of shapes},
  author={De Luigi, Luca and Cardace, Adriano and Spezialetti, Riccardo and Ramirez, Pierluigi Zama and Salti, Samuele and Di Stefano, Luigi},
  journal={arXiv preprint arXiv:2302.05438},
  year={2023}
}

@article{functa,
  title={From data to functa: Your data point is a function and you can treat it like one},
  author={Dupont, Emilien and Kim, Hyunjik and Eslami, SM and Rezende, Danilo and Rosenbaum, Dan},
  journal={arXiv preprint arXiv:2201.12204},
  year={2022}
}


@article{model_zoos,
  title={Model zoos: A dataset of diverse populations of neural network models},
  author={Sch{\"u}rholt, Konstantin and Taskiran, Diyar and Knyazev, Boris and Gir{\'o}-i-Nieto, Xavier and Borth, Damian},
  journal={Advances in Neural Information Processing Systems},
  volume={35},
  pages={38134--38148},
  year={2022}
}

@article{hyper_repr,
  title={Self-supervised representation learning on neural network weights for model characteristic prediction},
  author={Sch{\"u}rholt, Konstantin and Kostadinov, Dimche and Borth, Damian},
  journal={Advances in Neural Information Processing Systems},
  volume={34},
  pages={16481--16493},
  year={2021}
}

@article{statnn,
  title={Predicting neural network accuracy from weights},
  author={Unterthiner, Thomas and Keysers, Daniel and Gelly, Sylvain and Bousquet, Olivier and Tolstikhin, Ilya},
  journal={arXiv preprint arXiv:2002.11448},
  year={2020}
}

@article{shapenet,
  title={Shapenet: An information-rich 3d model repository},
  author={Chang, Angel X and Funkhouser, Thomas and Guibas, Leonidas and Hanrahan, Pat and Huang, Qixing and Li, Zimo and Savarese, Silvio and Savva, Manolis and Song, Shuran and Su, Hao and others},
  journal={arXiv preprint arXiv:1512.03012},
  year={2015}
}

@article{ke2017lightgbm,
  title={Lightgbm: A highly efficient gradient boosting decision tree},
  author={Ke, Guolin and Meng, Qi and Finley, Thomas and Wang, Taifeng and Chen, Wei and Ma, Weidong and Ye, Qiwei and Liu, Tie-Yan},
  journal={Advances in neural information processing systems},
  volume={30},
  year={2017}
}

@inproceedings{rame2023model,
  title={Model ratatouille: Recycling diverse models for out-of-distribution generalization},
  author={Ram{\'e}, Alexandre and Ahuja, Kartik and Zhang, Jianyu and Cord, Matthieu and Bottou, L{\'e}on and Lopez-Paz, David},
  booktitle={International Conference on Machine Learning},
  pages={28656--28679},
  year={2023},
  organization={PMLR}
}

@book{baeza1999modern,
  title={Modern information retrieval},
  author={Baeza-Yates, Ricardo and Ribeiro-Neto, Berthier and others},
  volume={463},
  number={1999},
  year={1999},
  publisher={ACM press New York}
}

@misc{rw2019timm,
  author = {Ross Wightman},
  title = {PyTorch Image Models},
  year = {2019},
  publisher = {GitHub},
  journal = {GitHub repository},
  doi = {10.5281/zenodo.4414861},
  howpublished = {\url{https://github.com/rwightman/pytorch-image-models}}
}

@misc{christopher2008introduction,
  title={Introduction to information retrieval},
  author={Christopher, D Manning and Prabhakar, Raghavan and Hinrich, Schutze},
  year={2008},
  publisher={Cambridge University Press}
}

@inproceedings{coco,
  title={Microsoft coco: Common objects in context},
  author={Lin, Tsung-Yi and Maire, Michael and Belongie, Serge and Hays, James and Perona, Pietro and Ramanan, Deva and Doll{\'a}r, Piotr and Zitnick, C Lawrence},
  booktitle={Computer Vision--ECCV 2014: 13th European Conference, Zurich, Switzerland, September 6-12, 2014, Proceedings, Part V 13},
  pages={740--755},
  year={2014},
  organization={Springer}
}

@article{jayaram2019diskann,
  title={Diskann: Fast accurate billion-point nearest neighbor search on a single node},
  author={Jayaram Subramanya, Suhas and Devvrit, Fnu and Simhadri, Harsha Vardhan and Krishnawamy, Ravishankar and Kadekodi, Rohan},
  journal={Advances in Neural Information Processing Systems},
  volume={32},
  year={2019}
}

@article{chen2021spann,
  title={Spann: Highly-efficient billion-scale approximate nearest neighborhood search},
  author={Chen, Qi and Zhao, Bing and Wang, Haidong and Li, Mingqin and Liu, Chuanjie and Li, Zengzhong and Yang, Mao and Wang, Jingdong},
  journal={Advances in Neural Information Processing Systems},
  volume={34},
  pages={5199--5212},
  year={2021}
}

@article{johnson2019billion,
  title={Billion-scale similarity search with GPUs},
  author={Johnson, Jeff and Douze, Matthijs and J{\'e}gou, Herv{\'e}},
  journal={IEEE Transactions on Big Data},
  volume={7},
  number={3},
  pages={535--547},
  year={2019},
  publisher={IEEE}
}

@inproceedings{convnext,
  title={A convnet for the 2020s},
  author={Liu, Zhuang and Mao, Hanzi and Wu, Chao-Yuan and Feichtenhofer, Christoph and Darrell, Trevor and Xie, Saining},
  booktitle={Proceedings of the IEEE/CVF conference on computer vision and pattern recognition},
  pages={11976--11986},
  year={2022}
}

@inproceedings{efficientnet,
  title={Efficientnet: Rethinking model scaling for convolutional neural networks},
  author={Tan, Mingxing and Le, Quoc},
  booktitle={International conference on machine learning},
  pages={6105--6114},
  year={2019},
  organization={PMLR}
}

@article{mlp_mixer,
  title={Mlp-mixer: An all-mlp architecture for vision},
  author={Tolstikhin, Ilya O and Houlsby, Neil and Kolesnikov, Alexander and Beyer, Lucas and Zhai, Xiaohua and Unterthiner, Thomas and Yung, Jessica and Steiner, Andreas and Keysers, Daniel and Uszkoreit, Jakob and others},
  journal={Advances in neural information processing systems},
  volume={34},
  pages={24261--24272},
  year={2021}
}

@inproceedings{regnet,
  title={Designing network design spaces},
  author={Radosavovic, Ilija and Kosaraju, Raj Prateek and Girshick, Ross and He, Kaiming and Doll{\'a}r, Piotr},
  booktitle={Proceedings of the IEEE/CVF conference on computer vision and pattern recognition},
  pages={10428--10436},
  year={2020}
}

@article{bert,
  title={Bert: Pre-training of deep bidirectional transformers for language understanding},
  author={Devlin, Jacob},
  journal={arXiv preprint arXiv:1810.04805},
  year={2018}
}

@article{llama,
  title={Llama: Open and efficient foundation language models},
  author={Touvron, Hugo and Lavril, Thibaut and Izacard, Gautier and Martinet, Xavier and Lachaux, Marie-Anne and Lacroix, Timoth{\'e}e and Rozi{\`e}re, Baptiste and Goyal, Naman and Hambro, Eric and Azhar, Faisal and others},
  journal={arXiv preprint arXiv:2302.13971},
  year={2023}
}

@inproceedings{blip2,
  title={Blip-2: Bootstrapping language-image pre-training with frozen image encoders and large language models},
  author={Li, Junnan and Li, Dongxu and Savarese, Silvio and Hoi, Steven},
  booktitle={International conference on machine learning},
  pages={19730--19742},
  year={2023},
  organization={PMLR}
}

@inproceedings{yolo,
  title={You only look once: Unified, real-time object detection},
  author={Redmon, J},
  booktitle={Proceedings of the IEEE conference on computer vision and pattern recognition},
  year={2016}
}

@article{vit,
  title={An image is worth 16x16 words: Transformers for image recognition at scale},
  author={Dosovitskiy, Alexey},
  journal={arXiv preprint arXiv:2010.11929},
  year={2020}
}

@article{probex,
  title={Representing Model Weights with Language using Tree Experts},
  author={Horwitz, Eliahu and Cavia, Bar and Kahana, Jonathan and Hoshen, Yedid},
  journal={arXiv preprint arXiv:2410.13569},
  year={2024}
}

@article{probegen,
  title={Deep Linear Probe Generators for Weight Space Learning},
  author={Kahana, Jonathan and Horwitz, Eliahu and Shuval, Imri and Hoshen, Yedid},
  journal={arXiv preprint arXiv:2410.10811},
  year={2024}
}

@article{datta2008image,
  title={Image retrieval: Ideas, influences, and trends of the new age},
  author={Datta, Ritendra and Joshi, Dhiraj and Li, Jia and Wang, James Z},
  journal={ACM Computing Surveys (Csur)},
  volume={40},
  number={2},
  pages={1--60},
  year={2008},
  publisher={ACM New York, NY, USA}
}

@article{gudivada1995content,
  title={Content based image retrieval systems},
  author={Gudivada, Venkat N and Raghavan, Vijay V},
  journal={Computer},
  volume={28},
  number={9},
  pages={18--22},
  year={1995},
  publisher={IEEE}
}



@inproceedings{wortsman2022model,
  title={Model soups: averaging weights of multiple fine-tuned models improves accuracy without increasing inference time},
  author={Wortsman, Mitchell and Ilharco, Gabriel and Gadre, Samir Ya and Roelofs, Rebecca and Gontijo-Lopes, Raphael and Morcos, Ari S and Namkoong, Hongseok and Farhadi, Ali and Carmon, Yair and Kornblith, Simon and others},
  booktitle={International conference on machine learning},
  pages={23965--23998},
  year={2022},
  organization={PMLR}
}

@article{izmailov2018averaging,
  title={Averaging weights leads to wider optima and better generalization},
  author={Izmailov, Pavel and Podoprikhin, Dmitrii and Garipov, Timur and Vetrov, Dmitry and Wilson, Andrew Gordon},
  journal={arXiv preprint arXiv:1803.05407},
  year={2018}
}

@article{yadav2024ties,
  title={Ties-merging: Resolving interference when merging models},
  author={Yadav, Prateek and Tam, Derek and Choshen, Leshem and Raffel, Colin A and Bansal, Mohit},
  journal={Advances in Neural Information Processing Systems},
  volume={36},
  year={2024}
}

@inproceedings{dravid2023rosetta,
  title={Rosetta neurons: Mining the common units in a model zoo},
  author={Dravid, Amil and Gandelsman, Yossi and Efros, Alexei A and Shocher, Assaf},
  booktitle={Proceedings of the IEEE/CVF International Conference on Computer Vision},
  pages={1934--1943},
  year={2023}
}

@inproceedings{shaham2024multimodal,
  title={A multimodal automated interpretability agent},
  author={Shaham, Tamar Rott and Schwettmann, Sarah and Wang, Franklin and Rajaram, Achyuta and Hernandez, Evan and Andreas, Jacob and Torralba, Antonio},
  booktitle={Forty-first International Conference on Machine Learning},
  year={2024}
}

@inproceedings{bau2017network,
  title={Network dissection: Quantifying interpretability of deep visual representations},
  author={Bau, David and Zhou, Bolei and Khosla, Aditya and Oliva, Aude and Torralba, Antonio},
  booktitle={Proceedings of the IEEE conference on computer vision and pattern recognition},
  pages={6541--6549},
  year={2017}
}

@article{huang2024lg,
  title={LG-CAV: Train Any Concept Activation Vector with Language Guidance},
  author={Huang, Qihan and Song, Jie and Xue, Mengqi and Zhang, Haofei and Hu, Bingde and Wang, Huiqiong and Jiang, Hao and Wang, Xingen and Song, Mingli},
  journal={arXiv preprint arXiv:2410.10308},
  year={2024}
}

@article{gueta2023knowledge,
  title={Knowledge is a region in weight space for fine-tuned language models},
  author={Gueta, Almog and Venezian, Elad and Raffel, Colin and Slonim, Noam and Katz, Yoav and Choshen, Leshem},
  journal={arXiv preprint arXiv:2302.04863},
  year={2023}
}

@inproceedings{tahan2024label,
  title={Label-efficient model selection for text generation},
  author={Tahan, Shir Ashury and Gera, Ariel and Sznajder, Benjamin and Choshen, Leshem and Dor, Liat Ein and Shnarch, Eyal},
  booktitle={Proceedings of the 62nd Annual Meeting of the Association for Computational Linguistics (Volume 1: Long Papers)},
  pages={8384--8402},
  year={2024}
}

@article{stylus,
  title={Stylus: Automatic Adapter Selection for Diffusion Models},
  author={Luo, Michael and Wong, Justin and Trabucco, Brandon and Huang, Yanping and Gonzalez, Joseph E and Chen, Zhifeng and Salakhutdinov, Ruslan and Stoica, Ion},
  journal={arXiv preprint arXiv:2404.18928},
  year={2024}
}

@article{hugginggpt,
  title={Hugginggpt: Solving ai tasks with chatgpt and its friends in hugging face},
  author={Shen, Yongliang and Song, Kaitao and Tan, Xu and Li, Dongsheng and Lu, Weiming and Zhuang, Yueting},
  journal={Advances in Neural Information Processing Systems},
  volume={36},
  year={2024}
}

@article{choshen2022start,
  title={Where to start? analyzing the potential value of intermediate models},
  author={Choshen, Leshem and Venezian, Elad and Don-Yehia, Shachar and Slonim, Noam and Katz, Yoav},
  journal={arXiv preprint arXiv:2211.00107},
  year={2022}
}

@inproceedings{contentsearch,
  title={Content-based search for deep generative models},
  author={Lu, Daohan and Wang, Sheng-Yu and Kumari, Nupur and Agarwal, Rohan and Tang, Mia and Bau, David and Zhu, Jun-Yan},
  booktitle={SIGGRAPH Asia 2023 Conference Papers},
  pages={1--12},
  year={2023}
}

@article{yax2025phylolm,
  title={Phylolm: Inferring the phylogeny of large language models and predicting their performances in benchmarks},
  author={Yax, Nicolas and Oudeyer, Pierre-Yves and Palminteri, Stefano},
  year={2025}
}

@inproceedings{neural_field_arena,
  title={How to Train Neural Field Representations: A Comprehensive Study and Benchmark},
  author={Papa, Samuele and Valperga, Riccardo and Knigge, David and Kofinas, Miltiadis and Lippe, Phillip and Sonke, Jan-Jakob and Gavves, Efstratios},
  booktitle={Proceedings of the IEEE/CVF Conference on Computer Vision and Pattern Recognition},
  pages={22616--22625},
  year={2024}
}


@inproceedings{dip,
  title={Deep image prior},
  author={Ulyanov, Dmitry and Vedaldi, Andrea and Lempitsky, Victor},
  booktitle={Proceedings of the IEEE conference on computer vision and pattern recognition},
  pages={9446--9454},
  year={2018}
}