@article{abdallah2011dynamic,
  title={Dynamic Maintenance and Evolution of Critical Components-Based Software Using Multi Agent Systems},
  author={Abdallah, Chouarfia and Bouziane, Hafida},
  journal={Computer and Information Science},
  volume={4},
  number={5},
  pages={78},
  year={2011},
  publisher={Citeseer}
}

@inproceedings{ayshwaryalakshmi2013agent,
  title={Agent based tool for topologically sorting badsmells and refactoring by analyzing complexities in source code},
  author={AyshwaryaLakshmi, S and Mary, SA Sahaaya Arul and Vadivu, S Shanmuga},
  booktitle={2013 Fourth International Conference on Computing, Communications and Networking Technologies (ICCCNT)},
  pages={1--7},
  year={2013},
  organization={IEEE}
}

@article{baumgartner2024ai,
  title={AI-Driven Refactoring: A Pipeline for Identifying and Correcting Data Clumps in Git Repositories},
  author={Baumgartner, Nils and Iyenghar, Padma and Schoemaker, Timo and Pulverm{\"u}ller, Elke},
  journal={Electronics},
  volume={13},
  number={9},
  pages={1644},
  year={2024},
  publisher={MDPI}
}

@book{bragilevsky2021haskell,
  title={Haskell in Depth},
  author={Bragilevsky, Vitaly},
  year={2021},
  publisher={Simon and Schuster}
}

@article{chen2021evaluating,
  title={Evaluating large language models trained on code},
  author={Chen, Mark and Tworek, Jerry and Jun, Heewoo and Yuan, Qiming and Pinto, Henrique Ponde De Oliveira and Kaplan, Jared and Edwards, Harri and Burda, Yuri and Joseph, Nicholas and Brockman, Greg and others},
  journal={arXiv preprint arXiv:2107.03374},
  year={2021}
}

@article{cheng2024exploring,
  title={Exploring large language model based intelligent agents: Definitions, methods, and prospects},
  author={Cheng, Yuheng and Zhang, Ceyao and Zhang, Zhengwen and Meng, Xiangrui and Hong, Sirui and Li, Wenhao and Wang, Zihao and Wang, Zekai and Yin, Feng and Zhao, Junhua and others},
  journal={arXiv preprint arXiv:2401.03428},
  year={2024}
}

@article{dos2015autorefactoring,
  title={AutoRefactoring: A platform to build refactoring agents},
  author={dos Santos Neto, Baldoino Fonseca and Ribeiro, M{\'a}rcio and Da Silva, Viviane Torres and Braga, Christiano and De Lucena, Carlos Jos{\'e} Pereira and de Barros Costa, Evandro},
  journal={Expert systems with applications},
  volume={42},
  number={3},
  pages={1652--1664},
  year={2015},
  publisher={Elsevier}
}

@article{guo2024large,
  title={Large language model based multi-agents: A survey of progress and challenges},
  author={Guo, Taicheng and Chen, Xiuying and Wang, Yaqi and Chang, Ruidi and Pei, Shichao and Chawla, Nitesh V and Wiest, Olaf and Zhang, Xiangliang},
  journal={arXiv preprint arXiv:2402.01680},
  year={2024}
}

@article{hou2024large,
  title={Large language models for software engineering: A systematic literature review},
  author={Hou, Xinyi and Zhao, Yanjie and Liu, Yue and Yang, Zhou and Wang, Kailong and Li, Li and Luo, Xiapu and Lo, David and Grundy, John and Wang, Haoyu},
  journal={ACM Transactions on Software Engineering and Methodology},
  volume={33},
  number={8},
  pages={1--79},
  year={2024},
  publisher={ACM New York, NY}
}

@article{hua2023war,
  title={War and peace (waragent): Large language model-based multi-agent simulation of world wars},
  author={Hua, Wenyue and Fan, Lizhou and Li, Lingyao and Mei, Kai and Ji, Jianchao and Ge, Yingqiang and Hemphill, Libby and Zhang, Yongfeng},
  journal={arXiv preprint arXiv:2311.17227},
  year={2023}
}

@article{huang2024levels,
  title={Levels of AI Agents: from Rules to Large Language Models},
  author={Huang, Yu},
  journal={arXiv preprint arXiv:2405.06643},
  year={2024}
}

@article{mens2004survey,
  title={A survey of software refactoring},
  author={Mens, Tom and Tourw{\'e}, Tom},
  journal={IEEE Transactions on software engineering},
  volume={30},
  number={2},
  pages={126--139},
  year={2004},
  publisher={IEEE}
}

@inproceedings{svyatkovskiy2020intellicode,
  title={Intellicode compose: Code generation using transformer},
  author={Svyatkovskiy, Alexey and Deng, Shao Kun and Fu, Shengyu and Sundaresan, Neel},
  booktitle={Proceedings of the 28th ACM joint meeting on European software engineering conference and symposium on the foundations of software engineering},
  pages={1433--1443},
  year={2020}
}

@article{thompson2013refactoring,
  title={Refactoring tools for functional languages},
  author={Thompson, Simon and Li, Huiqing},
  journal={Journal of Functional Programming},
  volume={23},
  number={3},
  pages={293--350},
  year={2013},
  publisher={Cambridge University Press}
}

@inproceedings{wadler1992essence,
  title={The essence of functional programming},
  author={Wadler, Philip},
  booktitle={Proceedings of the 19th ACM SIGPLAN-SIGACT symposium on Principles of programming languages},
  pages={1--14},
  year={1992}
}

@incollection{white2024chatgpt,
  title={Chatgpt prompt patterns for improving code quality, refactoring, requirements elicitation, and software design},
  author={White, Jules and Hays, Sam and Fu, Quchen and Spencer-Smith, Jesse and Schmidt, Douglas C},
  booktitle={Generative AI for Effective Software Development},
  pages={71--108},
  year={2024},
  publisher={Springer}
}

@article{wooldridge1995intelligent,
  title={Intelligent agents: Theory and practice},
  author={Wooldridge, Michael and Jennings, Nicholas R},
  journal={The knowledge engineering review},
  volume={10},
  number={2},
  pages={115--152},
  year={1995},
  publisher={Cambridge University Press}
}

@article{xi2023rise,
  title={The rise and potential of large language model based agents: A survey},
  author={Xi, Zhiheng and Chen, Wenxiang and Guo, Xin and He, Wei and Ding, Yiwen and Hong, Boyang and Zhang, Ming and Wang, Junzhe and Jin, Senjie and Zhou, Enyu and others},
  journal={arXiv preprint arXiv:2309.07864},
  year={2023}
}

