@article{hudak1989conception,
  title={Conception, evolution, and application of functional programming languages},
  author={Hudak, Paul},
  journal={ACM Computing Surveys (CSUR)},
  volume={21},
  number={3},
  pages={359--411},
  year={1989},
  publisher={ACM New York, NY, USA}
}

@book{bird1998introduction,
  title={Introduction to functional programming using Haskell},
  author={Bird, Richard},
  year={1998},
  publisher={Pearson Educaci{\'o}n}
}

@article{chen2021evaluating,
  title={Evaluating large language models trained on code},
  author={Chen, Mark and Tworek, Jerry and Jun, Heewoo and Yuan, Qiming and Pinto, Henrique Ponde De Oliveira and Kaplan, Jared and Edwards, Harri and Burda, Yuri and Joseph, Nicholas and Brockman, Greg and others},
  journal={arXiv preprint arXiv:2107.03374},
  year={2021}
}
@article{hudak1992gentle,
  title={A gentle introduction to Haskell},
  author={Hudak, Paul and Fasel, Joseph H},
  journal={ACM Sigplan Notices},
  volume={27},
  number={5},
  pages={1--52},
  year={1992},
  publisher={ACM New York, NY, USA}
}
@inproceedings{peyton1993imperative,
  title={Imperative functional programming},
  author={Peyton Jones, Simon L and Wadler, Philip},
  booktitle={Proceedings of the 20th ACM SIGPLAN-SIGACT symposium on Principles of programming languages},
  pages={71--84},
  year={1993}
}
@article{mens2004survey,
  title={A survey of software refactoring},
  author={Mens, Tom and Tourw{\'e}, Tom},
  journal={IEEE Transactions on software engineering},
  volume={30},
  number={2},
  pages={126--139},
  year={2004},
  publisher={IEEE}
}

@article{wooldridge1995intelligent,
  title={Intelligent agents: Theory and practice},
  author={Wooldridge, Michael and Jennings, Nicholas R},
  journal={The knowledge engineering review},
  volume={10},
  number={2},
  pages={115--152},
  year={1995},
  publisher={Cambridge University Press}
}
@article{abdallah2011dynamic,
  title={Dynamic Maintenance and Evolution of Critical Components-Based Software Using Multi Agent Systems},
  author={Abdallah, Chouarfia and Bouziane, Hafida},
  journal={Computer and Information Science},
  volume={4},
  number={5},
  pages={78},
  year={2011},
  publisher={Citeseer}
}

@inproceedings{svyatkovskiy2020intellicode,
  title={Intellicode compose: Code generation using transformer},
  author={Svyatkovskiy, Alexey and Deng, Shao Kun and Fu, Shengyu and Sundaresan, Neel},
  booktitle={Proceedings of the 28th ACM joint meeting on European software engineering conference and symposium on the foundations of software engineering},
  pages={1433--1443},
  year={2020}
}
@inproceedings{ayshwaryalakshmi2013agent,
  title={Agent based tool for topologically sorting badsmells and refactoring by analyzing complexities in source code},
  author={AyshwaryaLakshmi, S and Mary, SA Sahaaya Arul and Vadivu, S Shanmuga},
  booktitle={2013 Fourth International Conference on Computing, Communications and Networking Technologies (ICCCNT)},
  pages={1--7},
  year={2013},
  organization={IEEE}
}

@article{baumgartner2024ai,
  title={AI-Driven Refactoring: A Pipeline for Identifying and Correcting Data Clumps in Git Repositories},
  author={Baumgartner, Nils and Iyenghar, Padma and Schoemaker, Timo and Pulverm{\"u}ller, Elke},
  journal={Electronics},
  volume={13},
  number={9},
  pages={1644},
  year={2024},
  publisher={MDPI}
}
@article{dos2015autorefactoring,
  title={AutoRefactoring: A platform to build refactoring agents},
  author={dos Santos Neto, Baldoino Fonseca and Ribeiro, M{\'a}rcio and Da Silva, Viviane Torres and Braga, Christiano and De Lucena, Carlos Jos{\'e} Pereira and de Barros Costa, Evandro},
  journal={Expert systems with applications},
  volume={42},
  number={3},
  pages={1652--1664},
  year={2015},
  publisher={Elsevier}
}

@article{brown2020language,
  title={Language models are few-shot learners},
  author={Brown, Tom and Mann, Benjamin and Ryder, Nick and Subbiah, Melanie and Kaplan, Jared D and Dhariwal, Prafulla and Neelakantan, Arvind and Shyam, Pranav and Sastry, Girish and Askell, Amanda and others},
  journal={Advances in neural information processing systems},
  volume={33},
  pages={1877--1901},
  year={2020}
}
@article{feng2024genetic,
  title={Genetic Auto-prompt Learning for Pre-trained Code Intelligence Language Models},
  author={Feng, Chengzhe and Sun, Yanan and Li, Ke and Zhou, Pan and Lv, Jiancheng and Lu, Aojun},
  journal={arXiv preprint arXiv:2403.13588},
  year={2024}
}
@inproceedings{nascimento2023self,
  title={Self-adaptive large language model (llm)-based multiagent systems},
  author={Nascimento, Nathalia and Alencar, Paulo and Cowan, Donald},
  booktitle={2023 IEEE International Conference on Autonomic Computing and Self-Organizing Systems Companion (ACSOS-C)},
  pages={104--109},
  year={2023},
  organization={IEEE}
}

@article{allamanis2018survey,
  title={A survey of machine learning for big code and naturalness},
  author={Allamanis, Miltiadis and Barr, Earl T and Devanbu, Premkumar and Sutton, Charles},
  journal={ACM Computing Surveys (CSUR)},
  volume={51},
  number={4},
  pages={1--37},
  year={2018},
  publisher={ACM New York, NY, USA}
}

@article{gill2009worker,
  title={The worker/wrapper transformation},
  author={Gill, Andy and Hutton, Graham},
  journal={Journal of Functional Programming},
  volume={19},
  number={2},
  pages={227--251},
  year={2009},
  publisher={Cambridge University Press}
}

@inproceedings{wadler1992essence,
  title={The essence of functional programming},
  author={Wadler, Philip},
  booktitle={Proceedings of the 19th ACM SIGPLAN-SIGACT symposium on Principles of programming languages},
  pages={1--14},
  year={1992}
}

@inproceedings{murphy1995software,
  title={Software reflexion models: Bridging the gap between source and high-level models},
  author={Murphy, Gail C and Notkin, David and Sullivan, Kevin},
  booktitle={Proceedings of the 3rd ACM SIGSOFT symposium on Foundations of software engineering},
  pages={18--28},
  year={1995}
}

@book{spinellis2006code,
  title={Code quality: the open source perspective},
  author={Spinellis, Diomidis},
  year={2006},
  publisher={Adobe Press}
}

@article{clarke1999model,
  title={Model checking the mit press},
  author={Clarke, Edmund M and Grumberg, Orna and Peled, Doron A},
  journal={Cambridge, Massachusetts, London, UK},
  volume={988},
  year={1999}
}

@article{mccabe1976complexity,
  title={A complexity measure},
  author={McCabe, Thomas J},
  journal={IEEE Transactions on software Engineering},
  number={4},
  pages={308--320},
  year={1976},
  publisher={IEEE}
}

@article{gamma1995design,
  title={Design patterns: elements of reusable object-oriented software},
  author={Gamma, Erich},
  journal={Person Education Inc},
  year={1995}
}

@inproceedings{pomian2024next,
  title={Next-generation refactoring: Combining llm insights and ide capabilities for extract method},
  author={Pomian, Dorin and Bellur, Abhiram and Dilhara, Malinda and Kurbatova, Zarina and Bogomolov, Egor and Bryksin, Timofey and Dig, Danny},
  booktitle={2024 IEEE International Conference on Software Maintenance and Evolution (ICSME)},
  pages={275--287},
  year={2024},
  organization={IEEE}
}

@book{fowler2018refactoring,
  title={Refactoring: improving the design of existing code},
  author={Fowler, Martin},
  year={2018},
  publisher={Addison-Wesley Professional}
}

@article{claessen2011quickcheck,
  title={QuickCheck: a lightweight tool for random testing of Haskell programs},
  author={Claessen, Koen and Hughes, John},
  journal={Acm sigplan notices},
  volume={46},
  number={4},
  pages={53--64},
  year={2011},
  publisher={ACM New York, NY, USA}
}

@book{beck2022test,
  title={Test driven development: By example},
  author={Beck, Kent},
  year={2022},
  publisher={Addison-Wesley Professional}
}

@book{zeller2009programs,
  title={Why programs fail: a guide to systematic debugging},
  author={Zeller, Andreas},
  year={2009},
  publisher={Morgan Kaufmann}
}

@inproceedings{jones2002visualization,
  title={Visualization of test information to assist fault localization},
  author={Jones, James A and Harrold, Mary Jean and Stasko, John},
  booktitle={Proceedings of the 24th international conference on Software engineering},
  pages={467--477},
  year={2002}
}

@article{prechelt2000empirical,
  title={An empirical comparison of seven programming languages},
  author={Prechelt, Lutz},
  journal={Computer},
  volume={33},
  number={10},
  pages={23--29},
  year={2000},
  publisher={IEEE}
}
@inproceedings{ahmad2023towards,
  title={Towards human-bot collaborative software architecting with chatgpt},
  author={Ahmad, Aakash and Waseem, Muhammad and Liang, Peng and Fahmideh, Mahdi and Aktar, Mst Shamima and Mikkonen, Tommi},
  booktitle={Proceedings of the 27th international conference on evaluation and assessment in software engineering},
  pages={279--285},
  year={2023}
}

@article{hu2015functional,
  title={How functional programming mattered},
  author={Hu, Zhenjiang and Hughes, John and Wang, Meng},
  journal={National Science Review},
  volume={2},
  number={3},
  pages={349--370},
  year={2015},
  publisher={Oxford University Press}
}
@inproceedings{orchard2014embedding,
  title={Embedding effect systems in Haskell},
  author={Orchard, Dominic and Petricek, Tomas},
  booktitle={Proceedings of the 2014 ACM SIGPLAN Symposium on Haskell},
  pages={13--24},
  year={2014}
}
@article{figueroa2021monads,
  title={Which monads Haskell developers use: An exploratory study},
  author={Figueroa, Ismael and Leger, Paul and Fukuda, Hiroaki},
  journal={Science of Computer Programming},
  volume={201},
  pages={102523},
  year={2021},
  publisher={Elsevier}
}

@inproceedings{brown2011expression,
  title={An expression processor: a case study in refactoring Haskell programs},
  author={Brown, Christopher and Li, Huiqing and Thompson, Simon},
  booktitle={Trends in Functional Programming: 11th International Symposium, TFP 2010, Norman, OK, USA, May 17-19, 2010. Revised Selected Papers 11},
  pages={31--49},
  year={2011},
  organization={Springer}
}
@article{li2005haskell,
  title={The Haskell refactorer, HaRe, and its API},
  author={Li, Huiqing and Thompson, Simon and Reinke, Claus},
  journal={Electronic Notes in Theoretical Computer Science},
  volume={141},
  number={4},
  pages={29--34},
  year={2005},
  publisher={Elsevier}
}
@article{thompson2013refactoring,
  title={Refactoring tools for functional languages},
  author={Thompson, Simon and Li, Huiqing},
  journal={Journal of Functional Programming},
  volume={23},
  number={3},
  pages={293--350},
  year={2013},
  publisher={Cambridge University Press}
}
@book{bragilevsky2021haskell,
  title={Haskell in Depth},
  author={Bragilevsky, Vitaly},
  year={2021},
  publisher={Simon and Schuster}
}
@article{guo2024large,
  title={Large language model based multi-agents: A survey of progress and challenges},
  author={Guo, Taicheng and Chen, Xiuying and Wang, Yaqi and Chang, Ruidi and Pei, Shichao and Chawla, Nitesh V and Wiest, Olaf and Zhang, Xiangliang},
  journal={arXiv preprint arXiv:2402.01680},
  year={2024}
}

@inproceedings{shirafuji2023refactoring,
  title={Refactoring programs using large language models with few-shot examples},
  author={Shirafuji, Atsushi and Oda, Yusuke and Suzuki, Jun and Morishita, Makoto and Watanobe, Yutaka},
  booktitle={2023 30th Asia-Pacific Software Engineering Conference (APSEC)},
  pages={151--160},
  year={2023},
  organization={IEEE}
}
@article{jiang2024survey,
  title={A Survey on Large Language Models for Code Generation},
  author={Jiang, Juyong and Wang, Fan and Shen, Jiasi and Kim, Sungju and Kim, Sunghun},
  journal={arXiv preprint arXiv:2406.00515},
  year={2024}
}
@incollection{white2024chatgpt,
  title={Chatgpt prompt patterns for improving code quality, refactoring, requirements elicitation, and software design},
  author={White, Jules and Hays, Sam and Fu, Quchen and Spencer-Smith, Jesse and Schmidt, Douglas C},
  booktitle={Generative AI for Effective Software Development},
  pages={71--108},
  year={2024},
  publisher={Springer}
}
@article{hou2024large,
  title={Large language models for software engineering: A systematic literature review},
  author={Hou, Xinyi and Zhao, Yanjie and Liu, Yue and Yang, Zhou and Wang, Kailong and Li, Li and Luo, Xiapu and Lo, David and Grundy, John and Wang, Haoyu},
  journal={ACM Transactions on Software Engineering and Methodology},
  volume={33},
  number={8},
  pages={1--79},
  year={2024},
  publisher={ACM New York, NY}
}
@article{xi2023rise,
  title={The rise and potential of large language model based agents: A survey},
  author={Xi, Zhiheng and Chen, Wenxiang and Guo, Xin and He, Wei and Ding, Yiwen and Hong, Boyang and Zhang, Ming and Wang, Junzhe and Jin, Senjie and Zhou, Enyu and others},
  journal={arXiv preprint arXiv:2309.07864},
  year={2023}
}
@article{huang2024levels,
  title={Levels of AI Agents: from Rules to Large Language Models},
  author={Huang, Yu},
  journal={arXiv preprint arXiv:2405.06643},
  year={2024}
}
@article{hua2023war,
  title={War and peace (waragent): Large language model-based multi-agent simulation of world wars},
  author={Hua, Wenyue and Fan, Lizhou and Li, Lingyao and Mei, Kai and Ji, Jianchao and Ge, Yingqiang and Hemphill, Libby and Zhang, Yongfeng},
  journal={arXiv preprint arXiv:2311.17227},
  year={2023}
}
@article{cheng2024exploring,
  title={Exploring large language model based intelligent agents: Definitions, methods, and prospects},
  author={Cheng, Yuheng and Zhang, Ceyao and Zhang, Zhengwen and Meng, Xiangrui and Hong, Sirui and Li, Wenhao and Wang, Zihao and Wang, Zekai and Yin, Feng and Zhao, Junhua and others},
  journal={arXiv preprint arXiv:2401.03428},
  year={2024}
}

@misc{ShahbazMaSHaskellGitHub2025,
  author = {Shahbaz Siddeeq},
  title = {Distributed-Approach-to-Haskell-Based-Applications-Refactoring-with-LLMs-Based-Multi-Agent-Systems},
  year = {2025},
  url = {https://github.com/shahbazsiddeeq/Distributed-Approach-to-Haskell-Based-Applications-Refactoring-with-LLMs-Based-Multi-Agent-Systems},
  note = {Accessed: 31-Jan-2025}
}
@article{rasheed2024codepori,
  title={CodePori: Large-Scale System for Autonomous Software Development Using Multi-Agent Technology},
  author={Rasheed, Zeeshan and Sami, Malik Abdul and Kemell, Kai-Kristian and Waseem, Muhammad and Saari, Mika and Syst{\"a}, Kari and Abrahamsson, Pekka},
  journal={arXiv preprint arXiv:2402.01411},
  year={2024}
}
@article{rasheed2024can,
  title={Can large language models serve as data analysts? a multi-agent assisted approach for qualitative data analysis},
  author={Rasheed, Zeeshan and Waseem, Muhammad and Ahmad, Aakash and Kemell, Kai-Kristian and Xiaofeng, Wang and Duc, Anh Nguyen and Abrahamsson, Pekka},
  journal={arXiv preprint arXiv:2402.01386},
  year={2024}
}
@inproceedings{rasheed2024autonomous,
  title={Autonomous agents in software development: A vision paper},
  author={Rasheed, Zeeshan and Waseem, Muhammad and Sami, Malik Abdul and Kemell, Kai-Kristian and Ahmad, Aakash and Duc, Anh Nguyen and Syst{\"a}, Kari and Abrahamsson, Pekka},
  booktitle={International Conference on Agile Software Development},
  pages={15--23},
  year={2024},
  organization={Springer Nature Switzerland Cham}
}
@article{rasheed2024timeless,
  title={Timeless: A vision for the next generation of software development},
  author={Rasheed, Zeeshan and Sami, Malik Abdul and Rasku, Jussi and Kemell, Kai-Kristian and Zhang, Zheying and Harjamaki, Janne and Siddeeq, Shahbaz and Lahti, Sami and Herda, Tomas and Nurminen, Mikko and others},
  journal={arXiv preprint arXiv:2411.08507},
  year={2024}
}
@article{rasheed2025large,
  title={Large Language Models for Code Generation: The Practitioners Perspective},
  author={Rasheed, Zeeshan and Waseem, Muhammad and Kemell, Kai Kristian and Ahmad, Aakash and Sami, Malik Abdul and Rasku, Jussi and Syst{\"a}, Kari and Abrahamsson, Pekka},
  journal={arXiv preprint arXiv:2501.16998},
  year={2025}
}
@inproceedings{
rasheed2024large,
title={Large Language Model Evaluation Via Multi {AI} Agents: Preliminary results},
author={Zeeshan Rasheed and Muhammad Waseem and Kari Syst{\"a} and Pekka Abrahamsson},
booktitle={ICLR 2024 Workshop on Large Language Model (LLM) Agents},
year={2024},
url={https://openreview.net/forum?id=qMyFXpE888}
}