@inproceedings{azizian2020expressive,
  title={Expressive Power of Invariant and Equivariant Graph Neural Networks},
  author={Azizian, Wa{\"\i}ss and Lelarge, Marc},
  booktitle={International Conference on Learning Representations (ICLR)},
  year={2020}
}

@inproceedings{bodnar2021weisfeiler,
  title={Weisfeiler and lehman go topological: Message passing simplicial networks},
  author={Bodnar, Cristian and Frasca, Fabrizio and Wang, Yuguang and Otter, Nina and Montufar, Guido F and Lio, Pietro and Bronstein, Michael},
  booktitle={International Conference on Machine Learning},
  pages={1026--1037},
  year={2021},
  organization={PMLR}
}

@article{bouritsas2006improving,
  title={Improving Graph Neural Network Expressivity via Subgraph Isomorphism Counting},
  author={Bouritsas, Giorgos and Frasca, Fabrizio and Zafeiriou, Stefanos and Bronstein, Michael M},
  journal={IEEE Transactions on Pattern Analysis and Machine Intelligence},
  year={2022}
}

@article{bouritsas2020improving,
  title={Improving graph neural network expressivity via subgraph isomorphism counting},
  author={Bouritsas, Giorgos and Frasca, Fabrizio and Zafeiriou, Stefanos and Bronstein, Michael M},
  journal={arXiv preprint arXiv:2006.09252},
  year={2020}
}

@article{chen2020can,
  title={Can graph neural networks count substructures?},
  author={Chen, Zhengdao and Chen, Lei and Villar, Soledad and Bruna, Joan},
  journal={Advances in neural information processing systems (NeurIPS)},
  year={2020}
}

@inproceedings{chen2020simple,
  title={A simple framework for contrastive learning of visual representations},
  author={Chen, Ting and Kornblith, Simon and Norouzi, Mohammad and Hinton, Geoffrey},
  booktitle={International conference on machine learning},
  pages={1597--1607},
  year={2020},
  organization={PMLR}
}

@article{cotta2021reconstruction,
  title={Reconstruction for powerful graph representations},
  author={Cotta, Leonardo and Morris, Christopher and Ribeiro, Bruno},
  journal={Advances in Neural Information Processing Systems},
  volume={34},
  pages={1713--1726},
  year={2021}
}

@article{dwivedi2020generalization,
  title={A Generalization of Transformer Networks to Graphs},
  author={Dwivedi, Vijay Prakash and Bresson, Xavier},
  journal={In AAAI Workshop on Deep Learning on Graphs: Methods and Applications},
  year={2021}
}

@inproceedings{dwivedi2021graph,
  title={Graph Neural Networks with Learnable Structural and Positional Representations},
  author={Dwivedi, Vijay Prakash and Luu, Anh Tuan and Laurent, Thomas and Bengio, Yoshua and Bresson, Xavier},
  booktitle={International Conference on Learning Representations},
  year={2021}
}

@article{dwivedi2023benchmarking,
  title={Benchmarking graph neural networks},
  author={Dwivedi, Vijay Prakash and Joshi, Chaitanya K and Luu, Anh Tuan and Laurent, Thomas and Bengio, Yoshua and Bresson, Xavier},
  journal={Journal of Machine Learning Research},
  volume={24},
  number={43},
  pages={1--48},
  year={2023}
}

@inproceedings{glen,
 author = {Zhu, Hao and Koniusz, Piotr},
 booktitle = {Advances in Neural Information Processing Systems},
 pages = {30783--30797},
 publisher = {Curran Associates, Inc.},
 title = {Generalized Laplacian Eigenmaps},
 volume = {35},
 year = {2022}
}

@article{grill2020bootstrap,
  title={Bootstrap your own latent-a new approach to self-supervised learning},
  author={Grill, Jean-Bastien and Strub, Florian and Altch{\'e}, Florent and Tallec, Corentin and Richemond, Pierre and Buchatskaya, Elena and Doersch, Carl and Avila Pires, Bernardo and Guo, Zhaohan and Gheshlaghi Azar, Mohammad and others},
  journal={Advances in neural information processing systems},
  volume={33},
  pages={21271--21284},
  year={2020}
}

@article{hamilton2017inductive,
  title={Inductive representation learning on large graphs},
  author={Hamilton, Will and Ying, Zhitao and Leskovec, Jure},
  journal={Advances in neural information processing systems},
  volume={30},
  year={2017}
}

@inproceedings{hassani2020contrastive,
  title={Contrastive multi-view representation learning on graphs},
  author={Hassani, Kaveh and Khasahmadi, Amir Hosein},
  booktitle={International conference on machine learning},
  pages={4116--4126},
  year={2020},
  organization={PMLR}
}

@inproceedings{he2020momentum,
  title={Momentum contrast for unsupervised visual representation learning},
  author={He, Kaiming and Fan, Haoqi and Wu, Yuxin and Xie, Saining and Girshick, Ross},
  booktitle={Proceedings of the IEEE/CVF conference on computer vision and pattern recognition},
  pages={9729--9738},
  year={2020}
}

@article{hyper_collapse,
      title={Understanding and Mitigating Hyperbolic Dimensional Collapse in Graph Contrastive Learning},
journal={31st SIGKDD Conference on Knowledge Discovery and Data Mining},
author={Yifei Zhang and Hao Zhu and Menglin Yang and Jiahong Liu and Rex Ying    Irwin King and Piotr Koniusz}, 
year={2025}
}

@inproceedings{jiao2020sub,
  title={Sub-graph contrast for scalable self-supervised graph representation learning},
  author={Jiao, Yizhu and Xiong, Yun and Zhang, Jiawei and Zhang, Yao and Zhang, Tianqi and Zhu, Yangyong},
  booktitle={2020 IEEE international conference on data mining (ICDM)},
  pages={222--231},
  year={2020},
  organization={IEEE}
}

@article{ju2023unsupervised,
  title={Unsupervised graph-level representation learning with hierarchical contrasts},
  author={Ju, Wei and Gu, Yiyang and Luo, Xiao and Wang, Yifan and Yuan, Haochen and Zhong, Huasong and Zhang, Ming},
  journal={Neural Networks},
  volume={158},
  pages={359--368},
  year={2023},
  publisher={Elsevier}
}

@inproceedings{kipf2016semi,
  title={Semi-Supervised Classification with Graph Convolutional Networks},
  author={Kipf, Thomas N and Welling, Max},
  booktitle={International Conference on Learning Representations},
  year={2016}
}

@inproceedings{li2022let,
  title={Let invariant rationale discovery inspire graph contrastive learning},
  author={Li, Sihang and Wang, Xiang and Zhang, An and Wu, Yingxin and He, Xiangnan and Chua, Tat-Seng},
  booktitle={International conference on machine learning},
  pages={13052--13065},
  year={2022},
  organization={PMLR}
}

@article{li2022metamask,
  title={Metamask: Revisiting dimensional confounder for self-supervised learning},
  author={Li, Jiangmeng and Qiang, Wenwen and Zhang, Yanan and Mo, Wenyi and Zheng, Changwen and Su, Bing and Xiong, Hui},
  journal={Advances in Neural Information Processing Systems},
  volume={35},
  pages={38501--38515},
  year={2022}
}

@inproceedings{li2022metaug,
  title={Metaug: Contrastive learning via meta feature augmentation},
  author={Li, Jiangmeng and Qiang, Wenwen and Zheng, Changwen and Su, Bing and Xiong, Hui},
  booktitle={International Conference on Machine Learning},
  pages={12964--12978},
  year={2022},
  organization={PMLR}
}

@article{lin2022prototypical,
  title={Prototypical graph contrastive learning},
  author={Lin, Shuai and Liu, Chen and Zhou, Pan and Hu, Zi-Yuan and Wang, Shuojia and Zhao, Ruihui and Zheng, Yefeng and Lin, Liang and Xing, Eric and Liang, Xiaodan},
  journal={IEEE transactions on neural networks and learning systems},
  volume={35},
  number={2},
  pages={2747--2758},
  year={2022},
  publisher={IEEE}
}

@inproceedings{linspectral,
  title={Spectral Augmentation for Self-Supervised Learning on Graphs},
  author={Lin, Lu and Chen, Jinghui and Wang, Hongning},
  booktitle={The Eleventh International Conference on Learning Representations},
  year={2023}
}

@inproceedings{liu2020neural,
  title={Neural subgraph isomorphism counting},
  author={Liu, Xin and Pan, Haojie and He, Mutian and Song, Yangqiu and Jiang, Xin and Shang, Lifeng},
  booktitle={ACM SIGKDD International Conference on Knowledge Discovery \& Data Mining (SIGKDD)},
  pages={1959--1969},
  year={2020}
}

@article{maron2019provably,
  title={Provably powerful graph networks},
  author={Maron, Haggai and Ben-Hamu, Heli and Serviansky, Hadar and Lipman, Yaron},
  journal={Advances in Neural Information Processing Systems (NeurIPS)},
  year={2019}
}

@inproceedings{monti2018motifnet,
  title={Motifnet: a motif-based graph convolutional network for directed graphs},
  author={Monti, Federico and Otness, Karl and Bronstein, Michael M},
  booktitle={2018 IEEE Data Science Workshop (DSW)},
  pages={225--228},
  year={2018}
}

@inproceedings{morris2019weisfeiler,
  title={Weisfeiler and leman go neural: Higher-order graph neural networks},
  author={Morris, Christopher and Ritzert, Martin and Fey, Matthias and Hamilton, William L and Lenssen, Jan Eric and Rattan, Gaurav and Grohe, Martin},
  booktitle={AAAI Conference on Artificial Intelligence (AAAI)},
  pages={4602--4609},
  year={2019}
}

@article{morris2020weisfeiler,
  title={Weisfeiler and Leman go sparse: Towards scalable higher-order graph embeddings},
  author={Morris, Christopher and Rattan, Gaurav and Mutzel, Petra},
  journal={Advances in Neural Information Processing Systems (NeurIPS)},
  year={2020}
}

@InProceedings{multihead_lei,
author="Wang, Lei
and Koniusz, Piotr
and Gedeon, Tom
and Zheng, Liang",
title="Adaptive Multi-head Contrastive Learning",
booktitle="Computer Vision -- ECCV 2024",
year="2025",
publisher="Springer Nature Switzerland",
address="Cham",
pages="404--421"
}

@inproceedings{murphy2019relational,
  title={Relational pooling for graph representations},
  author={Murphy, Ryan and Srinivasan, Balasubramaniam and Rao, Vinayak and Ribeiro, Bruno},
  booktitle={International Conference on Machine Learning (ICML)},
  pages={4663--4673},
  year={2019}
}

@inproceedings{qiang2022interventional,
  title={Interventional contrastive learning with meta semantic regularizer},
  author={Qiang, Wenwen and Li, Jiangmeng and Zheng, Changwen and Su, Bing and Xiong, Hui},
  booktitle={International Conference on Machine Learning},
  pages={18018--18030},
  year={2022},
  organization={PMLR}
}

@inproceedings{sato2021random,
  title={Random features strengthen graph neural networks},
  author={Sato, Ryoma and Yamada, Makoto and Kashima, Hisashi},
  booktitle={Proceedings of the 2021 SIAM International Conference on Data Mining (SDM)},
  pages={333--341},
  year={2021}
}

@inproceedings{suninfograph,
  title={InfoGraph: Unsupervised and Semi-supervised Graph-Level Representation Learning via Mutual Information Maximization},
  author={Sun, Fan-Yun and Hoffman, Jordan and Verma, Vikas and Tang, Jian},
  booktitle={International Conference on Learning Representations},
  year={2020}
}

@inproceedings{thakoorlarge,
  title={Large-Scale Representation Learning on Graphs via Bootstrapping},
  author={Thakoor, Shantanu and Tallec, Corentin and Azar, Mohammad Gheshlaghi and Azabou, Mehdi and Dyer, Eva L and Munos, Remi and Veli{\v{c}}kovi{\'c}, Petar and Valko, Michal},
  booktitle={International Conference on Learning Representations},
  year={2022}
}

@article{velickovic2019deep,
  title={Deep graph infomax.},
  author={Velickovic, Petar and Fedus, William and Hamilton, William L and Li{\`o}, Pietro and Bengio, Yoshua and Hjelm, R Devon},
  journal={International Conference on Learning Representations},
  year={2019}
}

@inproceedings{velivckovic2018graph,
  title={Graph Attention Networks},
  author={Veli{\v{c}}kovi{\'c}, Petar and Cucurull, Guillem and Casanova, Arantxa and Romero, Adriana and Li{\`o}, Pietro and Bengio, Yoshua},
  booktitle={International Conference on Learning Representations},
  year={2018}
}

@inproceedings{vignac2020building,
  title={Building powerful and equivariant graph neural networks with structural message-passing},
  author={Vignac, Cl{\'e}ment and Loukas, Andreas and Frossard, Pascal},
  booktitle={Advances in Neural Information Processing Systems (NeurIPS)},
  year={2020}
}

@article{wijesinghe2019dfnets,
  title={DFNets: Spectral CNNs for graphs with feedback-looped filters},
  author={Wijesinghe, WOK and Wang, Qing},
  journal={Advances in neural information processing systems},
  volume={32},
  year={2019}
}

@inproceedings{wijesinghe2021new,
  title={A new perspective on" how graph neural networks go beyond weisfeiler-lehman?"},
  author={Wijesinghe, Asiri and Wang, Qing},
  booktitle={International Conference on Learning Representations},
  year={2021}
}

@inproceedings{wu2018unsupervised,
  title={Unsupervised feature learning via non-parametric instance discrimination},
  author={Wu, Zhirong and Xiong, Yuanjun and Yu, Stella X and Lin, Dahua},
  booktitle={Proceedings of the IEEE conference on computer vision and pattern recognition},
  pages={3733--3742},
  year={2018}
}

@inproceedings{xu2018powerful,
  title={How Powerful are Graph Neural Networks?},
  author={Xu, Keyulu and Hu, Weihua and Leskovec, Jure and Jegelka, Stefanie},
  booktitle={International Conference on Learning Representations},
  year={2018}
}

@inproceedings{yanardag2015deep,
  title={Deep graph kernels},
  author={Yanardag, Pinar and Vishwanathan, SVN},
  booktitle={Proceedings of the 21th ACM SIGKDD international conference on knowledge discovery and data mining},
  pages={1365--1374},
  year={2015}
}

@article{you2020graph,
  title={Graph contrastive learning with augmentations},
  author={You, Yuning and Chen, Tianlong and Sui, Yongduo and Chen, Ting and Wang, Zhangyang and Shen, Yang},
  journal={Advances in neural information processing systems},
  volume={33},
  pages={5812--5823},
  year={2020}
}

@inproceedings{you2021graph,
  title={Graph contrastive learning automated},
  author={You, Yuning and Chen, Tianlong and Shen, Yang and Wang, Zhangyang},
  booktitle={International Conference on Machine Learning},
  pages={12121--12132},
  year={2021},
  organization={PMLR}
}

@inproceedings{you2021identity,
  title={Identity-Aware Graph Neural Networks},
  author={You, Jiaxuan and Gomes-Selman, Jonathan and Ying, Rex and Leskovec, Jure},
  booktitle={AAAI Conference on Artificial Intelligence (AAAI)},
  year={2021}
}

@inproceedings{zbontar2021barlow,
  title={Barlow twins: Self-supervised learning via redundancy reduction},
  author={Zbontar, Jure and Jing, Li and Misra, Ishan and LeCun, Yann and Deny, St{\'e}phane},
  booktitle={International conference on machine learning},
  pages={12310--12320},
  year={2021},
  organization={PMLR}
}

@article{zhang2020motif,
  title={Motif-driven contrastive learning of graph representations},
  author={Zhang, Shichang and Hu, Ziniu and Subramonian, Arjun and Sun, Yizhou},
  journal={arXiv preprint arXiv:2012.12533},
  year={2020}
}

@article{zhang2021nested,
  title={Nested graph neural networks},
  author={Zhang, Muhan and Li, Pan},
  journal={Advances in Neural Information Processing Systems},
  volume={34},
  pages={15734--15747},
  year={2021}
}

@inproceedings{zhang2022costa,
  title={{COSTA}: Covariance-Preserving Feature Augmentation for Graph Contrastive Learning},
  author={Zhang, Yifei and Zhu, Hao and Song, Zixing and Koniusz, Piotr and King, Irwin},
  booktitle={Proceedings of the 28th ACM SIGKDD Conference on Knowledge Discovery and Data Mining},
  pages={2524--2534},
  year={2022}
}

@inproceedings{zhang2022graph,
 author = {Zhang, Yifei and Zhu, Hao and Meng, Ziqiao and Koniusz, Piotr and King, Irwin},
 booktitle = {Proceedings of the ACM Web Conference 2022},
 title = {Graph-adaptive rectified linear unit for graph neural networks},
 year = {2022}
}

@inproceedings{zhang2023spectral,
  title={Spectral feature augmentation for graph contrastive learning and beyond},
  author={Zhang, Yifei and Zhu, Hao and Song, Zixing and Koniusz, Piotr and King, Irwin},
  booktitle={Proceedings of the AAAI Conference on Artificial Intelligence},
  volume={37},
  number={9},
  pages={11289--11297},
  year={2023}
}

@article{zhu2021contrastive,
  title={Contrastive laplacian eigenmaps},
  author={Zhu, Hao and Sun, Ke and Koniusz, Peter},
  journal={Advances in Neural Information Processing Systems},
  volume={34},
  pages={5682--5695},
  year={2021}
}

