@inproceedings{bardes2022vicreg,
  title={VICReg: Variance-Invariance-Covariance Regularization For Self-Supervised Learning},
  author={Bardes, Adrien and Ponce, Jean and Lecun, Yann},
  booktitle={ICLR 2022-International Conference on Learning Representations},
  year={2022}
}

@inproceedings{chen2020simple,
  title={A simple framework for contrastive learning of visual representations},
  author={Chen, Ting and Kornblith, Simon and Norouzi, Mohammad and Hinton, Geoffrey},
  booktitle={International conference on machine learning},
  pages={1597--1607},
  year={2020},
  organization={PMLR}
}

@article{dwivedi2020generalization,
  title={A Generalization of Transformer Networks to Graphs},
  author={Dwivedi, Vijay Prakash and Bresson, Xavier},
  journal={In AAAI Workshop on Deep Learning on Graphs: Methods and Applications},
  year={2021}
}

@inproceedings{hou2019measuring,
  title={Measuring and Improving the Use of Graph Information in Graph Neural Networks},
  author={Hou, Yifan and Zhang, Jian and Cheng, James and Ma, Kaili and Ma, Richard TB and Chen, Hongzhi and Yang, Ming-Chang},
  booktitle={International Conference on Learning Representations},
  year={2019}
}

@inproceedings{kipf2016semi,
  title={Semi-Supervised Classification with Graph Convolutional Networks},
  author={Kipf, Thomas N and Welling, Max},
  booktitle={International Conference on Learning Representations},
  year={2016}
}

@article{debnath1991structure,
  title={Structure-activity relationship of mutagenic aromatic and heteroaromatic nitro compounds. correlation with molecular orbital energies and hydrophobicity},
  author={Debnath, Asim Kumar and Lopez de Compadre, Rosa L and Debnath, Gargi and Shusterman, Alan J and Hansch, Corwin},
  journal={Journal of medicinal chemistry},
  volume={34},
  number={2},
  pages={786--797},
  year={1991},
  publisher={ACS Publications}
}

@inproceedings{kriege2016valid,
  title={On valid optimal assignment kernels and applications to graph classification},
  author={Kriege, Nils M and Giscard, Pierre-Louis and Wilson, Richard},
  booktitle={Advances in Neural Information Processing Systems (NeurIPS)},
  pages={1623--1631},
  year={2016}
}

@article{wale2008comparison,
  title={Comparison of descriptor spaces for chemical compound retrieval and classification},
  author={Wale, Nikil and Watson, Ian A and Karypis, George},
  journal={Knowledge and Information Systems},
  volume={14},
  number={3},
  pages={347--375},
  year={2008},
  publisher={Springer}
}

@article{shervashidze2011weisfeiler,
  title={Weisfeiler-lehman graph kernels},
  author={Shervashidze, Nino and Schweitzer, Pascal and Van Leeuwen, Erik Jan and Mehlhorn, Kurt and Borgwardt, Karsten M},
  journal={Journal of Machine Learning Research},
  volume={12},
  number={9},
  year={2011}
}

@article{sutherland2003spline,
  title={Spline-fitting with a genetic algorithm: A method for developing classification structure- activity relationships},
  author={Sutherland, Jeffrey J and O'brien, Lee A and Weaver, Donald F},
  journal={Journal of chemical information and computer sciences},
  volume={43},
  number={6},
  pages={1906--1915},
  year={2003},
  publisher={ACS Publications}
}

@inproceedings{yanardag2015deep,
  title={Deep graph kernels},
  author={Yanardag, Pinar and Vishwanathan, SVN},
  booktitle={Proceedings of the 21th ACM SIGKDD international conference on knowledge discovery and data mining},
  pages={1365--1374},
  year={2015}
}

@article{hu2020open,
  title={Open Graph Benchmark: Datasets for Machine Learning on Graphs},
  author={Hu, Weihua and Fey, Matthias and Zitnik, Marinka and Dong, Yuxiao and Ren, Hongyu and Liu, Bowen and Catasta, Michele and Leskovec, Jure},
  journal={Advances in Neural Information Processing Systems (NeurIPS)},
  year={2020}
}

@article{grill2020bootstrap,
  title={Bootstrap your own latent-a new approach to self-supervised learning},
  author={Grill, Jean-Bastien and Strub, Florian and Altch{\'e}, Florent and Tallec, Corentin and Richemond, Pierre and Buchatskaya, Elena and Doersch, Carl and Avila Pires, Bernardo and Guo, Zhaohan and Gheshlaghi Azar, Mohammad and others},
  journal={Advances in neural information processing systems},
  volume={33},
  pages={21271--21284},
  year={2020}
}

@inproceedings{radford2021learning,
  title={Learning transferable visual models from natural language supervision},
  author={Radford, Alec and Kim, Jong Wook and Hallacy, Chris and Ramesh, Aditya and Goh, Gabriel and Agarwal, Sandhini and Sastry, Girish and Askell, Amanda and Mishkin, Pamela and Clark, Jack and others},
  booktitle={International conference on machine learning},
  pages={8748--8763},
  year={2021},
  organization={PMLR}
}

@inproceedings{velivckovic2018graph,
  title={Graph Attention Networks},
  author={Veli{\v{c}}kovi{\'c}, Petar and Cucurull, Guillem and Casanova, Arantxa and Romero, Adriana and Li{\`o}, Pietro and Bengio, Yoshua},
  booktitle={International Conference on Learning Representations},
  year={2018}
}

@inproceedings{you2020l2,
  title={L2-gcn: Layer-wise and learned efficient training of graph convolutional networks},
  author={You, Yuning and Chen, Tianlong and Wang, Zhangyang and Shen, Yang},
  booktitle={Proceedings of the IEEE/CVF conference on computer vision and pattern recognition},
  pages={2127--2135},
  year={2020}
}

@inproceedings{xu2018powerful,
  title={How Powerful are Graph Neural Networks?},
  author={Xu, Keyulu and Hu, Weihua and Leskovec, Jure and Jegelka, Stefanie},
  booktitle={International Conference on Learning Representations},
  year={2018}
}

@inproceedings{wijesinghe2021new,
  title={A new perspective on" how graph neural networks go beyond weisfeiler-lehman?"},
  author={Wijesinghe, Asiri and Wang, Qing},
  booktitle={International Conference on Learning Representations},
  year={2021}
}

@inproceedings{li2018deeper,
  title={Deeper insights into graph convolutional networks for semi-supervised learning},
  author={Li, Qimai and Han, Zhichao and Wu, Xiao-Ming},
  booktitle={Proceedings of the AAAI conference on artificial intelligence},
  volume={32},
  number={1},
  year={2018}
}

@inproceedings{zhu2021empirical,
  title={An Empirical Study of Graph Contrastive Learning},
  author={Zhu, Yanqiao and Xu, Yichen and Liu, Qiang and Wu, Shu},
  booktitle={Thirty-fifth Conference on Neural Information Processing Systems Datasets and Benchmarks Track (Round 2)},
  year={2021}
}

@article{you2020graph,
  title={Graph contrastive learning with augmentations},
  author={You, Yuning and Chen, Tianlong and Sui, Yongduo and Chen, Ting and Wang, Zhangyang and Shen, Yang},
  journal={Advances in neural information processing systems},
  volume={33},
  pages={5812--5823},
  year={2020}
}

@inproceedings{hassani2020contrastive,
  title={Contrastive multi-view representation learning on graphs},
  author={Hassani, Kaveh and Khasahmadi, Amir Hosein},
  booktitle={International conference on machine learning},
  pages={4116--4126},
  year={2020},
  organization={PMLR}
}

@article{korf1985depth,
  title={Depth-first iterative-deepening: An optimal admissible tree search},
  author={Korf, Richard E},
  journal={Artificial intelligence},
  volume={27},
  number={1},
  pages={97--109},
  year={1985},
  publisher={Elsevier}
}

@article{ivanov1999simple,
  title={Simple algorithms for determining the molecular symmetry},
  author={Ivanov, Julian and Sch{\"u}{\"u}rmann, Gerrit},
  journal={Journal of chemical information and computer sciences},
  volume={39},
  number={4},
  pages={728--737},
  year={1999},
  publisher={ACS Publications}
}

@article{johansson2017automatic,
  title={Automatic procedure for generating symmetry adapted wavefunctions},
  author={Johansson, Marcus and Veryazov, Valera},
  journal={Journal of Cheminformatics},
  volume={9},
  pages={1--8},
  year={2017},
  publisher={Springer}
}

@article{cole2001automatic,
  title={Automatic detection of molecular symmetry in the Cambridge Structural Database},
  author={Cole, Jason C and Yao, Jing Wen and Shields, Gregory P and Motherwell, WDS and Allen, Frank H and Howard, Judith AK},
  journal={Acta Crystallographica Section B: Structural Science},
  volume={57},
  number={1},
  pages={88--94},
  year={2001},
  publisher={International Union of Crystallography}
}

@article{macarthur2008symmetry,
  title={Symmetry in complex networks},
  author={MacArthur, Ben D and S{\'a}nchez-Garc{\'\i}a, Rub{\'e}n J and Anderson, James W},
  journal={Discrete Applied Mathematics},
  volume={156},
  number={18},
  pages={3525--3531},
  year={2008},
  publisher={Elsevier}
}

@inproceedings{de1999heuristic,
  title={An heuristic for graph symmetry detection},
  author={De Fraysseix, Hubert},
  booktitle={Graph Drawing: 7th International Symposium, GDâ€™99 {\v{S}}ti{\v{r}}{\'\i}n Castle, Czech Republic September 15--19, 1999 Proceedings 7},
  pages={276--285},
  year={1999},
  organization={Springer}
}

@article{mckay1981practical,
  title={Practical graph isomorphism},
  author={McKay, Brendan D},
  journal={Congressus Numeranitum},
  volume={30},
  pages={45--87},
  year={1981}
}

@article{mckay2014practical,
  title={Practical graph isomorphism, II},
  author={Mckay, Brendan D and Piperno, Adolfo},
  journal={Journal of Symbolic Computation},
  volume={60},
  pages={94--112},
  year={2014}
}

@article{xu2021automorphic,
  title={Automorphic equivalence-aware graph neural network},
  author={Xu, Fengli and Yao, Quanming and Hui, Pan and Li, Yong},
  journal={Advances in Neural Information Processing Systems (NeurIPS)},
  volume={34},
  pages={15138--15150},
  year={2021}
}

@article{thiede2021autobahn,
  title={Autobahn: Automorphism-based graph neural nets},
  author={Thiede, Erik and Zhou, Wenda and Kondor, Risi},
  journal={Advances in Neural Information Processing Systems (NeurIPS)},
  volume={34},
  pages={29922--29934},
  year={2021}
}

@article{de2020natural,
  title={Natural graph networks},
  author={de Haan, Pim and Cohen, Taco S and Welling, Max},
  journal={Advances in neural information processing systems (NeurIPS)},
  volume={33},
  pages={3636--3646},
  year={2020}
}

@article{li2023local,
  title={Local Vertex Colouring Graph Neural Networks},
  author={Li, Shouheng and Kim, Dongwoo and Wang, Qing},
  journal={International Conference on Machine Learning (ICML)},
  year={2023}
}

@inproceedings{zhao2021stars,
  title={From Stars to Subgraphs: Uplifting Any GNN with Local Structure Awareness},
  author={Zhao, Lingxiao and Jin, Wei and Akoglu, Leman and Shah, Neil},
  booktitle={International Conference on Learning Representations},
  year={2021}
}

@inproceedings{azizian2020expressive,
  title={Expressive Power of Invariant and Equivariant Graph Neural Networks},
  author={Azizian, Wa{\"\i}ss and Lelarge, Marc},
  booktitle={International Conference on Learning Representations (ICLR)},
  year={2020}
}

@inproceedings{morris2019weisfeiler,
  title={Weisfeiler and leman go neural: Higher-order graph neural networks},
  author={Morris, Christopher and Ritzert, Martin and Fey, Matthias and Hamilton, William L and Lenssen, Jan Eric and Rattan, Gaurav and Grohe, Martin},
  booktitle={AAAI Conference on Artificial Intelligence (AAAI)},
  pages={4602--4609},
  year={2019}
}

@article{maron2019provably,
  title={Provably powerful graph networks},
  author={Maron, Haggai and Ben-Hamu, Heli and Serviansky, Hadar and Lipman, Yaron},
  journal={Advances in Neural Information Processing Systems (NeurIPS)},
  year={2019}
}

@article{morris2020weisfeiler,
  title={Weisfeiler and Leman go sparse: Towards scalable higher-order graph embeddings},
  author={Morris, Christopher and Rattan, Gaurav and Mutzel, Petra},
  journal={Advances in Neural Information Processing Systems (NeurIPS)},
  year={2020}
}

@inproceedings{liu2020neural,
  title={Neural subgraph isomorphism counting},
  author={Liu, Xin and Pan, Haojie and He, Mutian and Song, Yangqiu and Jiang, Xin and Shang, Lifeng},
  booktitle={ACM SIGKDD International Conference on Knowledge Discovery \& Data Mining (SIGKDD)},
  pages={1959--1969},
  year={2020}
}

@inproceedings{monti2018motifnet,
  title={Motifnet: a motif-based graph convolutional network for directed graphs},
  author={Monti, Federico and Otness, Karl and Bronstein, Michael M},
  booktitle={2018 IEEE Data Science Workshop (DSW)},
  pages={225--228},
  year={2018}
}

@inproceedings{vignac2020building,
  title={Building powerful and equivariant graph neural networks with structural message-passing},
  author={Vignac, Cl{\'e}ment and Loukas, Andreas and Frossard, Pascal},
  booktitle={Advances in Neural Information Processing Systems (NeurIPS)},
  year={2020}
}

@inproceedings{you2021identity,
  title={Identity-Aware Graph Neural Networks},
  author={You, Jiaxuan and Gomes-Selman, Jonathan and Ying, Rex and Leskovec, Jure},
  booktitle={AAAI Conference on Artificial Intelligence (AAAI)},
  year={2021}
}

@article{chen2020can,
  title={Can graph neural networks count substructures?},
  author={Chen, Zhengdao and Chen, Lei and Villar, Soledad and Bruna, Joan},
  journal={Advances in neural information processing systems (NeurIPS)},
  year={2020}
}

@inproceedings{murphy2019relational,
  title={Relational pooling for graph representations},
  author={Murphy, Ryan and Srinivasan, Balasubramaniam and Rao, Vinayak and Ribeiro, Bruno},
  booktitle={International Conference on Machine Learning (ICML)},
  pages={4663--4673},
  year={2019}
}

@inproceedings{sato2021random,
  title={Random features strengthen graph neural networks},
  author={Sato, Ryoma and Yamada, Makoto and Kashima, Hisashi},
  booktitle={Proceedings of the 2021 SIAM International Conference on Data Mining (SDM)},
  pages={333--341},
  year={2021}
}

@article{bouritsas2020improving,
  title={Improving graph neural network expressivity via subgraph isomorphism counting},
  author={Bouritsas, Giorgos and Frasca, Fabrizio and Zafeiriou, Stefanos and Bronstein, Michael M},
  journal={arXiv preprint arXiv:2006.09252},
  year={2020}
}

@article{bouritsas2006improving,
  title={Improving Graph Neural Network Expressivity via Subgraph Isomorphism Counting},
  author={Bouritsas, Giorgos and Frasca, Fabrizio and Zafeiriou, Stefanos and Bronstein, Michael M},
  journal={IEEE Transactions on Pattern Analysis and Machine Intelligence},
  year={2022}
}

@inproceedings{bodnar2021weisfeiler,
  title={Weisfeiler and lehman go topological: Message passing simplicial networks},
  author={Bodnar, Cristian and Frasca, Fabrizio and Wang, Yuguang and Otter, Nina and Montufar, Guido F and Lio, Pietro and Bronstein, Michael},
  booktitle={International Conference on Machine Learning},
  pages={1026--1037},
  year={2021},
  organization={PMLR}
}

@article{kutnar2009hamilton,
  title={Hamilton cycles and paths in vertex-transitive graphsâ€”current directions},
  author={Kutnar, Klavdija and Maru{\v{s}}i{\v{c}}, Dragan},
  journal={Discrete mathematics},
  year={2009},
  publisher={Elsevier}
}

@article{zhu2020deep,
  title={Deep graph contrastive representation learning},
  author={Zhu, Yanqiao and Xu, Yichen and Yu, Feng and Liu, Qiang and Wu, Shu and Wang, Liang},
  journal={In ICML Workshop on Graph Representation Learning and Beyond},
  year={2020}
}

@inproceedings{liu2023beyond,
  title={Beyond smoothing: Unsupervised graph representation learning with edge heterophily discriminating},
  author={Liu, Yixin and Zheng, Yizhen and Zhang, Daokun and Lee, Vincent CS and Pan, Shirui},
  booktitle={Proceedings of the AAAI conference on artificial intelligence},
  volume={37},
  number={4},
  pages={4516--4524},
  year={2023}
}

@article{zhang2021canonical,
  title={From canonical correlation analysis to self-supervised graph neural networks},
  author={Zhang, Hengrui and Wu, Qitian and Yan, Junchi and Wipf, David and Yu, Philip S},
  journal={Advances in Neural Information Processing Systems},
  volume={34},
  pages={76--89},
  year={2021}
}

@inproceedings{peng2020graph,
  title={Graph representation learning via graphical mutual information maximization},
  author={Peng, Zhen and Huang, Wenbing and Luo, Minnan and Zheng, Qinghua and Rong, Yu and Xu, Tingyang and Huang, Junzhou},
  booktitle={Proceedings of The Web Conference 2020},
  pages={259--270},
  year={2020}
}

@article{xiao2022decoupled,
  title={Decoupled self-supervised learning for graphs},
  author={Xiao, Teng and Chen, Zhengyu and Guo, Zhimeng and Zhuang, Zeyang and Wang, Suhang},
  journal={Advances in Neural Information Processing Systems},
  volume={35},
  pages={620--634},
  year={2022}
}

@inproceedings{mo2022simple,
  title={Simple unsupervised graph representation learning},
  author={Mo, Yujie and Peng, Liang and Xu, Jie and Shi, Xiaoshuang and Zhu, Xiaofeng},
  booktitle={Proceedings of the AAAI Conference on Artificial Intelligence},
  volume={36},
  number={7},
  pages={7797--7805},
  year={2022}
}

@inproceedings{nikolentzos2017matching,
  title={Matching node embeddings for graph similarity},
  author={Nikolentzos, Giannis and Meladianos, Polykarpos and Vazirgiannis, Michalis},
  booktitle={Proceedings of the AAAI conference on Artificial Intelligence},
  volume={31},
  number={1},
  year={2017}
}

@article{zhang2018retgk,
  title={Retgk: Graph kernels based on return probabilities of random walks},
  author={Zhang, Zhen and Wang, Mianzhi and Xiang, Yijian and Huang, Yan and Nehorai, Arye},
  journal={Advances in Neural Information Processing Systems},
  volume={31},
  year={2018}
}

@inproceedings{rieck2019persistent,
  title={A persistent weisfeiler-lehman procedure for graph classification},
  author={Rieck, Bastian and Bock, Christian and Borgwardt, Karsten},
  booktitle={International Conference on Machine Learning},
  pages={5448--5458},
  year={2019},
  organization={PMLR}
}

@inproceedings{zhang2018end,
  title={An end-to-end deep learning architecture for graph classification},
  author={Zhang, Muhan and Cui, Zhicheng and Neumann, Marion and Chen, Yixin},
  booktitle={Proceedings of the AAAI conference on artificial intelligence},
  volume={32},
  number={1},
  year={2018}
}

@inproceedings{xinyi2018capsule,
  title={Capsule graph neural network},
  author={Xinyi, Zhang and Chen, Lihui},
  booktitle={International conference on learning representations},
  year={2018}
}

@inproceedings{niepert2016learning,
  title={Learning convolutional neural networks for graphs},
  author={Niepert, Mathias and Ahmed, Mohamed and Kutzkov, Konstantin},
  booktitle={International conference on machine learning},
  pages={2014--2023},
  year={2016},
  organization={PMLR}
}

@article{xu2021infogcl,
  title={Infogcl: Information-aware graph contrastive learning},
  author={Xu, Dongkuan and Cheng, Wei and Luo, Dongsheng and Chen, Haifeng and Zhang, Xiang},
  journal={Advances in Neural Information Processing Systems},
  volume={34},
  pages={30414--30425},
  year={2021}
}

@inproceedings{sun2019infograph,
  title={InfoGraph: Unsupervised and Semi-supervised Graph-Level Representation Learning via Mutual Information Maximization},
  author={Sun, Fan-Yun and Hoffman, Jordan and Verma, Vikas and Tang, Jian},
  booktitle={International Conference on Learning Representations},
  year={2019}
}

@article{bouritsas2022improving,
  title={Improving graph neural network expressivity via subgraph isomorphism counting},
  author={Bouritsas, Giorgos and Frasca, Fabrizio and Zafeiriou, Stefanos and Bronstein, Michael M},
  journal={IEEE Transactions on Pattern Analysis and Machine Intelligence},
  volume={45},
  number={1},
  pages={657--668},
  year={2022},
  publisher={IEEE}
}

@InProceedings{kingma2014adam,
author = {Kingma, Diederick P and Ba, Jimmy},
title = {Adam: A method for stochastic optimization},
booktitle = {International Conference on Learning Representations (ICLR)},
year = {2015}
}

@article{abboud2020surprising,
  title={The surprising power of graph neural networks with random node initialization},
  author={Abboud, Ralph and Ceylan, Ismail Ilkan and Grohe, Martin and Lukasiewicz, Thomas},
  journal={In Proceedings of the 30th International Joint Conference on Artificial Intelligence},
  year={2021}
}

@article{suresh2021adversarial,
  title={Adversarial graph augmentation to improve graph contrastive learning},
  author={Suresh, Susheel and Li, Pan and Hao, Cong and Neville, Jennifer},
  journal={Advances in Neural Information Processing Systems},
  volume={34},
  pages={15920--15933},
  year={2021}
}

@article{velickovic2019deep,
  title={Deep graph infomax.},
  author={Velickovic, Petar and Fedus, William and Hamilton, William L and Li{\`o}, Pietro and Bengio, Yoshua and Hjelm, R Devon},
  journal={International Conference on Learning Representations},
  year={2019}
}

@inproceedings{qiu2020gcc,
  title={Gcc: Graph contrastive coding for graph neural network pre-training},
  author={Qiu, Jiezhong and Chen, Qibin and Dong, Yuxiao and Zhang, Jing and Yang, Hongxia and Ding, Ming and Wang, Kuansan and Tang, Jie},
  booktitle={Proceedings of the 26th ACM SIGKDD international conference on knowledge discovery \& data mining},
  pages={1150--1160},
  year={2020}
}

@article{dwivedi2023benchmarking,
  title={Benchmarking graph neural networks},
  author={Dwivedi, Vijay Prakash and Joshi, Chaitanya K and Luu, Anh Tuan and Laurent, Thomas and Bengio, Yoshua and Bresson, Xavier},
  journal={Journal of Machine Learning Research},
  volume={24},
  number={43},
  pages={1--48},
  year={2023}
}

@inproceedings{dwivedi2021graph,
  title={Graph Neural Networks with Learnable Structural and Positional Representations},
  author={Dwivedi, Vijay Prakash and Luu, Anh Tuan and Laurent, Thomas and Bengio, Yoshua and Bresson, Xavier},
  booktitle={International Conference on Learning Representations},
  year={2021}
}

@article{vaswani2017attention,
  title={Attention is all you need},
  author={Vaswani, Ashish and Shazeer, Noam and Parmar, Niki and Uszkoreit, Jakob and Jones, Llion and Gomez, Aidan N and Kaiser, {\L}ukasz and Polosukhin, Illia},
  journal={Advances in neural information processing systems},
  volume={30},
  year={2017}
}

@article{hamilton2017inductive,
  title={Inductive representation learning on large graphs},
  author={Hamilton, Will and Ying, Zhitao and Leskovec, Jure},
  journal={Advances in neural information processing systems},
  volume={30},
  year={2017}
}

@article{li2022metamask,
  title={Metamask: Revisiting dimensional confounder for self-supervised learning},
  author={Li, Jiangmeng and Qiang, Wenwen and Zhang, Yanan and Mo, Wenyi and Zheng, Changwen and Su, Bing and Xiong, Hui},
  journal={Advances in Neural Information Processing Systems},
  volume={35},
  pages={38501--38515},
  year={2022}
}

@inproceedings{he2020momentum,
  title={Momentum contrast for unsupervised visual representation learning},
  author={He, Kaiming and Fan, Haoqi and Wu, Yuxin and Xie, Saining and Girshick, Ross},
  booktitle={Proceedings of the IEEE/CVF conference on computer vision and pattern recognition},
  pages={9729--9738},
  year={2020}
}

@inproceedings{li2022metaug,
  title={Metaug: Contrastive learning via meta feature augmentation},
  author={Li, Jiangmeng and Qiang, Wenwen and Zheng, Changwen and Su, Bing and Xiong, Hui},
  booktitle={International Conference on Machine Learning},
  pages={12964--12978},
  year={2022},
  organization={PMLR}
}

@inproceedings{zbontar2021barlow,
  title={Barlow twins: Self-supervised learning via redundancy reduction},
  author={Zbontar, Jure and Jing, Li and Misra, Ishan and LeCun, Yann and Deny, St{\'e}phane},
  booktitle={International conference on machine learning},
  pages={12310--12320},
  year={2021},
  organization={PMLR}
}

@inproceedings{wu2018unsupervised,
  title={Unsupervised feature learning via non-parametric instance discrimination},
  author={Wu, Zhirong and Xiong, Yuanjun and Yu, Stella X and Lin, Dahua},
  booktitle={Proceedings of the IEEE conference on computer vision and pattern recognition},
  pages={3733--3742},
  year={2018}
}

@inproceedings{qiang2022interventional,
  title={Interventional contrastive learning with meta semantic regularizer},
  author={Qiang, Wenwen and Li, Jiangmeng and Zheng, Changwen and Su, Bing and Xiong, Hui},
  booktitle={International Conference on Machine Learning},
  pages={18018--18030},
  year={2022},
  organization={PMLR}
}

@inproceedings{suninfograph,
  title={InfoGraph: Unsupervised and Semi-supervised Graph-Level Representation Learning via Mutual Information Maximization},
  author={Sun, Fan-Yun and Hoffman, Jordan and Verma, Vikas and Tang, Jian},
  booktitle={International Conference on Learning Representations},
  year={2020}
}

@inproceedings{jiao2020sub,
  title={Sub-graph contrast for scalable self-supervised graph representation learning},
  author={Jiao, Yizhu and Xiong, Yun and Zhang, Jiawei and Zhang, Yao and Zhang, Tianqi and Zhu, Yangyong},
  booktitle={2020 IEEE international conference on data mining (ICDM)},
  pages={222--231},
  year={2020},
  organization={IEEE}
}

@article{zhang2020motif,
  title={Motif-driven contrastive learning of graph representations},
  author={Zhang, Shichang and Hu, Ziniu and Subramonian, Arjun and Sun, Yizhou},
  journal={arXiv preprint arXiv:2012.12533},
  year={2020}
}

@inproceedings{you2021graph,
  title={Graph contrastive learning automated},
  author={You, Yuning and Chen, Tianlong and Shen, Yang and Wang, Zhangyang},
  booktitle={International Conference on Machine Learning},
  pages={12121--12132},
  year={2021},
  organization={PMLR}
}

@inproceedings{li2022let,
  title={Let invariant rationale discovery inspire graph contrastive learning},
  author={Li, Sihang and Wang, Xiang and Zhang, An and Wu, Yingxin and He, Xiangnan and Chua, Tat-Seng},
  booktitle={International conference on machine learning},
  pages={13052--13065},
  year={2022},
  organization={PMLR}
}

@inproceedings{linspectral,
  title={Spectral Augmentation for Self-Supervised Learning on Graphs},
  author={Lin, Lu and Chen, Jinghui and Wang, Hongning},
  booktitle={The Eleventh International Conference on Learning Representations},
  year={2023}
}

@article{ju2023unsupervised,
  title={Unsupervised graph-level representation learning with hierarchical contrasts},
  author={Ju, Wei and Gu, Yiyang and Luo, Xiao and Wang, Yifan and Yuan, Haochen and Zhong, Huasong and Zhang, Ming},
  journal={Neural Networks},
  volume={158},
  pages={359--368},
  year={2023},
  publisher={Elsevier}
}

@inproceedings{thakoorlarge,
  title={Large-Scale Representation Learning on Graphs via Bootstrapping},
  author={Thakoor, Shantanu and Tallec, Corentin and Azar, Mohammad Gheshlaghi and Azabou, Mehdi and Dyer, Eva L and Munos, Remi and Veli{\v{c}}kovi{\'c}, Petar and Valko, Michal},
  booktitle={International Conference on Learning Representations},
  year={2022}
}

@article{lin2022prototypical,
  title={Prototypical graph contrastive learning},
  author={Lin, Shuai and Liu, Chen and Zhou, Pan and Hu, Zi-Yuan and Wang, Shuojia and Zhao, Ruihui and Zheng, Yefeng and Lin, Liang and Xing, Eric and Liang, Xiaodan},
  journal={IEEE transactions on neural networks and learning systems},
  volume={35},
  number={2},
  pages={2747--2758},
  year={2022},
  publisher={IEEE}
}

@article{cotta2021reconstruction,
  title={Reconstruction for powerful graph representations},
  author={Cotta, Leonardo and Morris, Christopher and Ribeiro, Bruno},
  journal={Advances in Neural Information Processing Systems},
  volume={34},
  pages={1713--1726},
  year={2021}
}

@article{zhang2021nested,
  title={Nested graph neural networks},
  author={Zhang, Muhan and Li, Pan},
  journal={Advances in Neural Information Processing Systems},
  volume={34},
  pages={15734--15747},
  year={2021}
}

@inproceedings{bevilacquaequivariant,
  title={Equivariant Subgraph Aggregation Networks},
  author={Bevilacqua, Beatrice and Frasca, Fabrizio and Lim, Derek and Srinivasan, Balasubramaniam and Cai, Chen and Balamurugan, Gopinath and Bronstein, Michael M and Maron, Haggai},
  booktitle={International Conference on Learning Representations},
  year={2022}
}

@inproceedings{bevilacquaefficient,
  title={Efficient Subgraph GNNs by Learning Effective Selection Policies},
  author={Bevilacqua, Beatrice and Eliasof, Moshe and Meirom, Eli and Ribeiro, Bruno and Maron, Haggai},
  booktitle={The Twelfth International Conference on Learning Representations},
  year={2024}
}

@inproceedings{yin2022autogcl,
  title={Autogcl: Automated graph contrastive learning via learnable view generators},
  author={Yin, Yihang and Wang, Qingzhong and Huang, Siyu and Xiong, Haoyi and Zhang, Xiang},
  booktitle={Proceedings of the AAAI conference on artificial intelligence},
  volume={36},
  number={8},
  pages={8892--8900},
  year={2022}
}

@article{wang2011identification,
  title={Identification of essential proteins based on edge clustering coefficient},
  author={Wang, Jianxin and Li, Min and Wang, Huan and Pan, Yi},
  journal={IEEE/ACM Transactions on Computational Biology and Bioinformatics},
  volume={9},
  number={4},
  pages={1070--1080},
  year={2011},
  publisher={IEEE}
}

@article{zhang2024motif,
  title={Motif-driven contrastive learning of graph representations},
  author={Zhang, Shichang and Hu, Ziniu and Subramonian, Arjun and Sun, Yizhou},
  journal={TKDE},
  year={2024},
  publisher={IEEE}
}

@inproceedings{sun2021sugar,
  title={Sugar: Subgraph neural network with reinforcement pooling and self-supervised mutual information mechanism},
  author={Sun, Qingyun and Li, Jianxin and Peng, Hao and Wu, Jia and Ning, Yuanxing and Yu, Philip S and He, Lifang},
  booktitle={WWW},
  pages={2081--2091},
  year={2021}
}

@inproceedings{velivckovic2019deep,
  title={Deep graph infomax},
  author={Veli{\v{c}}kovi{\'c}, Petar and Fedus, William and Hamilton, William L and Li{\`o}, Pietro and Bengio, Yoshua and Hjelm, R Devon},
  booktitle={ICLR},
  year={2019}
}

@inproceedings{xia2022simgrace,
  title={Simgrace: A simple framework for graph contrastive learning without data augmentation},
  author={Xia, Jun and Wu, Lirong and Chen, Jintao and Hu, Bozhen and Li, Stan Z},
  booktitle={WWW},
  pages={1070--1079},
  year={2022}
}

@inproceedings{you2019position,
  title={Position-aware graph neural networks},
  author={You, Jiaxuan and Ying, Rex and Leskovec, Jure},
  booktitle={International conference on machine learning},
  pages={7134--7143},
  year={2019},
  organization={PMLR}
}

@inproceedings{wangequivariant,
  title={Equivariant and Stable Positional Encoding for More Powerful Graph Neural Networks},
  author={Wang, Haorui and Yin, Haoteng and Zhang, Muhan and Li, Pan},
  booktitle={International Conference on Learning Representations},
  year={2022}
}

@inproceedings{huang2021short,
  title={A short tutorial on the weisfeiler-lehman test and its variants},
  author={Huang, Ningyuan Teresa and Villar, Soledad},
  booktitle={ICASSP 2021-2021 IEEE International Conference on Acoustics, Speech and Signal Processing (ICASSP)},
  pages={8533--8537},
  year={2021},
  organization={IEEE}
}

@inproceedings{zhu2021graph,
  title={Graph contrastive learning with adaptive augmentation},
  author={Zhu, Yanqiao and Xu, Yichen and Yu, Feng and Liu, Qiang and Wu, Shu and Wang, Liang},
  booktitle={Proceedings of the web conference 2021},
  pages={2069--2080},
  year={2021}
}

@article{feng2022powerful,
  title={How powerful are k-hop message passing graph neural networks},
  author={Feng, Jiarui and Chen, Yixin and Li, Fuhai and Sarkar, Anindya and Zhang, Muhan},
  journal={Advances in Neural Information Processing Systems},
  volume={35},
  pages={4776--4790},
  year={2022}
}

@article{hamilton2017representation,
  title={Representation learning on graphs: Methods and applications},
  author={Hamilton, William L and Ying, Rex and Leskovec, Jure},
  journal={IEEE Data Engineering Bulletin},
  year={2017}
}

@article{ju2024comprehensive,
  title={A comprehensive survey on deep graph representation learning},
  author={Ju, Wei and Fang, Zheng and Gu, Yiyang and Liu, Zequn and Long, Qingqing and Qiao, Ziyue and Qin, Yifang and Shen, Jianhao and Sun, Fang and Xiao, Zhiping and others},
  journal={Neural Networks},
  pages={106207},
  year={2024},
  publisher={Elsevier}
}

@article{wu2020comprehensive,
  title={A comprehensive survey on graph neural networks},
  author={Wu, Zonghan and Pan, Shirui and Chen, Fengwen and Long, Guodong and Zhang, Chengqi and Philip, S Yu},
  journal={IEEE transactions on neural networks and learning systems},
  volume={32},
  number={1},
  pages={4--24},
  year={2020},
  publisher={IEEE}
}

@article{zhang2020deep,
  title={Deep learning on graphs: A survey},
  author={Zhang, Ziwei and Cui, Peng and Zhu, Wenwu},
  journal={IEEE Transactions on Knowledge and Data Engineering},
  volume={34},
  number={1},
  pages={249--270},
  year={2020},
  publisher={IEEE}
}

@inproceedings{wang2023mathscr,
  title={$N$-WL: A New Hierarchy of Expressivity for Graph Neural Networks},
  author={Wang, Qing and Chen, Dillon Ze and Wijesinghe, Asiri and Li, Shouheng and Farhan, Muhammad},
  booktitle={The Eleventh International Conference on Learning Representations},
  year={2023}
}

@inproceedings{li2024hierarchical,
  title={Hierarchical Topology Isomorphism Expertise Embedded Graph Contrastive Learning},
  author={Li, Jiangmeng and Jin, Yifan and Gao, Hang and Qiang, Wenwen and Zheng, Changwen and Sun, Fuchun},
  booktitle={Proceedings of the AAAI Conference on Artificial Intelligence},
  volume={38},
  number={12},
  pages={13518--13527},
  year={2024}
}

@inproceedings{wei2023boosting,
  title={Boosting graph contrastive learning via graph contrastive saliency},
  author={Wei, Chunyu and Wang, Yu and Bai, Bing and Ni, Kai and Brady, David and Fang, Lu},
  booktitle={International conference on machine learning},
  pages={36839--36855},
  year={2023},
  organization={PMLR}
}

@inproceedings{wu2023sega,
  title={Sega: Structural entropy guided anchor view for graph contrastive learning},
  author={Wu, Junran and Chen, Xueyuan and Shi, Bowen and Li, Shangzhe and Xu, Ke},
  booktitle={International Conference on Machine Learning},
  pages={37293--37312},
  year={2023},
  organization={PMLR}
}

@article{wang2024galopa,
  title={GALOPA: graph transport learning with optimal plan alignment},
  author={Wang, Yejiang and Zhao, Yuhai and Wang, Daniel Zhengkui and Li, Ling},
  journal={Advances in Neural Information Processing Systems},
  volume={36},
  year={2024}
}

@inproceedings{liu2024graph,
  title={Graph contrastive learning with reinforcement augmentation},
  author={Liu, Ziyang and Wang, Chaokun and Wu, Cheng},
  booktitle={Proceedings of the Thirty-Third International Joint Conference on Artificial Intelligence, IJCAI},
  pages={3--9},
  year={2024}
}

@inproceedings{michel2023path,
  title={Path neural networks: Expressive and accurate graph neural networks},
  author={Michel, Gaspard and Nikolentzos, Giannis and Lutzeyer, Johannes F and Vazirgiannis, Michalis},
  booktitle={International Conference on Machine Learning},
  pages={24737--24755},
  year={2023},
  organization={PMLR}
}

@article{bodnar2021cellular,
  title={Weisfeiler and lehman go cellular: Cw networks},
  author={Bodnar, Cristian and Frasca, Fabrizio and Otter, Nina and Wang, Yuguang and Lio, Pietro and Montufar, Guido F and Bronstein, Michael},
  journal={Advances in neural information processing systems},
  volume={34},
  pages={2625--2640},
  year={2021}
}

@inproceedings{huangboosting,
  title={Boosting the Cycle Counting Power of Graph Neural Networks with I$^2$-GNNs},
  author={Huang, Yinan and Peng, Xingang and Ma, Jianzhu and Zhang, Muhan},
  booktitle={The Eleventh International Conference on Learning Representations},
  year={2023}
}

@inproceedings{kanatsouliscounting,
  title={Counting Graph Substructures with Graph Neural Networks},
  author={Kanatsoulis, Charilaos and Ribeiro, Alejandro},
  booktitle={The Twelfth International Conference on Learning Representations},
  year={2024}
}

@inproceedings{chen2022structure,
  title={Structure-aware transformer for graph representation learning},
  author={Chen, Dexiong and Oâ€™Bray, Leslie and Borgwardt, Karsten},
  booktitle={International Conference on Machine Learning},
  pages={3469--3489},
  year={2022},
  organization={PMLR}
}

@inproceedings{ma2023graph,
  title={Graph inductive biases in transformers without message passing},
  author={Ma, Liheng and Lin, Chen and Lim, Derek and Romero-Soriano, Adriana and Dokania, Puneet K and Coates, Mark and Torr, Philip and Lim, Ser-Nam},
  booktitle={International Conference on Machine Learning},
  pages={23321--23337},
  year={2023},
  organization={PMLR}
}

@article{rampavsek2022recipe,
  title={Recipe for a general, powerful, scalable graph transformer},
  author={Ramp{\'a}{\v{s}}ek, Ladislav and Galkin, Michael and Dwivedi, Vijay Prakash and Luu, Anh Tuan and Wolf, Guy and Beaini, Dominique},
  journal={Advances in Neural Information Processing Systems},
  volume={35},
  pages={14501--14515},
  year={2022}
}

@inproceedings{bospecformer,
  title={Specformer: Spectral Graph Neural Networks Meet Transformers},
  author={Bo, Deyu and Shi, Chuan and Wang, Lele and Liao, Renjie},
  booktitle={The Eleventh International Conference on Learning Representations},
  year={2023}
}

@article{zhu2021contrastive,
  title={Contrastive laplacian eigenmaps},
  author={Zhu, Hao and Sun, Ke and Koniusz, Peter},
  journal={Advances in Neural Information Processing Systems},
  volume={34},
  pages={5682--5695},
  year={2021}
}

@inproceedings{glen,
 author = {Zhu, Hao and Koniusz, Piotr},
 booktitle = {Advances in Neural Information Processing Systems},
 pages = {30783--30797},
 publisher = {Curran Associates, Inc.},
 title = {Generalized Laplacian Eigenmaps},
 volume = {35},
 year = {2022}
}

@inproceedings{zhang2022costa,
  title={{COSTA}: Covariance-Preserving Feature Augmentation for Graph Contrastive Learning},
  author={Zhang, Yifei and Zhu, Hao and Song, Zixing and Koniusz, Piotr and King, Irwin},
  booktitle={Proceedings of the 28th ACM SIGKDD Conference on Knowledge Discovery and Data Mining},
  pages={2524--2534},
  year={2022}
}

@inproceedings{
zhu2021refine,
title={REFINE: Random RangE FInder for Network Embedding},
author={Hao Zhu and Piotr Koniusz},
booktitle={ACM Conference on Information and Knowledge
               Management},
year={2021}
}


@article{uai_ke,
  author    = {Ke Sun and
               Piotr Koniusz and
               Zhen Wang},
  title     = {Fisher-Bures Adversary Graph Convolutional Networks},
  journal = {Conference on Uncertainty in Artificial Intelligence},
  volume    = {115},
  pages     = {465--475},
  year      = {2019},
}


@inproceedings{zhang2023spectral,
  title={Spectral feature augmentation for graph contrastive learning and beyond},
  author={Zhang, Yifei and Zhu, Hao and Song, Zixing and Koniusz, Piotr and King, Irwin},
  booktitle={Proceedings of the AAAI Conference on Artificial Intelligence},
  volume={37},
  number={9},
  pages={11289--11297},
  year={2023}
}

@inproceedings{zhang2022graph,
 author = {Zhang, Yifei and Zhu, Hao and Meng, Ziqiao and Koniusz, Piotr and King, Irwin},
 booktitle = {Proceedings of the ACM Web Conference 2022},
 title = {Graph-adaptive rectified linear unit for graph neural networks},
 year = {2022}
}

@article{zhang2023mitigating,
  title={Mitigating the popularity bias of graph collaborative filtering: A dimensional collapse perspective},
  author={Zhang, Yifei and Zhu, Hao and Song, Zixing and Koniusz, Piotr and King, Irwin and others},
  journal={Advances in Neural Information Processing Systems},
  volume={36},
  pages={67533--67550},
  year={2023}
}

@inproceedings{zhang2024geometric,
  title={Geometric view of soft decorrelation in self-supervised learning},
  author={Zhang, Yifei and Zhu, Hao and Song, Zixing and Chen, Yankai and Fu, Xinyu and Meng, Ziqiao and Koniusz, Piotr and King, Irwin},
  booktitle={Proceedings of the 30th ACM SIGKDD Conference on Knowledge Discovery and Data Mining},
  pages={4338--4349},
  year={2024}
}

@inproceedings{ropim,
title={Pre-training with Random Orthogonal Projection Image Modeling},
author={Maryam Haghighat and Peyman Moghadam and Shaheer Mohamed and Piotr Koniusz},
booktitle={The Twelfth International Conference on Learning Representations},
year={2024}
}

@article{Koniusz2020PowerNI,
  title={Power Normalizations in Fine-Grained Image, Few-Shot Image and Graph Classification},
  author={Piotr Koniusz and Hongguang Zhang},
  journal={IEEE Transactions on Pattern Analysis and Machine Intelligence},
  year={2020},
  volume={44},
  pages={591-609}
}

@inproceedings{ding2025lego,
title={Learnable Expansion of Graph Operators for Multi-Modal Feature Fusion},
author={Dexuan Ding and Lei Wang and Liyun Zhu and Tom Gedeon and Piotr Koniusz},
booktitle={The Thirteenth International Conference on Learning Representations},
year={2025}
}

@inproceedings{li2025inductive,
      title={Inductive Graph Few-shot Class Incremental Learning}, 
      author={Yayong Li and Peyman Moghadam and Can Peng and Nan Ye and Piotr Koniusz},
      year={2025},
booktitle={the 18th ACM International
Conference on Web Search and Data Mining (WSDM)}
}

@article{ANAND2024134456,
title = {Graph neural networks-enhanced relation prediction for ecotoxicology (GRAPE)},
journal = {Journal of Hazardous Materials},
volume = {472},
pages = {134456},
year = {2024},
issn = {0304-3894},
doi = {https://doi.org/10.1016/j.jhazmat.2024.134456},
author = {Gaurangi Anand and Piotr Koniusz and Anupama Kumar and Lisa A. Golding and Matthew J. Morgan and Peyman Moghadam}
}

@article{hyper_collapse,
      title={Understanding and Mitigating Hyperbolic Dimensional Collapse in Graph Contrastive Learning},
journal={31st SIGKDD Conference on Knowledge Discovery and Data Mining},
author={Yifei Zhang and Hao Zhu and Menglin Yang and Jiahong Liu and Rex Ying    Irwin King and Piotr Koniusz}, 
year={2025}
}

@article{Prabowo2023MessagePN,
  title={Message Passing Neural Networks for Traffic Forecasting},
  author={Arian Prabowo and Hao Xue and Wei Shao and Piotr Koniusz and Flora D. Salim},
  journal={ArXiv},
  year={2023},
  volume={abs/2305.05740}
}

@article{fitness_hao,
  title={Protein Fitness Landscape: Spectral Graph Theory Perspective},
journal={The 28th International Conference on Artificial Intelligence and Statistics (AISTATS)},
 year={2025},
author={Hao Zhu and Daniel M. Steinberg and Piotr Koniusz}
}

@inproceedings{
zhu2021simple,
title={Simple Spectral Graph Convolution},
author={Hao Zhu and Piotr Koniusz},
booktitle={International Conference on Learning Representations},
year={2021}
}

@InProceedings{multihead_lei,
author="Wang, Lei
and Koniusz, Piotr
and Gedeon, Tom
and Zheng, Liang",
title="Adaptive Multi-head Contrastive Learning",
booktitle="Computer Vision -- ECCV 2024",
year="2025",
publisher="Springer Nature Switzerland",
address="Cham",
pages="404--421"
}

@article{wijesinghe2019dfnets,
  title={DFNets: Spectral CNNs for graphs with feedback-looped filters},
  author={Wijesinghe, WOK and Wang, Qing},
  journal={Advances in neural information processing systems},
  volume={32},
  year={2019}
}