@article{aschentrup2024effectiveness,
  title={Effectiveness of gamified digital interventions in mental health prevention and health promotion among adults: a scoping review},
  author={Aschentrup, Leona and Steimer, Pia Anna and Dadaczynski, Kevin and Mc Call, Timothy and Fischer, Florian and Wrona, Kamil J},
  journal={BMC Public Health},
  volume={24},
  number={1},
  pages={69},
  year={2024},
  publisher={Springer}
}

@inproceedings{bowie2022user,
  title={User perspectives and ethical experiences of apps for depression: A qualitative analysis of user reviews},
  author={Bowie-DaBreo, Dionne and Sas, Corina and Iles-Smith, Heather and S{\"u}nram-Lea, Sandra},
  booktitle={Proceedings of the 2022 CHI Conference on Human Factors in Computing Systems},
  pages={1--24},
  year={2022}
}

@inproceedings{bowman2023using,
  title={Using thematic analysis in healthcare HCI at CHI: A scoping review},
  author={Bowman, Robert and Nadal, Camille and Morrissey, Kellie and Thieme, Anja and Doherty, Gavin},
  booktitle={Proceedings of the 2023 CHI Conference on Human Factors in Computing Systems},
  pages={1--18},
  year={2023}
}

@article{coughlin2021toward,
  title={Toward a just-in-time adaptive intervention to reduce emerging adult alcohol use: testing approaches for identifying when to intervene},
  author={Coughlin, Lara N and Nahum-Shani, Inbal and Bonar, Erin E and Philyaw-Kotov, Meredith L and Rabbi, Mashfiqui and Klasnja, Predrag and Walton, Maureen A},
  journal={Substance use \& misuse},
  volume={56},
  number={14},
  pages={2115--2125},
  year={2021},
  publisher={Taylor \& Francis}
}

@article{dennard2024systematic,
  title={A systematic review of users experiences of using digital interventions within psychosis: a thematic synthesis of qualitative research},
  author={Dennard, Sophie and Patel, Rupa and Garety, Philippa and Edwards, Clementine and Gumley, Andrew},
  journal={Social Psychiatry and Psychiatric Epidemiology},
  pages={1--29},
  year={2024},
  publisher={Springer}
}

@article{golbus2024text,
  title={Text Messages to Promote Physical Activity in Patients With Cardiovascular Disease: A Micro-Randomized Trial of a Just-In-Time Adaptive Intervention},
  author={Golbus, Jessica R and Shi, Jieru and Gupta, Kashvi and Stevens, Rachel and Jeganathan, V Swetha E and Luff, Evan and Boyden, Thomas and Mukherjee, Bhramar and Kohnstamm, Sarah and Taralunga, Vlad and others},
  journal={Circulation: Cardiovascular Quality and Outcomes},
  pages={e010731},
  year={2024},
  publisher={Am Heart Assoc}
}

@article{klasnja2019efficacy,
  title={Efficacy of contextually tailored suggestions for physical activity: a micro-randomized optimization trial of HeartSteps},
  author={Klasnja, Predrag and Smith, Shawna and Seewald, Nicholas J and Lee, Andy and Hall, Kelly and Luers, Brook and Hekler, Eric B and Murphy, Susan A},
  journal={Annals of Behavioral Medicine},
  volume={53},
  number={6},
  pages={573--582},
  year={2019},
  publisher={Oxford University Press US}
}

@inproceedings{li2024digital,
  title={Digital Interventions for Treating Adolescent Anxiety: A Meta-Analysis on Randomized Controlled Trials},
  author={Li, Huidong and Zhou, Ting and Huang, Zheng and Tang, Shuo},
  booktitle={Proceedings of the 2024 4th International Conference on Bioinformatics and Intelligent Computing},
  pages={323--330},
  year={2024}
}

@article{mcclure2023feasibility,
  title={Feasibility, acceptability, and potential impact of a Novel mHealth app for smokers ambivalent about quitting: randomized Pilot Study},
  author={McClure, Jennifer B and Heffner, Jaimee L and Krakauer, Chloe and Mun, Sophia and Klasnja, Predrag and Catz, Sheryl L},
  journal={JMIR mHealth and uHealth},
  volume={11},
  number={1},
  pages={e46155},
  year={2023},
  publisher={JMIR Publications Inc., Toronto, Canada}
}

@article{nahum2018jitai,
  title={Just-in-Time Adaptive Interventions (JITAIs) in Mobile Health: Key Components and Design Principles for Ongoing Health Behavior Support},
  author={Nahum-Shani, Inbal and Smith, Shawna N. and Spring, Bonnie J. and Collins, Linda M. and Witkiewitz, Katie and Tewari, Ambuj and Murphy, Susan A.},
  journal={Annals of Behavioral Medicine},
  volume={52},
  number={6},
  pages={446--462},
  year={2018},
  publisher={Springer}
}

@article{rabbi2019revibe,
  title={ReVibe: A Context-assisted Evening Recall Approach to Improve Self-report Adherence},
  author={Rabbi, Mashfiqui and Li, Katherine and Yan, H. Yanna and Hall, Kelly and Klasnja, Predrag and Murphy, Susan},
  journal={Proceedings of the ACM on Interactive, Mobile, Wearable and Ubiquitous Technologies},
  volume={3},
  number={4},
  pages={149:1--149:27},
  year={2019},
  publisher={ACM}
}

@article{spruijt2022advancing,
  title={Advancing behavioral intervention and theory development for mobile health: the HeartSteps II protocol},
  author={Spruijt-Metz, Donna and Marlin, Benjamin M and Pavel, Misha and Rivera, Daniel E and Hekler, Eric and De La Torre, Steven and El Mistiri, Mohamed and Golaszweski, Natalie M and Li, Cynthia and Braga De Braganca, Rebecca and others},
  journal={International journal of environmental research and public health},
  volume={19},
  number={4},
  pages={2267},
  year={2022},
  publisher={MDPI}
}

@inproceedings{time2stop2024,
  title={Time2Stop: Adaptive and Explainable Human-AI Loop for Smartphone Overuse Intervention},
  author={Orzikulova, Adiba and Xiao, Han and Li, Zhipeng and Yan, Yukang and Wang, Yuntao and Shi, Yuanchun and Ghassemi, Marzyeh and Lee, Sung-Ju and Dey, Anind K and Xu, Xuhai},
  booktitle={Proceedings of the CHI Conference on Human Factors in Computing Systems},
  pages={1--20},
  year={2024}
}

@inproceedings{waddell2024leveraging,
  title={Leveraging Implementation Science in Human-Centred Design for Digital Health},
  author={Waddell, Alex and Seguin, Joshua Paolo and Wu, Ling and Stragalinos, Peta and Wherton, Joe and Watterson, Jessica L and Prawira, Christopher Owen and Olivier, Patrick and Manning, Victoria and Lubman, Dan and others},
  booktitle={Proceedings of the CHI Conference on Human Factors in Computing Systems},
  pages={1--17},
  year={2024}
}

