@article{belsky2002new,
  title={New developments in the Inorganic Crystal Structure Database (ICSD): accessibility in support of materials research and design},
  author={Belsky, Alec and Hellenbrandt, Mariette and Karen, Vicky Lynn and Luksch, Peter},
  journal={Acta Crystallographica Section B: Structural Science},
  volume={58},
  number={3},
  pages={364--369},
  year={2002},
  publisher={International Union of Crystallography}
}

@article{hargreaves2023database,
  title={A database of experimentally measured lithium solid electrolyte conductivities evaluated with machine learning},
  author={Hargreaves, Cameron J and Gaultois, Michael W and Daniels, Luke M and Watts, Emma J and Kurlin, Vitaliy A and Moran, Michael and Dang, Yun and Morris, Rhun and Morscher, Alexandra and Thompson, Kate and others},
  journal={npj Computational Materials},
  volume={9},
  number={1},
  pages={9},
  year={2023},
  publisher={Nature Publishing Group UK London}
}

@article{he2020high,
  title={High-throughput screening platform for solid electrolytes combining hierarchical ion-transport prediction algorithms},
  author={He, Bing and Chi, Shuting and Ye, Anjiang and Mi, Penghui and Zhang, Liwen and Pu, Bowei and Zou, Zheyi and Ran, Yunbing and Zhao, Qian and Wang, Da and others},
  journal={Scientific Data},
  volume={7},
  number={1},
  pages={151},
  year={2020},
  publisher={Nature Publishing Group UK London}
}

@article{hellenbrandt2004inorganic,
  title={The inorganic crystal structure database (ICSD)â€”present and future},
  author={Hellenbrandt, Mariette},
  journal={Crystallography Reviews},
  volume={10},
  number={1},
  pages={17--22},
  year={2004},
  publisher={Taylor \& Francis}
}

@article{jain2013commentary,
  title={Commentary: The Materials Project: A materials genome approach to accelerating materials innovation},
  author={Jain, Anubhav and Ong, Shyue Ping and Hautier, Geoffroy and Chen, Wei and Richards, William Davidson and Dacek, Stephen and Cholia, Shreyas and Gunter, Dan and Skinner, David and Ceder, Gerbrand and others},
  journal={APL materials},
  volume={1},
  number={1},
  year={2013},
  publisher={AIP Publishing}
}

@article{jalem2018bayesian,
  title={Bayesian-driven first-principles calculations for accelerating exploration of fast ion conductors for rechargeable battery application},
  author={Jalem, Randy and Kanamori, Kenta and Takeuchi, Ichiro and Nakayama, Masanobu and Yamasaki, Hisatsugu and Saito, Toshiya},
  journal={Scientific reports},
  volume={8},
  number={1},
  pages={5845},
  year={2018},
  publisher={Nature Publishing Group UK London}
}

@article{laskowski2023identification,
  title={Identification of potential solid-state Li-ion conductors with semi-supervised learning},
  author={Laskowski, Forrest AL and McHaffie, Daniel B and See, Kimberly A},
  journal={Energy \& Environmental Science},
  volume={16},
  number={3},
  pages={1264--1276},
  year={2023},
  publisher={Royal Society of Chemistry}
}

@software{pymatviz,
  title = {Pymatviz: visualization toolkit for materials informatics},
  author = {Riebesell, Janosh and Yang, Haoyu and Goodall, Rhys and Baird, Sterling G.},
  date = {2022-10-01},
  year = {2022},
  doi = {10.5281/zenodo.7486816},
  url = {https://github.com/janosh/pymatviz},
  note = {10.5281/zenodo.7486816 - https://github.com/janosh/pymatviz}
}

@article{sendek2017holistic,
  title={Holistic computational structure screening of more than 12000 candidates for solid lithium-ion conductor materials},
  author={Sendek, Austin D and Yang, Qian and Cubuk, Ekin D and Duerloo, Karel-Alexander N and Cui, Yi and Reed, Evan J},
  journal={Energy \& Environmental Science},
  volume={10},
  number={1},
  pages={306--320},
  year={2017},
  publisher={Royal Society of Chemistry}
}

@article{shon2023extracting,
  title={Extracting chemical information from scientific literature using text mining: Building an ionic conductivity database for solid-state electrolytes},
  author={Shon, Yea-Jin and Min, Kyoungmin},
  journal={ACS omega},
  volume={8},
  number={20},
  pages={18122--18127},
  year={2023},
  publisher={ACS Publications}
}

@article{yang2024dynamic,
  title={A dynamic database of solid-state electrolyte (DDSE) picturing all-solid-state batteries},
  author={Yang, Fangling and dos Santos, Egon Campos and Jia, Xue and Sato, Ryuhei and Kisu, Kazuaki and Hashimoto, Yusuke and Orimo, Shin-ichi and Li, Hao},
  journal={Nano Materials Science},
  volume={6},
  number={2},
  pages={256--262},
  year={2024},
  publisher={Elsevier}
}

