@article{hargreaves2023database,
  title={A database of experimentally measured lithium solid electrolyte conductivities evaluated with machine learning},
  author={Hargreaves, Cameron J and Gaultois, Michael W and Daniels, Luke M and Watts, Emma J and Kurlin, Vitaliy A and Moran, Michael and Dang, Yun and Morris, Rhun and Morscher, Alexandra and Thompson, Kate and others},
  journal={npj Computational Materials},
  volume={9},
  number={1},
  pages={9},
  year={2023},
  publisher={Nature Publishing Group UK London}
}

@article{laskowski2023identification,
  title={Identification of potential solid-state Li-ion conductors with semi-supervised learning},
  author={Laskowski, Forrest AL and McHaffie, Daniel B and See, Kimberly A},
  journal={Energy \& Environmental Science},
  volume={16},
  number={3},
  pages={1264--1276},
  year={2023},
  publisher={Royal Society of Chemistry}
}

@article{schtt2017schnet,
  title     = {SchNet: A continuous-filter convolutional neural network for modeling quantum interactions},
  author    = {Kristof Schütt and Pieter-Jan Kindermans and Huziel Enoc Sauceda Felix and Stefan Chmiela and A. Tkatchenko and K. Müller},
  journal   = {Neural Information Processing Systems},
  year      = {2017},
  bibSource = {Semantic Scholar https://www.semanticscholar.org/paper/5bf31dc4bd54b623008c13f8bc8954dc7c9a2d80}
}

@inproceedings{schutt2021equivariant,
  author    = {Kristof Sch{\"{u}}tt and Oliver T. Unke and Michael Gastegger},
  editor    = {Marina Meila and Tong Zhang},
  title     = {Equivariant message passing for the prediction of tensorial properties and molecular spectra},
  booktitle = {Proceedings of the 38th International Conference on Machine Learning, {ICML} 2021, 18-24 July 2021, Virtual Event},
  series    = {Proceedings of Machine Learning Research},
  volume    = {139},
  pages     = {9377-9388},
  publisher = {PMLR},
  year      = {2021},
  url       = {http://proceedings.mlr.press/v139/schutt21a.html},
  timestamp = {Wed, 25 Aug 2021 17:11:17 +0200},
  biburl    = {https://dblp.org/rec/conf/icml/SchuttUG21.bib},
  bibsource = {dblp computer science bibliography, https://dblp.org}
}


@article{chen2022universal,
  title={A universal graph deep learning interatomic potential for the periodic table},
  author={Chen, Chi and Ong, Shyue Ping},
  journal={Nature Computational Science},
  volume={2},
  number={11},
  pages={718--728},
  year={2022},
  publisher={Nature Publishing Group US New York}
}

@article{schutt2023schnetpack,
  title={SchNetPack 2.0: A neural network toolbox for atomistic machine learning},
  author={Sch{\"u}tt, Kristof T and Hessmann, Stefaan SP and Gebauer, Niklas WA and Lederer, Jonas and Gastegger, Michael},
  journal={The Journal of Chemical Physics},
  volume={158},
  number={14},
  year={2023},
  publisher={AIP Publishing}
}


@article{xie2018crystal,
  title={Crystal graph convolutional neural networks for an accurate and interpretable prediction of material properties},
  author={Xie, Tian and Grossman, Jeffrey C},
  journal={Physical review letters},
  volume={120},
  number={14},
  pages={145301},
  year={2018},
  publisher={APS}
}

@article{janek2023challenges,
  title={Challenges in speeding up solid-state battery development},
  author={Janek, J{\"u}rgen and Zeier, Wolfgang G},
  journal={Nature Energy},
  volume={8},
  number={3},
  pages={230--240},
  year={2023},
  publisher={Nature Publishing Group UK London}
}

@article{funke2013solid,
  title={Solid State Ionics: from Michael Faraday to green energy—the European dimension},
  author={Funke, Klaus},
  journal={Science and technology of advanced materials},
  volume={14},
  number={4},
  pages={043502},
  year={2013},
  publisher={IOP Publishing}
}

@article{kamaya2011lithium,
  title={A lithium superionic conductor},
  author={Kamaya, Noriaki and Homma, Kenji and Yamakawa, Yuichiro and Hirayama, Masaaki and Kanno, Ryoji and Yonemura, Masao and Kamiyama, Takashi and Kato, Yuki and Hama, Shigenori and Kawamoto, Koji and others},
  journal={Nature materials},
  volume={10},
  number={9},
  pages={682--686},
  year={2011},
  publisher={Nature Publishing Group UK London}
}

@article{betz2019theoretical,
  title={Theoretical versus practical energy: a plea for more transparency in the energy calculation of different rechargeable battery systems},
  author={Betz, Johannes and Bieker, Georg and Meister, Paul and Placke, Tobias and Winter, Martin and Schmuch, Richard},
  journal={Advanced energy materials},
  volume={9},
  number={6},
  pages={1803170},
  year={2019},
  publisher={Wiley Online Library}
}

@article{wang2015design,
  title={Design principles for solid-state lithium superionic conductors},
  author={Wang, Yan and Richards, William Davidson and Ong, Shyue Ping and Miara, Lincoln J and Kim, Jae Chul and Mo, Yifei and Ceder, Gerbrand},
  journal={Nature materials},
  volume={14},
  number={10},
  pages={1026--1031},
  year={2015},
  publisher={Nature Publishing Group UK London}
}

@article{bielefeld2020modeling,
  title={Modeling effective ionic conductivity and binder influence in composite cathodes for all-solid-state batteries},
  author={Bielefeld, Anja and Weber, Dominik A and Janek, Jürgen},
  journal={ACS applied materials \& interfaces},
  volume={12},
  number={11},
  pages={12821--12833},
  year={2020},
  publisher={ACS Publications}
}

@article{qi2021bridging,
  title={Bridging the gap between simulated and experimental ionic conductivities in lithium superionic conductors},
  author={Qi, Ji and Banerjee, Swastika and Zuo, Yunxing and Chen, Chi and Zhu, Zhuoying and Chandrappa, ML Holekevi and Li, Xiangguo and Ong, Shyue Ping},
  journal={Materials Today Physics},
  volume={21},
  pages={100463},
  year={2021},
  publisher={Elsevier}
}

@article{ceder2018predictive,
  title={Predictive modeling and design rules for solid electrolytes},
  author={Ceder, Gerbrand and Ong, Shyue Ping and Wang, Yan},
  journal={Mrs Bulletin},
  volume={43},
  number={10},
  pages={746--751},
  year={2018},
  publisher={Cambridge University Press}
}

@article{janek2016solid,
  title={A solid future for battery development},
  author={Janek, J{\"u}rgen and Zeier, Wolfgang G},
  journal={Nature energy},
  volume={1},
  number={9},
  pages={1--4},
  year={2016},
  publisher={Nature Publishing Group}
}

@article{butler2018machine,
  title={Machine learning for molecular and materials science},
  author={Butler, Keith T and Davies, Daniel W and Cartwright, Hugh and Isayev, Olexandr and Walsh, Aron},
  journal={Nature},
  volume={559},
  number={7715},
  pages={547--555},
  year={2018},
  publisher={Nature Publishing Group}
}

@article{schmidt2019recent,
  title={Recent advances and applications of machine learning in solid-state materials science},
  author={Schmidt, Jonathan and Marques, M{\'a}rio RG and Botti, Silvana and Marques, Miguel AL},
  journal={npj Computational Materials},
  volume={5},
  number={1},
  pages={1--36},
  year={2019},
  publisher={Nature Publishing Group}
}

@article{wines2024chips,
  title={CHIPS-FF: Evaluating Universal Machine Learning Force Fields for Material Properties},
  author={Wines, Daniel and Choudhary, Kamal},
  journal={arXiv preprint arXiv:2412.10516},
  year={2024}
}

@article{nam2024flow,
  title={Flow Matching for Accelerated Simulation of Atomic Transport in Materials},
  author={Nam, Juno and Liu, Sulin and Winter, Gavin and Jun, KyuJung and Yang, Soojung and G{\'o}mez-Bombarelli, Rafael},
  journal={arXiv preprint arXiv:2410.01464},
  year={2024}
}

@article{hernandez-garcia2023crystal,
  title={Crystal-gfn: sampling crystals with desirable properties and constraints},
  author={Hernandez-Garcia, Alex and Duval, Alexandre and Volokhova, Alexandra and Bengio, Yoshua and Sharma, Divya and Carrier, Pierre Luc and Benabed, Yasmine and Koziarski, Micha{\l} and Schmidt, Victor},
  journal={arXiv preprint arXiv:2310.04925},
  year={2023}
}

@article{zhu2024wycryst,
  title={WyCryst: Wyckoff inorganic crystal generator framework},
  author={Zhu, Ruiming and Nong, Wei and Yamazaki, Shuya and Hippalgaonkar, Kedar},
  journal={Matter},
  volume={7},
  number={10},
  pages={3469--3488},
  year={2024},
  publisher={Elsevier}
}

@article{zeni2023mattergen,
  title={Mattergen: a generative model for inorganic materials design},
  author={Zeni, Claudio and Pinsler, Robert and Z{\"u}gner, Daniel and Fowler, Andrew and Horton, Matthew and Fu, Xiang and Shysheya, Sasha and Crabb{\'e}, Jonathan and Sun, Lixin and Smith, Jake and others},
  journal={arXiv preprint arXiv:2312.03687},
  year={2023}
}

@article{merchant2023scaling,
  title={Scaling deep learning for materials discovery},
  author={Merchant, Amil and Batzner, Simon and Schoenholz, Samuel S and Aykol, Muratahan and Cheon, Gowoon and Cubuk, Ekin Dogus},
  journal={Nature},
  volume={624},
  number={7990},
  pages={80--85},
  year={2023},
  publisher={Nature Publishing Group UK London}
}

@article{shon2023extracting,
  title={Extracting chemical information from scientific literature using text mining: Building an ionic conductivity database for solid-state electrolytes},
  author={Shon, Yea-Jin and Min, Kyoungmin},
  journal={ACS omega},
  volume={8},
  number={20},
  pages={18122--18127},
  year={2023},
  publisher={ACS Publications}
}

@article{yang2024dynamic,
  title={A dynamic database of solid-state electrolyte (DDSE) picturing all-solid-state batteries},
  author={Yang, Fangling and dos Santos, Egon Campos and Jia, Xue and Sato, Ryuhei and Kisu, Kazuaki and Hashimoto, Yusuke and Orimo, Shin-ichi and Li, Hao},
  journal={Nano Materials Science},
  volume={6},
  number={2},
  pages={256--262},
  year={2024},
  publisher={Elsevier}
}

@article{he2020high,
  title={High-throughput screening platform for solid electrolytes combining hierarchical ion-transport prediction algorithms},
  author={He, Bing and Chi, Shuting and Ye, Anjiang and Mi, Penghui and Zhang, Liwen and Pu, Bowei and Zou, Zheyi and Ran, Yunbing and Zhao, Qian and Wang, Da and others},
  journal={Scientific Data},
  volume={7},
  number={1},
  pages={151},
  year={2020},
  publisher={Nature Publishing Group UK London}
}

@article{jain2013commentary,
  title={Commentary: The Materials Project: A materials genome approach to accelerating materials innovation},
  author={Jain, Anubhav and Ong, Shyue Ping and Hautier, Geoffroy and Chen, Wei and Richards, William Davidson and Dacek, Stephen and Cholia, Shreyas and Gunter, Dan and Skinner, David and Ceder, Gerbrand and others},
  journal={APL materials},
  volume={1},
  number={1},
  year={2013},
  publisher={AIP Publishing}
}

@article{hellenbrandt2004inorganic,
  title={The inorganic crystal structure database (ICSD)—present and future},
  author={Hellenbrandt, Mariette},
  journal={Crystallography Reviews},
  volume={10},
  number={1},
  pages={17--22},
  year={2004},
  publisher={Taylor \& Francis}
}

@article{belsky2002new,
  title={New developments in the Inorganic Crystal Structure Database (ICSD): accessibility in support of materials research and design},
  author={Belsky, Alec and Hellenbrandt, Mariette and Karen, Vicky Lynn and Luksch, Peter},
  journal={Acta Crystallographica Section B: Structural Science},
  volume={58},
  number={3},
  pages={364--369},
  year={2002},
  publisher={International Union of Crystallography}
}

@article{sendek2017holistic,
  title={Holistic computational structure screening of more than 12000 candidates for solid lithium-ion conductor materials},
  author={Sendek, Austin D and Yang, Qian and Cubuk, Ekin D and Duerloo, Karel-Alexander N and Cui, Yi and Reed, Evan J},
  journal={Energy \& Environmental Science},
  volume={10},
  number={1},
  pages={306--320},
  year={2017},
  publisher={Royal Society of Chemistry}
}

@article{jalem2018bayesian,
  title={Bayesian-driven first-principles calculations for accelerating exploration of fast ion conductors for rechargeable battery application},
  author={Jalem, Randy and Kanamori, Kenta and Takeuchi, Ichiro and Nakayama, Masanobu and Yamasaki, Hisatsugu and Saito, Toshiya},
  journal={Scientific reports},
  volume={8},
  number={1},
  pages={5845},
  year={2018},
  publisher={Nature Publishing Group UK London}
}

@software{pymatviz,
  title = {Pymatviz: visualization toolkit for materials informatics},
  author = {Riebesell, Janosh and Yang, Haoyu and Goodall, Rhys and Baird, Sterling G.},
  date = {2022-10-01},
  year = {2022},
  doi = {10.5281/zenodo.7486816},
  url = {https://github.com/janosh/pymatviz},
  note = {10.5281/zenodo.7486816 - https://github.com/janosh/pymatviz}
}

@article{liu2024symmetry,
  title={Symmetry-informed geometric representation for molecules, proteins, and crystalline materials},
  author={Shengchao Liu and Weitao Du and Yanjing Li and Zhuoxinran Li and Zhiling Zheng and Chenru Duan and Zhi-Ming Ma and Omar M. Yaghi and Anima Anandkumar and Christian Borgs and Jennifer T Chayes and Hongyu Guo and Jian Tang},
  journal={Advances in neural information processing systems},
  volume={36},
  year={2024}
}

@article{zhao2022understanding,
  title={Understanding the synthesis of inorganic solid-state electrolytes for Li ion batteries: Features and progress},
  author={Zhao, Shu and Jiang, Wei and Zhu, Xinxin and Ling, Min and Liang, Chengdu},
  journal={Sustainable Materials and Technologies},
  volume={33},
  pages={e00491},
  year={2022},
  publisher={Elsevier}
}

@article{fung2021benchmarking,
  title={Benchmarking graph neural networks for materials chemistry},
  author={Fung, Victor and Zhang, Jiaxin and Juarez, Eric and Sumpter, Bobby G},
  journal={npj Computational Materials},
  volume={7},
  number={1},
  pages={84},
  year={2021},
  publisher={Nature Publishing Group UK London}
}
