@article{arifitama2021mobile,
  title={Mobile Augmented Reality for Campus Visualization Using Markerless Tracking in an Indonesian Private University},
  author={Arifitama, Budi and Hanan, Ghali and Rofiqi, Muhammad Halim},
  journal={Int. J. Interact. Mob. Technol},
  volume={15},
  number={11},
  pages={21--33},
  year={2021}
}

@article{arstory,
    author = {Changyang Li and Wanwan Li and Haikun Huang and and Lap-Fai Yu},
    title = {Interactive Augmented Reality Storytelling Guided by Scene Semantics}, 
    journal = {ACM Transactions on Graphics},
    volume = {41},
    number = {4},
    year = {2022}
}

@inproceedings{balakrishnan2021interaction,
  title={Interaction of Spatial Computing In Augmented Reality},
  author={Balakrishnan, S and Hameed, M Syed Shahul and Venkatesan, K and Aswin, G},
  booktitle={2021 7th International Conference on Advanced Computing and Communication Systems (ICACCS)},
  volume={1},
  pages={1900--1904},
  year={2021},
  organization={IEEE}
}

@article{frantz2018augmenting,
  title={Augmenting Microsoft's HoloLens with vuforia tracking for neuronavigation},
  author={Frantz, Taylor and Jansen, Bart and Duerinck, Johnny and Vandemeulebroucke, Jef},
  journal={Healthcare technology letters},
  volume={5},
  number={5},
  pages={221--225},
  year={2018},
  publisher={Wiley Online Library}
}

@inproceedings{hartmann2019realitycheck,
  title={Realitycheck: Blending virtual environments with situated physical reality},
  author={Hartmann, Jeremy and Holz, Christian and Ofek, Eyal and Wilson, Andrew D},
  booktitle={Proceedings of the 2019 CHI Conference on Human Factors in Computing Systems},
  pages={1--12},
  year={2019}
}

@inproceedings{hu2020enhancing,
  title={Enhancing realism and presence with active physical reactions in augmented reality},
  author={Hu, Yupeng and He, Weiping and Zhang, Li and Li, Silian},
  booktitle={Proceedings of the 32nd Australian Conference on Human-Computer Interaction},
  pages={700--704},
  year={2020}
}

@inproceedings{kaimoto2022sketched,
  title={Sketched Reality: Sketching Bi-Directional Interactions Between Virtual and Physical Worlds with AR and Actuated Tangible UI},
  author={Kaimoto, Hiroki and Monteiro, Kyzyl and Faridan, Mehrad and Li, Jiatong and Farajian, Samin and Kakehi, Yasuaki and Nakagaki, Ken and Suzuki, Ryo},
  booktitle={Proceedings of the 35th Annual ACM Symposium on User Interface Software and Technology},
  pages={1--12},
  year={2022}
}

@inproceedings{kato1999marker,
  title={Marker tracking and hmd calibration for a video-based augmented reality conferencing system},
  author={Kato, Hirokazu and Billinghurst, Mark},
  booktitle={Proceedings 2nd IEEE and ACM International Workshop on Augmented Reality (IWAR'99)},
  pages={85--94},
  year={1999},
  organization={IEEE}
}

@inproceedings{kim2018improving,
  title={Improving Social Presence with a Virtual Human via Multimodal Physical--Virtual Interactivity in AR},
  author={Kim, Kangsoo},
  booktitle={Extended Abstracts of the 2018 CHI Conference on Human Factors in Computing Systems},
  pages={1--6},
  year={2018}
}

@article{ko2020novel,
  title={Novel method of semantic segmentation applicable to augmented reality},
  author={Ko, Tae-young and Lee, Seung-ho},
  journal={Sensors},
  volume={20},
  number={6},
  pages={1737},
  year={2020},
  publisher={MDPI}
}

@article{le2021augmented,
  title={Augmented reality and machine learning incorporation using YOLOv3 and ARKit},
  author={Le, Huy and Nguyen, Minh and Yan, Wei Qi and Nguyen, Hoa},
  journal={Applied Sciences},
  volume={11},
  number={13},
  pages={6006},
  year={2021},
  publisher={MDPI}
}

@article{lee2019mixed,
  title={Mixed reality tabletop gameplay: Social interaction with a virtual human capable of physical influence},
  author={Lee, Myungho and Norouzi, Nahal and Bruder, Gerd and Wisniewski, Pamela J and Welch, Gregory F},
  journal={IEEE transactions on visualization and computer graphics},
  volume={27},
  number={8},
  pages={3534--3545},
  year={2019},
  publisher={IEEE}
}

@article{lee2021all,
  title={All one needs to know about metaverse: A complete survey on technological singularity, virtual ecosystem, and research agenda},
  author={Lee, Lik-Hang and Braud, Tristan and Zhou, Pengyuan and Wang, Lin and Xu, Dianlei and Lin, Zijun and Kumar, Abhishek and Bermejo, Carlos and Hui, Pan},
  journal={arXiv preprint arXiv:2110.05352},
  year={2021}
}

@article{lee2022study,
  title={A study on recognizing multi-real world object and estimating 3D position in augmented reality},
  author={Lee, Taemin and Jung, Changhun and Lee, Kyungtaek and Seo, Sanghyun},
  journal={The Journal of Supercomputing},
  pages={1--20},
  year={2022},
  publisher={Springer}
}

@inproceedings{liang2021scene,
  title={Scene-aware behavior synthesis for virtual pets in mixed reality},
  author={Liang, Wei and Yu, Xinzhe and Alghofaili, Rawan and Lang, Yining and Yu, Lap-Fai},
  booktitle={Proceedings of the 2021 CHI Conference on Human Factors in Computing Systems},
  pages={1--12},
  year={2021}
}

@inproceedings{liu2016ssd,
  title={Ssd: Single shot multibox detector},
  author={Liu, Wei and Anguelov, Dragomir and Erhan, Dumitru and Szegedy, Christian and Reed, Scott and Fu, Cheng-Yang and Berg, Alexander C},
  booktitle={Computer Vision--ECCV 2016: 14th European Conference, Amsterdam, The Netherlands, October 11--14, 2016, Proceedings, Part I 14},
  pages={21--37},
  year={2016},
  organization={Springer}
}

@inproceedings{locationAR,
author={Li, Wanwan and Li, Changyang and Kim, Minyoung and Huang, Haikun and Yu, Lap-Fai}, 
title={Location-Aware Adaptation of Augmented Reality Narratives}, 
booktitle={Proceedings of the 2023 CHI Conference on Human Factors in Computing Systems},
series = {CHI '23},
year=2023, 
publisher = {ACM}
}

@inproceedings{min2018virtual,
  title={Virtual-Physical Interaction System},
  author={Min, Xin and Sun, Shouqian and Zhang, Wenqiao and Chao, Chao},
  booktitle={2018 International Conference on Virtual Reality and Visualization (ICVRV)},
  pages={158--159},
  year={2018},
  organization={IEEE}
}

@inproceedings{mooser2007real,
  title={Real-time object tracking for augmented reality combining graph cuts and optical flow},
  author={Mooser, Jonathan and You, Suya and Neumann, Ulrich},
  booktitle={2007 6th IEEE and ACM International Symposium on Mixed and Augmented Reality},
  pages={145--152},
  year={2007},
  organization={IEEE}
}

@inproceedings{nagendran2012continuum,
  title={Continuum of virtual-human space: Towards improved interaction strategies for physical-virtual avatars},
  author={Nagendran, Arjun and Pillat, Remo and Hughes, Charles and Welch, Greg},
  booktitle={Proceedings of the 11th ACM SIGGRAPH International Conference on Virtual-Reality Continuum and Its Applications in Industry},
  pages={135--142},
  year={2012}
}

@inproceedings{park2008multiple,
  title={Multiple 3d object tracking for augmented reality},
  author={Park, Youngmin and Lepetit, Vincent and Woo, Woontack},
  booktitle={2008 7th IEEE/ACM International Symposium on Mixed and Augmented Reality},
  pages={117--120},
  year={2008},
  organization={IEEE}
}

@inproceedings{radkowski2018hololens,
  title={HoloLens integration into a multi-kinect tracking environment},
  author={Radkowski, Rafael},
  booktitle={2018 IEEE International Symposium on Mixed and Augmented Reality Adjunct (ISMAR-Adjunct)},
  pages={138--142},
  year={2018},
  organization={IEEE}
}

@inproceedings{rambach2017poster,
  title={[poster] augmented things: Enhancing ar applications leveraging the internet of things and universal 3d object tracking},
  author={Rambach, Jason and Pagani, Alain and Stricker, Didier},
  booktitle={2017 IEEE International Symposium on Mixed and Augmented Reality (ISMAR-Adjunct)},
  pages={103--108},
  year={2017},
  organization={IEEE}
}

@article{redmon2018yolov3,
  title={Yolov3: An incremental improvement},
  author={Redmon, Joseph and Farhadi, Ali},
  journal={arXiv preprint arXiv:1804.02767},
  year={2018}
}

@article{ren2015faster,
  title={Faster r-cnn: Towards real-time object detection with region proposal networks},
  author={Ren, Shaoqing and He, Kaiming and Girshick, Ross and Sun, Jian},
  journal={Advances in neural information processing systems},
  volume={28},
  year={2015}
}

@inproceedings{roxas2018occlusion,
  title={Occlusion handling using semantic segmentation and visibility-based rendering for mixed reality},
  author={Roxas, Menandro and Hori, Tomoki and Fukiage, Taiki and Okamoto, Yasuhide and Oishi, Takeshi},
  booktitle={Proceedings of the 24th ACM Symposium on Virtual Reality Software and Technology},
  pages={1--8},
  year={2018}
}

@inproceedings{simeone2015substitutional,
  title={Substitutional reality: Using the physical environment to design virtual reality experiences},
  author={Simeone, Adalberto L and Velloso, Eduardo and Gellersen, Hans},
  booktitle={Proceedings of the 33rd Annual ACM Conference on Human Factors in Computing Systems},
  pages={3307--3316},
  year={2015}
}

@inproceedings{simony2018complex,
  title={Complex-yolo: An euler-region-proposal for real-time 3d object detection on point clouds},
  author={Simony, Martin and Milzy, Stefan and Amendey, Karl and Gross, Horst-Michael},
  booktitle={Proceedings of the European conference on computer vision (ECCV) workshops},
  pages={0--0},
  year={2018}
}

@inproceedings{snippet,
  author={Li, Changyang and Yu, Lap-Fai},
  title={Generating Activity Snippets by Learning Human-Scene Interactions},
  journal = {ACM Transactions on Graphics},
  volume = {42},
  number = {4},
  year = {2023}
}

@article{syed2022depth,
  title={In-depth review of augmented reality: Tracking technologies, development tools, AR displays, collaborative AR, and security concerns},
  author={Syed, Toqeer Ali and Siddiqui, Muhammad Shoaib and Abdullah, Hurria Binte and Jan, Salman and Namoun, Abdallah and Alzahrani, Ali and Nadeem, Adnan and Alkhodre, Ahmad B},
  journal={Sensors},
  volume={23},
  number={1},
  pages={146},
  year={2022},
  publisher={MDPI}
}

@inproceedings{tahara2020retargetable,
  title={Retargetable AR: Context-aware augmented reality in indoor scenes based on 3D scene graph},
  author={Tahara, Tomu and Seno, Takashi and Narita, Gaku and Ishikawa, Tomoya},
  booktitle={2020 IEEE International Symposium on Mixed and Augmented Reality Adjunct (ISMAR-Adjunct)},
  pages={249--255},
  year={2020},
  organization={IEEE}
}

@article{tanzi2021real,
  title={Real-time deep learning semantic segmentation during intra-operative surgery for 3D augmented reality assistance},
  author={Tanzi, Leonardo and Piazzolla, Pietro and Porpiglia, Francesco and Vezzetti, Enrico},
  journal={International Journal of Computer Assisted Radiology and Surgery},
  volume={16},
  number={9},
  pages={1435--1445},
  year={2021},
  publisher={Springer}
}

@inproceedings{zhang2020slimmer,
  title={Slimmer: Accelerating 3D semantic segmentation for mobile augmented reality},
  author={Zhang, Huanle and Han, Bo and Ip, Cheuk Yiu and Mohapatra, Prasant},
  booktitle={2020 IEEE 17th International Conference on Mobile Ad Hoc and Sensor Systems (MASS)},
  pages={603--612},
  year={2020},
  organization={IEEE}
}

