@article{afifi2023using,
  title={Using virtual reality to improve the quality of life of older adults with cognitive impairments and their family members who live at a distance},
  author={Afifi, Tamara and Collins, Nancy and Rand, Kyle and Otmar, Chris and Mazur, Allison and Dunbar, Norah E and Fujiwara, Ken and Harrison, Kathryn and Logsdon, Rebecca},
  journal={Health Communication},
  volume={38},
  number={9},
  pages={1904--1915},
  year={2023},
  publisher={Taylor \& Francis}
}

@misc{agedcareguide_social_support,
  author={{Aged Care Guide}},
  title={Social Support in Your Community},
  year={n.d.},
  url={https://www.agedcareguide.com.au/information/social-support-in-your-community},
  note={Accessed: 2024-09-03}
}

@article{annele2019definitions,
  title={Definitions of successful ageing: a brief review of a multidimensional concept},
  author={Annele, Urtamo and Satu, K Jyv{\"a}korpi and Timo, E Strandberg},
  journal={Acta Bio Medica: Atenei Parmensis},
  volume={90},
  number={2},
  pages={359},
  year={2019},
  publisher={Mattioli 1885}
}

@article{appel2020older,
  title={Older adults with cognitive and/or physical impairments can benefit from immersive virtual reality experiences: A feasibility study},
  author={Appel, Lora and Appel, Eva and Bogler, Orly and Wiseman, Micaela and Cohen, Leedan and Ein, Natalie and Abrams, Howard B and Campos, Jennifer L},
  journal={Frontiers in medicine},
  volume={6},
  pages={329},
  year={2020},
  publisher={Frontiers Media SA}
}

@article{ashida2008differential,
  title={Differential associations of social support and social connectedness with structural features of social networks and the health status of older adults},
  author={Ashida, Sato and Heaney, Catherine A},
  journal={Journal of aging and health},
  volume={20},
  number={7},
  pages={872--893},
  year={2008},
  publisher={Sage Publications Sage CA: Los Angeles, CA}
}

@inproceedings{baker2019exploring,
  title={Exploring the design of social VR experiences with older adults},
  author={Baker, Steven and Waycott, Jenny and Carrasco, Romina and Hoang, Thuong and Vetere, Frank},
  booktitle={Proceedings of the 2019 on Designing Interactive Systems Conference},
  pages={303--315},
  year={2019}
}

@article{baker2019interrogating,
  title={Interrogating social virtual reality as a communication medium for older adults},
  author={Baker, Steven and Kelly, Ryan M and Waycott, Jenny and Carrasco, Romina and Hoang, Thuong and Batchelor, Frances and Ozanne, Elizabeth and Dow, Briony and Warburton, Jeni and Vetere, Frank},
  journal={Proceedings of the ACM on human-computer interaction},
  volume={3},
  number={CSCW},
  pages={1--24},
  year={2019},
  publisher={ACM New York, NY, USA}
}

@article{baker2020evaluating,
  title={Evaluating the use of interactive virtual reality technology with older adults living in residential aged care},
  author={Baker, Steven and Waycott, Jenny and Robertson, Elena and Carrasco, Romina and Neves, Barbara Barbosa and Hampson, Ralph and Vetere, Frank},
  journal={Information Processing \& Management},
  volume={57},
  number={3},
  pages={102105},
  year={2020},
  publisher={Elsevier}
}

@inproceedings{baker2021avatar,
  title={Avatar-mediated communication in social VR: an in-depth exploration of older adult interaction in an emerging communication platform},
  author={Baker, Steven and Waycott, Jenny and Carrasco, Romina and Kelly, Ryan M and Jones, Anthony John and Lilley, Jack and Dow, Briony and Batchelor, Frances and Hoang, Thuong and Vetere, Frank},
  booktitle={Proceedings of the 2021 CHI conference on human factors in computing systems},
  pages={1--13},
  year={2021}
}

@article{baker2021school,
  title={School's back: scaffolding reminiscence in social virtual reality with older adults},
  author={Baker, Steven and Kelly, Ryan M and Waycott, Jenny and Carrasco, Romina and Bell, Roger and Joukhadar, Zaher and Hoang, Thuong and Ozanne, Elizabeth and Vetere, Frank},
  journal={Proceedings of the ACM on human-computer interaction},
  volume={4},
  number={CSCW3},
  pages={1--25},
  year={2021},
  publisher={ACM New York, NY, USA}
}

@article{blackwell2019harassment,
  title={Harassment in social virtual reality: Challenges for platform governance},
  author={Blackwell, Lindsay and Ellison, Nicole and Elliott-Deflo, Natasha and Schwartz, Raz},
  journal={Proceedings of the ACM on Human-Computer Interaction},
  volume={3},
  number={CSCW},
  pages={1--25},
  year={2019},
  publisher={ACM New York, NY, USA}
}

@article{bontchev2008mobile,
  title={A mobile chess game},
  author={Bontchev, Boyan},
  year={2008}
}

@phdthesis{brossoie2003community,
  title={Community connections and sense of community among older adults},
  author={Brossoie, Nancy},
  year={2003},
  school={Virginia Tech}
}

@article{brown2019exploration,
  title={An exploration of virtual reality use and application among older adult populations},
  author={Brown, Julie A},
  journal={Gerontology and Geriatric Medicine},
  volume={5},
  pages={2333721419885287},
  year={2019},
  publisher={SAGE Publications Sage CA: Los Angeles, CA}
}

@inproceedings{cerron2023multiplayer,
  title={Multiplayer Chess Game Development Using Augmented Reality and 3D Models},
  author={Cerr{\'o}n, Fredy and Villanueva, Ricardo and Barrientos, Alfredo},
  booktitle={2023 11th International Conference on Information and Education Technology (ICIET)},
  pages={562--566},
  year={2023},
  organization={IEEE}
}

@inproceedings{chen2008remote,
  title={A remote Chinese chess game using mobile phone augmented reality},
  author={Chen, Lieu-Hen and Yu, Chi-Jr and Hsu, Shun-Chin},
  booktitle={Proceedings of the 2008 International Conference on Advances in Computer Entertainment Technology},
  pages={284--287},
  year={2008}
}

@misc{chess_vr_multiverse_journey_steam,
  author       = {{Steam Store}},
  title        = {Chess VR: Multiverse Journey},
  year         = {n.d.},
  url          = {https://store.steampowered.com/app/2054100/Chess_VR_Multiverse_Journey/},
  note         = {Accessed: 2024-09-03}
}

@article{cibeira2021effectiveness,
  title={Effectiveness of a chess-training program for improving cognition, mood, and quality of life in older adults: A pilot study},
  author={Cibeira, Nuria and Lorenzo-L{\'o}pez, Laura and Maseda, Ana and Blanco-Fandino, Julia and L{\'o}pez-L{\'o}pez, Roc{\'\i}o and Mill{\'a}n-Calenti, Jos{\'e} Carlos},
  journal={Geriatric Nursing},
  volume={42},
  number={4},
  pages={894--900},
  year={2021},
  publisher={Elsevier}
}

@article{coyle2012social,
  title={Social isolation, loneliness and health among older adults},
  author={Coyle, Caitlin E and Dugan, Elizabeth},
  journal={Journal of aging and health},
  volume={24},
  number={8},
  pages={1346--1363},
  year={2012},
  publisher={Sage Publications Sage CA: Los Angeles, CA}
}

@inproceedings{deighan2023social,
  title={Social virtual reality as a mental health tool: how people use VRChat to support social connectedness and wellbeing},
  author={Deighan, Mairi Therese and Ayobi, Amid and O'Kane, Aisling Ann},
  booktitle={Proceedings of the 2023 CHI Conference on Human Factors in Computing Systems},
  pages={1--13},
  year={2023}
}

@article{dickens2011interventions,
  title={Interventions targeting social isolation in older people: a systematic review},
  author={Dickens, Andy P and Richards, Suzanne H and Greaves, Colin J and Campbell, John L},
  journal={BMC public health},
  volume={11},
  pages={1--22},
  year={2011},
  publisher={Springer}
}

@inproceedings{du2024lightsword,
  title={LightSword: A Customized Virtual Reality Exergame for Long-Term Cognitive Inhibition Training in Older Adults},
  author={Du, Qiuxin and Song, Zhen and Jiang, Haiyan and Wei, Xiaoying and Weng, Dongdong and Fan, Mingming},
  booktitle={Proceedings of the CHI Conference on Human Factors in Computing Systems},
  pages={1--17},
  year={2024}
}

@book{easton2013investigation,
  title={An investigation of the associations between socail connectedness and internet usage for older adults},
  author={Easton-Hogg, Edd},
  year={2013},
  publisher={Spalding University}
}

@inproceedings{eisapour2018game,
  title={Game design for users with constraint: exergame for older adults with cognitive impairment},
  author={Eisapour, Mahzar and Cao, Shi and Boger, Jennifer},
  booktitle={Adjunct Proceedings of the 31st Annual ACM Symposium on User Interface Software and Technology},
  pages={128--130},
  year={2018}
}

@article{eng2002social,
  title={Social ties and change in social ties in relation to subsequent total and cause-specific mortality and coronary heart disease incidence in men},
  author={Eng, Patricia M and Rimm, Eric B and Fitzmaurice, Garrett and Kawachi, Ichiro},
  journal={American journal of epidemiology},
  volume={155},
  number={8},
  pages={700--709},
  year={2002},
  publisher={Oxford University Press}
}

@inproceedings{evjemo2004supporting,
  title={Supporting the distributed family: the need for a conversational context},
  author={Evjemo, Bente and Svendsen, Gunnvald B and Rinde, Eivind and Johnsen, Jan-Are K},
  booktitle={Proceedings of the third Nordic conference on Human-computer interaction},
  pages={309--312},
  year={2004}
}

@article{freeman2022working,
  title={Working together apart through embodiment: Engaging in everyday collaborative activities in social Virtual Reality},
  author={Freeman, Guo and Acena, Dane and McNeese, Nathan J and Schulenberg, Kelsea},
  journal={Proceedings of the ACM on Human-Computer Interaction},
  volume={6},
  number={GROUP},
  pages={1--25},
  year={2022},
  publisher={ACM New York, NY, USA}
}

@article{gonzalez2018avatar,
  title={Avatar embodiment. towards a standardized questionnaire},
  author={Gonzalez-Franco, Mar and Peck, Tabitha C},
  journal={Frontiers in Robotics and AI},
  volume={5},
  pages={74},
  year={2018},
  publisher={Frontiers Media SA}
}

@article{holt2010social,
  title={Social relationships and mortality risk: a meta-analytic review},
  author={Holt-Lunstad, Julianne and Smith, Timothy B and Layton, J Bradley},
  journal={PLoS medicine},
  volume={7},
  number={7},
  pages={e1000316},
  year={2010},
  publisher={Public Library of Science}
}

@article{holt2021loneliness,
  title={Loneliness and social isolation as risk factors: The power of social connection in prevention},
  author={Holt-Lunstad, Julianne},
  journal={American Journal of Lifestyle Medicine},
  volume={15},
  number={5},
  pages={567--573},
  year={2021},
  publisher={SAGE Publications Sage CA: Los Angeles, CA}
}

@article{house1988social,
  title={Social relationships and health},
  author={House, James S and Landis, Karl R and Umberson, Debra},
  journal={Science},
  volume={241},
  number={4865},
  pages={540--545},
  year={1988},
  publisher={American Association for the Advancement of Science}
}

@article{hu2012effects,
  title={Effects of social activities on cognitive functions: Evidence from CHARLS},
  author={Hu, Yuqing and Lei, Xiaoyan and Smith, James P and Zhao, Yaohui},
  year={2012},
  publisher={RAND Working Paper Series WR-918}
}

@inproceedings{kolosowski2020collaborative,
  title={Collaborative robot system for playing chess},
  author={Ko{\l}osowski, Pawe{\l} and Wolniakowski, Adam and Miatliuk, Kanstantsin},
  booktitle={2020 International Conference Mechatronic Systems and Materials (MSM)},
  pages={1--6},
  year={2020},
  organization={IEEE}
}

@article{larregay2018design,
  title={Design and implementation of a computer vision system for an autonomous chess-playing robot},
  author={Larregay, Guillermo and Pinna, Federico and Avila, Luis and Mor{\'a}n, Daniel},
  journal={Journal of Computer Science \& Technology},
  volume={18},
  year={2018}
}

@book{lau2011chinese,
  title={Chinese Chess: An Introduction to China's Ancient Game of Strategy},
  author={Lau, Hang Tong},
  year={2011},
  publisher={Tuttle Publishing}
}

@article{lee2018effect,
  title={The effect of leisure activity diversity and exercise time on the prevention of depression in the middle-aged and elderly residents of Taiwan},
  author={Lee, Hsiao-Yun and Yu, Chia-Pin and Wu, Chih-Da and Pan, Wen-Chi},
  journal={International journal of environmental research and public health},
  volume={15},
  number={4},
  pages={654},
  year={2018},
  publisher={MDPI}
}

@book{leventhal1978,
  author={Herbert Leventhal},
  title={Chess, A History},
  year={1978},
  publisher={Free PDF Edition},
  url={http://history.chess.free.fr/papers/Leventhal%201978.pdf},
  note={Accessed: 2024-09-03}
}

@inproceedings{li2019measuring,
  title={Measuring and understanding photo sharing experiences in social virtual reality},
  author={Li, Jie and Kong, Yiping and R{\"o}ggla, Thomas and De Simone, Francesca and Ananthanarayan, Swamy and De Ridder, Huib and El Ali, Abdallah and Cesar, Pablo},
  booktitle={Proceedings of the 2019 CHI Conference on Human Factors in Computing Systems},
  pages={1--14},
  year={2019}
}

@inproceedings{li2021social,
  title={Social VR: A new medium for remote communication and collaboration},
  author={Li, Jie and Vinayagamoorthy, Vinoba and Williamson, Julie and Shamma, David A and Cesar, Pablo},
  booktitle={Extended Abstracts of the 2021 CHI Conference on Human Factors in Computing Systems},
  pages={1--6},
  year={2021}
}

@article{lin2023social,
  title={Social activities and long-term depressive-symptoms trajectories among middle-aged and older adults in China: a population-based cohort study},
  author={Lin, Xuhui and Liu, Siyue and Hu, Zhao and Xu, Huilan},
  journal={Frontiers in Psychiatry},
  volume={14},
  pages={1131084},
  year={2023},
  publisher={Frontiers Media SA}
}

@article{lindsay2018mixed,
  title={A mixed methods case study exploring the impact of membership of a multi-activity, multicentre community group on social wellbeing of older adults},
  author={Lindsay-Smith, Gabrielle and O’Sullivan, Grant and Eime, Rochelle and Harvey, Jack and van Uffelen, Jannique GZ},
  journal={BMC geriatrics},
  volume={18},
  pages={1--14},
  year={2018},
  publisher={Springer}
}

@article{markle2018community,
  title={Community program improves quality of life and self-management in older adults with diabetes mellitus and comorbidity},
  author={Markle-Reid, Maureen and Ploeg, Jenny and Fraser, Kimberly D and Fisher, Kathryn A and Bartholomew, Amy and Griffith, Lauren E and Miklavcic, John and Gafni, Amiram and Thabane, Lehana and Upshur, Ross},
  journal={Journal of the American Geriatrics Society},
  volume={66},
  number={2},
  pages={263--273},
  year={2018},
  publisher={Wiley Online Library}
}

@inproceedings{mcveigh2018s,
  title={What's It Mean to" Be Social" in VR? Mapping the Social VR Design Ecology},
  author={McVeigh-Schultz, Joshua and M{\'a}rquez Segura, Elena and Merrill, Nick and Isbister, Katherine},
  booktitle={Proceedings of the 2018 ACM conference companion publication on designing interactive systems},
  pages={289--294},
  year={2018}
}

@article{michael2001living,
  title={Living arrangements, social integration, and change in functional health status},
  author={Michael, Yvonne L and Berkman, Lisa F and Colditz, Graham A and Kawachi, Ichiro},
  journal={American journal of epidemiology},
  volume={153},
  number={2},
  pages={123--131},
  year={2001},
  publisher={Oxford University Press}
}

@article{mirelman2016addition,
  title={Addition of a non-immersive virtual reality component to treadmill training to reduce fall risk in older adults (V-TIME): a randomised controlled trial},
  author={Mirelman, Anat and Rochester, Lynn and Maidan, Inbal and Del Din, Silvia and Alcock, Lisa and Nieuwhof, Freek and Rikkert, Marcel Olde and Bloem, Bastiaan R and Pelosin, Elisa and Avanzino, Laura and others},
  journal={The Lancet},
  volume={388},
  number={10050},
  pages={1170--1182},
  year={2016},
  publisher={Elsevier}
}

@article{nicholson2012review,
  title={A review of social isolation: an important but underassessed condition in older adults},
  author={Nicholson, Nicholas R},
  journal={The journal of primary prevention},
  volume={33},
  pages={137--152},
  year={2012},
  publisher={Springer}
}

@article{o2017definition,
  title={Definition, determinants, and outcomes of social connectedness for older adults: A scoping review},
  author={O'Rourke, Hannah M and Sidani, Souraya},
  journal={Journal of Gerontological Nursing},
  volume={43},
  number={7},
  pages={43--52},
  year={2017},
  publisher={SLACK Incorporated Thorofare, NJ}
}

@inproceedings{piitulainen2022vibing,
  title={Vibing together: Dance experiences in social virtual reality},
  author={Piitulainen, Roosa and H{\"a}m{\"a}l{\"a}inen, Perttu and Mekler, Elisa D},
  booktitle={Proceedings of the 2022 CHI Conference on Human Factors in Computing Systems},
  pages={1--18},
  year={2022}
}

@misc{pugh2009social,
  title={The Social World of Older People: Understanding Loneliness and Social Isolation in Later Life, Christina Victor, Sasha Scambler and John Bond, Maidenhead, Open University Press/McGraw Hill Education, 2009, pp. ix+ 262, ISBN 978-0-335-21521-8 (pbk),{\pounds} 22.99},
  author={Pugh, Stephen},
  year={2009},
  publisher={Oxford University Press}
}

@misc{qqchess_webpage,
  author={{QQ Chess}},
  title={QQ Chess Login},
  year={n.d.},
  url={https://h5login.qqchess.qq.com/},
  note={Accessed: 2024-09-03}
}

@article{richter2018relations,
  title={Relations among maternal life satisfaction, shared activities, and child well-being},
  author={Richter, Nina and Bond{\"u}, Rebecca and Spiess, C Katharina and Wagner, Gert G and Trommsdorff, Gisela},
  journal={Frontiers in psychology},
  volume={9},
  pages={739},
  year={2018},
  publisher={Frontiers Media SA}
}

@article{roberts2019older,
  title={Older adults’ experiences with audiovisual virtual reality: Perceived usefulness and other factors influencing technology acceptance},
  author={Roberts, Amy Restorick and De Schutter, Bob and Franks, Kelley and Radina, M Elise},
  journal={Clinical gerontologist},
  volume={42},
  number={1},
  pages={27--33},
  year={2019},
  publisher={Taylor \& Francis}
}

@article{salman2021community,
  title={Community health and wellness fair: a strategy for assessment of social determinants of health, inclusion and engagement of newcomers},
  author={Salman, Khlood and Turek, Jaime M and Donovan, Caley},
  journal={Journal of Community Health},
  volume={46},
  number={3},
  pages={527--537},
  year={2021},
  publisher={Springer}
}

@article{seifert2021use,
  title={The use of virtual and augmented reality by older adults: Potentials and challenges},
  author={Seifert, Alexander and Schlomann, Anna},
  journal={Frontiers in Virtual Reality},
  volume={2},
  pages={639718},
  year={2021},
  publisher={Frontiers}
}

@article{shi2023effect,
  title={The effect of the leisure activities based on chess and cards for improving cognition of older adults: study protocol for a cluster randomized controlled trial},
  author={Shi, Xiaojuan and Wang, Yanrong and Wu, Yueping and Li, Jiangping},
  journal={Trials},
  volume={24},
  number={1},
  pages={484},
  year={2023},
  publisher={Springer}
}

@inproceedings{smith2018communication,
  title={Communication behavior in embodied virtual reality},
  author={Smith, Harrison Jesse and Neff, Michael},
  booktitle={Proceedings of the 2018 CHI conference on human factors in computing systems},
  pages={1--12},
  year={2018}
}

@incollection{van2009social,
  title={Social connectedness: concept and measurement},
  author={Van Bel, Daniel T and Smolders, Karin CHJ and IJsselsteijn, Wijnand A and De Kort, YAW},
  booktitle={Intelligent environments 2009},
  pages={67--74},
  year={2009},
  publisher={IOS Press}
}

@misc{very_real_chess_steam,
  author       = {{Steam Store}},
  title        = {Very Real Chess},
  year         = {n.d.},
  url          = {https://store.steampowered.com/app/526090/Very_Real_Chess/},
  note         = {Accessed: 2024-09-03}
}

@article{viguer2010grandparent,
  title={Grandparent-grandchild relationships from the children's perspective: Shared activities and socialization styles},
  author={Viguer, Paz and Mel{\'e}ndez, Juan Carlos and Valencia, Sandra and Cantero, M{\textordfeminine} Jos{\'e} and Navarro, Esperanza},
  journal={The Spanish journal of psychology},
  volume={13},
  number={2},
  pages={708--717},
  year={2010},
  publisher={Cambridge University Press}
}

@misc{vrchat_chess_world,
  author       = {{VRChat}},
  title        = {VRChat World: Chess VR Multiverse},
  year         = {n.d.},
  url          = {https://vrchat.com/home/world/wrld_e0434a34-2f64-4e89-99da-8e3b4a86ffe4},
  note         = {Accessed: 2024-09-03}
}

@inproceedings{wei2023bridging,
  title={Bridging the generational gap: exploring how virtual reality supports remote communication between grandparents and grandchildren},
  author={Wei, Xiaoying and Gu, Yizheng and Kuang, Emily and Wang, Xian and Cao, Beiyan and Jin, Xiaofu and Fan, Mingming},
  booktitle={Proceedings of the 2023 CHI Conference on Human Factors in Computing Systems},
  pages={1--15},
  year={2023}
}

@article{xing2023keeping,
  title={" Keeping the Program Going": Technology Use by Community Organizations to Support the Social Connectedness of Older Adults During the COVID-19 Pandemic},
  author={Xing, Yushan and Kelly, Ryan M and Rogerson, Melissa J and Waycott, Jenny},
  journal={Proceedings of the ACM on Human-Computer Interaction},
  volume={7},
  number={CSCW2},
  pages={1--26},
  year={2023},
  publisher={ACM New York, NY, USA}
}

@inproceedings{yusof2019collaborative,
  title={Collaborative augmented reality for chess game in handheld devices},
  author={Yusof, Cik Suhaimi and Low, Tian Sheng and Ismail, Ajune Wanis and Sunar, Mohd Shahrizal},
  booktitle={2019 IEEE Conference on Graphics and Media (GAME)},
  pages={32--37},
  year={2019},
  organization={IEEE}
}

@inproceedings{zamanifard2019togetherness,
  title={" The Togetherness that We Crave" Experiencing Social VR in Long Distance Relationships},
  author={Zamanifard, Samaneh and Freeman, Guo},
  booktitle={Companion Publication of the 2019 Conference on Computer Supported Cooperative Work and Social Computing},
  pages={438--442},
  year={2019}
}

