@misc{metaQuestPro,
  author       = {Meta},
  title        = {Meta Quest Pro},
  year         = {2024},
  url          = {https://www.meta.com/quest/quest-pro/},
  note         = {},
}

@misc{metaQuest2,
  author       = {Meta},
  title        = {Meta Quest 2},
  year         = {2024},
  url          = {https://www.meta.com/quest/products/quest-2/},
  note         = {},
}

@inproceedings{wei2022communication,
  title={Communication in immersive social virtual reality: A systematic review of 10 years’ studies},
  author={Wei, Xiaoying and Jin, Xiaofu and Fan, Mingming},
  booktitle={Proceedings of the Tenth International Symposium of Chinese CHI},
  pages={27--37},
  year={2022}
}

@book{knoblauch2012video,
  title={Video analysis: Methodology and methods},
  author={Knoblauch, Hubert and Schnettler, Bernt and Raab, J{\"u}rgen and Soeffner, Hans-Georg},
  year={2012},
  publisher={Peter Lang Frankfurt am Main}
}

@article{vom2016action,
  title={Action at the exhibit face: video and the analysis of social interaction in museums and galleries},
  author={Vom Lehn, Dirk and Heath, Christian},
  journal={Journal of Marketing Management},
  volume={32},
  number={15-16},
  pages={1441--1457},
  year={2016},
  publisher={Taylor \& Francis}
}

@incollection{van2009social,
  title={Social connectedness: concept and measurement},
  author={Van Bel, Daniel T and Smolders, Karin CHJ and IJsselsteijn, Wijnand A and De Kort, YAW},
  booktitle={Intelligent environments 2009},
  pages={67--74},
  year={2009},
  publisher={IOS Press}
}

@book{easton2013investigation,
  title={An investigation of the associations between socail connectedness and internet usage for older adults},
  author={Easton-Hogg, Edd},
  year={2013},
  publisher={Spalding University}
}

@article{o2017definition,
  title={Definition, determinants, and outcomes of social connectedness for older adults: A scoping review},
  author={O'Rourke, Hannah M and Sidani, Souraya},
  journal={Journal of Gerontological Nursing},
  volume={43},
  number={7},
  pages={43--52},
  year={2017},
  publisher={SLACK Incorporated Thorofare, NJ}
}

@article{michael2001living,
  title={Living arrangements, social integration, and change in functional health status},
  author={Michael, Yvonne L and Berkman, Lisa F and Colditz, Graham A and Kawachi, Ichiro},
  journal={American journal of epidemiology},
  volume={153},
  number={2},
  pages={123--131},
  year={2001},
  publisher={Oxford University Press}
}

@article{annele2019definitions,
  title={Definitions of successful ageing: a brief review of a multidimensional concept},
  author={Annele, Urtamo and Satu, K Jyv{\"a}korpi and Timo, E Strandberg},
  journal={Acta Bio Medica: Atenei Parmensis},
  volume={90},
  number={2},
  pages={359},
  year={2019},
  publisher={Mattioli 1885}
}

@article{ashida2008differential,
  title={Differential associations of social support and social connectedness with structural features of social networks and the health status of older adults},
  author={Ashida, Sato and Heaney, Catherine A},
  journal={Journal of aging and health},
  volume={20},
  number={7},
  pages={872--893},
  year={2008},
  publisher={Sage Publications Sage CA: Los Angeles, CA}
}

@article{holt2010social,
  title={Social relationships and mortality risk: a meta-analytic review},
  author={Holt-Lunstad, Julianne and Smith, Timothy B and Layton, J Bradley},
  journal={PLoS medicine},
  volume={7},
  number={7},
  pages={e1000316},
  year={2010},
  publisher={Public Library of Science}
}

@article{coyle2012social,
  title={Social isolation, loneliness and health among older adults},
  author={Coyle, Caitlin E and Dugan, Elizabeth},
  journal={Journal of aging and health},
  volume={24},
  number={8},
  pages={1346--1363},
  year={2012},
  publisher={Sage Publications Sage CA: Los Angeles, CA}
}

@misc{pugh2009social,
  title={The Social World of Older People: Understanding Loneliness and Social Isolation in Later Life, Christina Victor, Sasha Scambler and John Bond, Maidenhead, Open University Press/McGraw Hill Education, 2009, pp. ix+ 262, ISBN 978-0-335-21521-8 (pbk),{\pounds} 22.99},
  author={Pugh, Stephen},
  year={2009},
  publisher={Oxford University Press}
}

@article{house1988social,
  title={Social relationships and health},
  author={House, James S and Landis, Karl R and Umberson, Debra},
  journal={Science},
  volume={241},
  number={4865},
  pages={540--545},
  year={1988},
  publisher={American Association for the Advancement of Science}
}

@misc{agedcareguide_social_support,
  author={{Aged Care Guide}},
  title={Social Support in Your Community},
  year={n.d.},
  url={https://www.agedcareguide.com.au/information/social-support-in-your-community},
  note={Accessed: 2024-09-03}
}

@article{lindsay2018mixed,
  title={A mixed methods case study exploring the impact of membership of a multi-activity, multicentre community group on social wellbeing of older adults},
  author={Lindsay-Smith, Gabrielle and O’Sullivan, Grant and Eime, Rochelle and Harvey, Jack and van Uffelen, Jannique GZ},
  journal={BMC geriatrics},
  volume={18},
  pages={1--14},
  year={2018},
  publisher={Springer}
}

@article{xing2023keeping,
  title={" Keeping the Program Going": Technology Use by Community Organizations to Support the Social Connectedness of Older Adults During the COVID-19 Pandemic},
  author={Xing, Yushan and Kelly, Ryan M and Rogerson, Melissa J and Waycott, Jenny},
  journal={Proceedings of the ACM on Human-Computer Interaction},
  volume={7},
  number={CSCW2},
  pages={1--26},
  year={2023},
  publisher={ACM New York, NY, USA}
}

@phdthesis{brossoie2003community,
  title={Community connections and sense of community among older adults},
  author={Brossoie, Nancy},
  year={2003},
  school={Virginia Tech}
}

@article{markle2018community,
  title={Community program improves quality of life and self-management in older adults with diabetes mellitus and comorbidity},
  author={Markle-Reid, Maureen and Ploeg, Jenny and Fraser, Kimberly D and Fisher, Kathryn A and Bartholomew, Amy and Griffith, Lauren E and Miklavcic, John and Gafni, Amiram and Thabane, Lehana and Upshur, Ross},
  journal={Journal of the American Geriatrics Society},
  volume={66},
  number={2},
  pages={263--273},
  year={2018},
  publisher={Wiley Online Library}
}

@article{salman2021community,
  title={Community health and wellness fair: a strategy for assessment of social determinants of health, inclusion and engagement of newcomers},
  author={Salman, Khlood and Turek, Jaime M and Donovan, Caley},
  journal={Journal of Community Health},
  volume={46},
  number={3},
  pages={527--537},
  year={2021},
  publisher={Springer}
}

@article{eng2002social,
  title={Social ties and change in social ties in relation to subsequent total and cause-specific mortality and coronary heart disease incidence in men},
  author={Eng, Patricia M and Rimm, Eric B and Fitzmaurice, Garrett and Kawachi, Ichiro},
  journal={American journal of epidemiology},
  volume={155},
  number={8},
  pages={700--709},
  year={2002},
  publisher={Oxford University Press}
}

@article{holt2021loneliness,
  title={Loneliness and social isolation as risk factors: The power of social connection in prevention},
  author={Holt-Lunstad, Julianne},
  journal={American Journal of Lifestyle Medicine},
  volume={15},
  number={5},
  pages={567--573},
  year={2021},
  publisher={SAGE Publications Sage CA: Los Angeles, CA}
}

@article{nicholson2012review,
  title={A review of social isolation: an important but underassessed condition in older adults},
  author={Nicholson, Nicholas R},
  journal={The journal of primary prevention},
  volume={33},
  pages={137--152},
  year={2012},
  publisher={Springer}
}

@article{steptoe2013social,
  title={Social isolation, loneliness, and all-cause mortality in older men and women},
  author={Steptoe, Andrew and Shankar, Aparna and Demakakos, Panayotes and Wardle, Jane},
  journal={Proceedings of the National Academy of Sciences},
  volume={110},
  number={15},
  pages={5797--5801},
  year={2013},
  publisher={National Acad Sciences}
}

@book{lau2011chinese,
  title={Chinese Chess: An Introduction to China's Ancient Game of Strategy},
  author={Lau, Hang Tong},
  year={2011},
  publisher={Tuttle Publishing}
}

@article{hu2012effects,
  title={Effects of social activities on cognitive functions: Evidence from CHARLS},
  author={Hu, Yuqing and Lei, Xiaoyan and Smith, James P and Zhao, Yaohui},
  year={2012},
  publisher={RAND Working Paper Series WR-918}
}

@article{shi2023effect,
  title={The effect of the leisure activities based on chess and cards for improving cognition of older adults: study protocol for a cluster randomized controlled trial},
  author={Shi, Xiaojuan and Wang, Yanrong and Wu, Yueping and Li, Jiangping},
  journal={Trials},
  volume={24},
  number={1},
  pages={484},
  year={2023},
  publisher={Springer}
}

@article{lin2023social,
  title={Social activities and long-term depressive-symptoms trajectories among middle-aged and older adults in China: a population-based cohort study},
  author={Lin, Xuhui and Liu, Siyue and Hu, Zhao and Xu, Huilan},
  journal={Frontiers in Psychiatry},
  volume={14},
  pages={1131084},
  year={2023},
  publisher={Frontiers Media SA}
}

@article{lee2018effect,
  title={The effect of leisure activity diversity and exercise time on the prevention of depression in the middle-aged and elderly residents of Taiwan},
  author={Lee, Hsiao-Yun and Yu, Chia-Pin and Wu, Chih-Da and Pan, Wen-Chi},
  journal={International journal of environmental research and public health},
  volume={15},
  number={4},
  pages={654},
  year={2018},
  publisher={MDPI}
}

@article{cibeira2021effectiveness,
  title={Effectiveness of a chess-training program for improving cognition, mood, and quality of life in older adults: A pilot study},
  author={Cibeira, Nuria and Lorenzo-L{\'o}pez, Laura and Maseda, Ana and Blanco-Fandino, Julia and L{\'o}pez-L{\'o}pez, Roc{\'\i}o and Mill{\'a}n-Calenti, Jos{\'e} Carlos},
  journal={Geriatric Nursing},
  volume={42},
  number={4},
  pages={894--900},
  year={2021},
  publisher={Elsevier}
}

@article{bontchev2008mobile,
  title={A mobile chess game},
  author={Bontchev, Boyan},
  year={2008}
}

@misc{qqchess_webpage,
  author={{QQ Chess}},
  title={QQ Chess Login},
  year={n.d.},
  url={https://h5login.qqchess.qq.com/},
  note={Accessed: 2024-09-03}
}

@book{leventhal1978,
  author={Herbert Leventhal},
  title={Chess, A History},
  year={1978},
  publisher={Free PDF Edition},
  url={http://history.chess.free.fr/papers/Leventhal%201978.pdf},
  note={Accessed: 2024-09-03}
}

@article{larregay2018design,
  title={Design and implementation of a computer vision system for an autonomous chess-playing robot},
  author={Larregay, Guillermo and Pinna, Federico and Avila, Luis and Mor{\'a}n, Daniel},
  journal={Journal of Computer Science \& Technology},
  volume={18},
  year={2018}
}

@inproceedings{kolosowski2020collaborative,
  title={Collaborative robot system for playing chess},
  author={Ko{\l}osowski, Pawe{\l} and Wolniakowski, Adam and Miatliuk, Kanstantsin},
  booktitle={2020 International Conference Mechatronic Systems and Materials (MSM)},
  pages={1--6},
  year={2020},
  organization={IEEE}
}

@inproceedings{chen2008remote,
  title={A remote Chinese chess game using mobile phone augmented reality},
  author={Chen, Lieu-Hen and Yu, Chi-Jr and Hsu, Shun-Chin},
  booktitle={Proceedings of the 2008 International Conference on Advances in Computer Entertainment Technology},
  pages={284--287},
  year={2008}
}

@inproceedings{cerron2023multiplayer,
  title={Multiplayer Chess Game Development Using Augmented Reality and 3D Models},
  author={Cerr{\'o}n, Fredy and Villanueva, Ricardo and Barrientos, Alfredo},
  booktitle={2023 11th International Conference on Information and Education Technology (ICIET)},
  pages={562--566},
  year={2023},
  organization={IEEE}
}

@inproceedings{yusof2019collaborative,
  title={Collaborative augmented reality for chess game in handheld devices},
  author={Yusof, Cik Suhaimi and Low, Tian Sheng and Ismail, Ajune Wanis and Sunar, Mohd Shahrizal},
  booktitle={2019 IEEE Conference on Graphics and Media (GAME)},
  pages={32--37},
  year={2019},
  organization={IEEE}
}

@misc{very_real_chess_steam,
  author       = {{Steam Store}},
  title        = {Very Real Chess},
  year         = {n.d.},
  url          = {https://store.steampowered.com/app/526090/Very_Real_Chess/},
  note         = {Accessed: 2024-09-03}
}

@misc{chess_vr_multiverse_journey_steam,
  author       = {{Steam Store}},
  title        = {Chess VR: Multiverse Journey},
  year         = {n.d.},
  url          = {https://store.steampowered.com/app/2054100/Chess_VR_Multiverse_Journey/},
  note         = {Accessed: 2024-09-03}
}

@misc{vrchat_chess_world,
  author       = {{VRChat}},
  title        = {VRChat World: Chess VR Multiverse},
  year         = {n.d.},
  url          = {https://vrchat.com/home/world/wrld_e0434a34-2f64-4e89-99da-8e3b4a86ffe4},
  note         = {Accessed: 2024-09-03}
}

@article{kreijns2022social,
  title={Social presence: Conceptualization and measurement},
  author={Kreijns, Karel and Xu, Kate and Weidlich, Joshua},
  journal={Educational Psychology Review},
  volume={34},
  number={1},
  pages={139--170},
  year={2022},
  publisher={Springer}
}

@article{short1976social,
  title={The social psychology of telecommunications},
  author={Short, John and Williams, Ederyn and Christie, Bruce},
  journal={(No Title)},
  year={1976}
}

@article{biocca2003toward,
  title={Toward a more robust theory and measure of social presence: Review and suggested criteria},
  author={Biocca, Frank and Harms, Chad and Burgoon, Judee K},
  journal={Presence: Teleoperators \& virtual environments},
  volume={12},
  number={5},
  pages={456--480},
  year={2003},
  publisher={MIT press One Rogers Street, Cambridge, MA 02142-1209, USA journals-info~…}
}

@inproceedings{li2021social,
  title={Social VR: A new medium for remote communication and collaboration},
  author={Li, Jie and Vinayagamoorthy, Vinoba and Williamson, Julie and Shamma, David A and Cesar, Pablo},
  booktitle={Extended Abstracts of the 2021 CHI Conference on Human Factors in Computing Systems},
  pages={1--6},
  year={2021}
}

@inproceedings{piitulainen2022vibing,
  title={Vibing together: Dance experiences in social virtual reality},
  author={Piitulainen, Roosa and H{\"a}m{\"a}l{\"a}inen, Perttu and Mekler, Elisa D},
  booktitle={Proceedings of the 2022 CHI Conference on Human Factors in Computing Systems},
  pages={1--18},
  year={2022}
}

@inproceedings{zamanifard2019togetherness,
  title={" The Togetherness that We Crave" Experiencing Social VR in Long Distance Relationships},
  author={Zamanifard, Samaneh and Freeman, Guo},
  booktitle={Companion Publication of the 2019 Conference on Computer Supported Cooperative Work and Social Computing},
  pages={438--442},
  year={2019}
}

@inproceedings{deighan2023social,
  title={Social virtual reality as a mental health tool: how people use VRChat to support social connectedness and wellbeing},
  author={Deighan, Mairi Therese and Ayobi, Amid and O'Kane, Aisling Ann},
  booktitle={Proceedings of the 2023 CHI Conference on Human Factors in Computing Systems},
  pages={1--13},
  year={2023}
}

@article{freeman2022working,
  title={Working together apart through embodiment: Engaging in everyday collaborative activities in social Virtual Reality},
  author={Freeman, Guo and Acena, Dane and McNeese, Nathan J and Schulenberg, Kelsea},
  journal={Proceedings of the ACM on Human-Computer Interaction},
  volume={6},
  number={GROUP},
  pages={1--25},
  year={2022},
  publisher={ACM New York, NY, USA}
}

@inproceedings{mcveigh2018s,
  title={What's It Mean to" Be Social" in VR? Mapping the Social VR Design Ecology},
  author={McVeigh-Schultz, Joshua and M{\'a}rquez Segura, Elena and Merrill, Nick and Isbister, Katherine},
  booktitle={Proceedings of the 2018 ACM conference companion publication on designing interactive systems},
  pages={289--294},
  year={2018}
}

@inproceedings{li2019measuring,
  title={Measuring and understanding photo sharing experiences in social virtual reality},
  author={Li, Jie and Kong, Yiping and R{\"o}ggla, Thomas and De Simone, Francesca and Ananthanarayan, Swamy and De Ridder, Huib and El Ali, Abdallah and Cesar, Pablo},
  booktitle={Proceedings of the 2019 CHI Conference on Human Factors in Computing Systems},
  pages={1--14},
  year={2019}
}

@inproceedings{smith2018communication,
  title={Communication behavior in embodied virtual reality},
  author={Smith, Harrison Jesse and Neff, Michael},
  booktitle={Proceedings of the 2018 CHI conference on human factors in computing systems},
  pages={1--12},
  year={2018}
}

@article{gonzalez2018avatar,
  title={Avatar embodiment. towards a standardized questionnaire},
  author={Gonzalez-Franco, Mar and Peck, Tabitha C},
  journal={Frontiers in Robotics and AI},
  volume={5},
  pages={74},
  year={2018},
  publisher={Frontiers Media SA}
}

@article{blackwell2019harassment,
  title={Harassment in social virtual reality: Challenges for platform governance},
  author={Blackwell, Lindsay and Ellison, Nicole and Elliott-Deflo, Natasha and Schwartz, Raz},
  journal={Proceedings of the ACM on Human-Computer Interaction},
  volume={3},
  number={CSCW},
  pages={1--25},
  year={2019},
  publisher={ACM New York, NY, USA}
}

@article{appel2020older,
  title={Older adults with cognitive and/or physical impairments can benefit from immersive virtual reality experiences: A feasibility study},
  author={Appel, Lora and Appel, Eva and Bogler, Orly and Wiseman, Micaela and Cohen, Leedan and Ein, Natalie and Abrams, Howard B and Campos, Jennifer L},
  journal={Frontiers in medicine},
  volume={6},
  pages={329},
  year={2020},
  publisher={Frontiers Media SA}
}

@article{mirelman2016addition,
  title={Addition of a non-immersive virtual reality component to treadmill training to reduce fall risk in older adults (V-TIME): a randomised controlled trial},
  author={Mirelman, Anat and Rochester, Lynn and Maidan, Inbal and Del Din, Silvia and Alcock, Lisa and Nieuwhof, Freek and Rikkert, Marcel Olde and Bloem, Bastiaan R and Pelosin, Elisa and Avanzino, Laura and others},
  journal={The Lancet},
  volume={388},
  number={10050},
  pages={1170--1182},
  year={2016},
  publisher={Elsevier}
}

@article{roberts2019older,
  title={Older adults’ experiences with audiovisual virtual reality: Perceived usefulness and other factors influencing technology acceptance},
  author={Roberts, Amy Restorick and De Schutter, Bob and Franks, Kelley and Radina, M Elise},
  journal={Clinical gerontologist},
  volume={42},
  number={1},
  pages={27--33},
  year={2019},
  publisher={Taylor \& Francis}
}

@inproceedings{eisapour2018game,
  title={Game design for users with constraint: exergame for older adults with cognitive impairment},
  author={Eisapour, Mahzar and Cao, Shi and Boger, Jennifer},
  booktitle={Adjunct Proceedings of the 31st Annual ACM Symposium on User Interface Software and Technology},
  pages={128--130},
  year={2018}
}

@article{dickens2011interventions,
  title={Interventions targeting social isolation in older people: a systematic review},
  author={Dickens, Andy P and Richards, Suzanne H and Greaves, Colin J and Campbell, John L},
  journal={BMC public health},
  volume={11},
  pages={1--22},
  year={2011},
  publisher={Springer}
}

@article{baker2021school,
  title={School's back: scaffolding reminiscence in social virtual reality with older adults},
  author={Baker, Steven and Kelly, Ryan M and Waycott, Jenny and Carrasco, Romina and Bell, Roger and Joukhadar, Zaher and Hoang, Thuong and Ozanne, Elizabeth and Vetere, Frank},
  journal={Proceedings of the ACM on human-computer interaction},
  volume={4},
  number={CSCW3},
  pages={1--25},
  year={2021},
  publisher={ACM New York, NY, USA}
}

@article{baker2019interrogating,
  title={Interrogating social virtual reality as a communication medium for older adults},
  author={Baker, Steven and Kelly, Ryan M and Waycott, Jenny and Carrasco, Romina and Hoang, Thuong and Batchelor, Frances and Ozanne, Elizabeth and Dow, Briony and Warburton, Jeni and Vetere, Frank},
  journal={Proceedings of the ACM on human-computer interaction},
  volume={3},
  number={CSCW},
  pages={1--24},
  year={2019},
  publisher={ACM New York, NY, USA}
}

@inproceedings{baker2021avatar,
  title={Avatar-mediated communication in social VR: an in-depth exploration of older adult interaction in an emerging communication platform},
  author={Baker, Steven and Waycott, Jenny and Carrasco, Romina and Kelly, Ryan M and Jones, Anthony John and Lilley, Jack and Dow, Briony and Batchelor, Frances and Hoang, Thuong and Vetere, Frank},
  booktitle={Proceedings of the 2021 CHI conference on human factors in computing systems},
  pages={1--13},
  year={2021}
}

@inproceedings{baker2019exploring,
  title={Exploring the design of social VR experiences with older adults},
  author={Baker, Steven and Waycott, Jenny and Carrasco, Romina and Hoang, Thuong and Vetere, Frank},
  booktitle={Proceedings of the 2019 on Designing Interactive Systems Conference},
  pages={303--315},
  year={2019}
}

@article{afifi2023using,
  title={Using virtual reality to improve the quality of life of older adults with cognitive impairments and their family members who live at a distance},
  author={Afifi, Tamara and Collins, Nancy and Rand, Kyle and Otmar, Chris and Mazur, Allison and Dunbar, Norah E and Fujiwara, Ken and Harrison, Kathryn and Logsdon, Rebecca},
  journal={Health Communication},
  volume={38},
  number={9},
  pages={1904--1915},
  year={2023},
  publisher={Taylor \& Francis}
}

@inproceedings{wei2023bridging,
  title={Bridging the generational gap: exploring how virtual reality supports remote communication between grandparents and grandchildren},
  author={Wei, Xiaoying and Gu, Yizheng and Kuang, Emily and Wang, Xian and Cao, Beiyan and Jin, Xiaofu and Fan, Mingming},
  booktitle={Proceedings of the 2023 CHI Conference on Human Factors in Computing Systems},
  pages={1--15},
  year={2023}
}

@article{siriaraya2012characteristics,
  title={Characteristics and usage patterns of older people in a 3D online multi-user virtual environment},
  author={Siriaraya, Panote and Ang, Chee Siang},
  journal={Computers in Human Behavior},
  volume={28},
  number={5},
  pages={1873--1882},
  year={2012},
  publisher={Elsevier}
}

@article{siriaraya2019social,
  title={The social interaction experiences of older people in a 3D virtual environment},
  author={Siriaraya, Panote and Ang, Chee Siang},
  journal={Perspectives on Human-Computer Interaction Research with Older People},
  pages={101--117},
  year={2019},
  publisher={Springer}
}

@article{siriaraya2014exploring,
  title={Exploring the potential of virtual worlds in engaging older people and supporting healthy aging},
  author={Siriaraya, Panote and Ang, Chee Siang and Bobrowicz, Ania},
  journal={Behaviour \& Information Technology},
  volume={33},
  number={3},
  pages={283--294},
  year={2014},
  publisher={Taylor \& Francis}
}

@inproceedings{xu2023designing,
  title={Designing virtual environments for social engagement in older adults: a qualitative multi-site study},
  author={Xu, Tong Bill and Mostafavi, Armin and Kim, Benjamin C and Lee, Angella Anyi and Boot, Walter and Czaja, Sara and Kalantari, Saleh},
  booktitle={Proceedings of the 2023 CHI Conference on Human Factors in Computing Systems},
  pages={1--15},
  year={2023}
}

@inproceedings{yassien2020design,
  title={A design space for social presence in VR},
  author={Yassien, Amal and ElAgroudy, Passant and Makled, Elhassan and Abdennadher, Slim},
  booktitle={Proceedings of the 11th Nordic Conference on Human-Computer Interaction: Shaping Experiences, Shaping Society},
  pages={1--12},
  year={2020}
}

@article{yang2020effects,
  title={The effects of spatial auditory and visual cues on mixed reality remote collaboration},
  author={Yang, Jing and Sasikumar, Prasanth and Bai, Huidong and Barde, Amit and S{\"o}r{\"o}s, G{\'a}bor and Billinghurst, Mark},
  journal={Journal on Multimodal User Interfaces},
  volume={14},
  number={4},
  pages={337--352},
  year={2020},
  publisher={Springer}
}

@inproceedings{mcveigh2019shaping,
  title={Shaping pro-social interaction in VR: an emerging design framework},
  author={McVeigh-Schultz, Joshua and Kolesnichenko, Anya and Isbister, Katherine},
  booktitle={Proceedings of the 2019 CHI conference on human factors in computing systems},
  pages={1--12},
  year={2019}
}

@inproceedings{harris2019asymmetry,
  title={To asymmetry and beyond! Improving social connectedness by increasing designed interdependence in cooperative play},
  author={Harris, John and Hancock, Mark},
  booktitle={Proceedings of the 2019 CHI conference on human factors in computing systems},
  pages={1--12},
  year={2019}
}

@misc{unity_vr_multiplayer_template,
  title = {Unity VR Multiplayer Template Documentation},
  author = {{Unity Technologies}},
  year = {2024},
  url = {https://docs.unity3d.com/Packages/com.unity.template.vr-multiplayer@2.0/manual/index.html},
  note = {Accessed: 2024-09-03}
}

@article{carroll2017conceptualization,
  title={The conceptualization and construction of the Self in a Social Context—Social Connectedness Scale: A multidimensional scale for high school students},
  author={Carroll, Annemaree and Bower, Julie M and Muspratt, Sandy},
  journal={International Journal of Educational Research},
  volume={81},
  pages={97--107},
  year={2017},
  publisher={Elsevier}
}

@article{lewis2018system,
  title={The system usability scale: past, present, and future},
  author={Lewis, James R},
  journal={International Journal of Human--Computer Interaction},
  volume={34},
  number={7},
  pages={577--590},
  year={2018},
  publisher={Taylor \& Francis}
}

@article{reissman1993shared,
  title={Shared activities and marital satisfaction: Causal direction and self-expansion versus boredom},
  author={Reissman, Charlotte and Aron, Arthur and Bergen, Merlynn R},
  journal={Journal of Social and Personal Relationships},
  volume={10},
  number={2},
  pages={243--254},
  year={1993},
  publisher={Sage Publications Sage CA: Thousand Oaks, CA}
}

@inproceedings{evjemo2004supporting,
  title={Supporting the distributed family: the need for a conversational context},
  author={Evjemo, Bente and Svendsen, Gunnvald B and Rinde, Eivind and Johnsen, Jan-Are K},
  booktitle={Proceedings of the third Nordic conference on Human-computer interaction},
  pages={309--312},
  year={2004}
}

@article{richter2018relations,
  title={Relations among maternal life satisfaction, shared activities, and child well-being},
  author={Richter, Nina and Bond{\"u}, Rebecca and Spiess, C Katharina and Wagner, Gert G and Trommsdorff, Gisela},
  journal={Frontiers in psychology},
  volume={9},
  pages={739},
  year={2018},
  publisher={Frontiers Media SA}
}

@article{viguer2010grandparent,
  title={Grandparent-grandchild relationships from the children's perspective: Shared activities and socialization styles},
  author={Viguer, Paz and Mel{\'e}ndez, Juan Carlos and Valencia, Sandra and Cantero, M{\textordfeminine} Jos{\'e} and Navarro, Esperanza},
  journal={The Spanish journal of psychology},
  volume={13},
  number={2},
  pages={708--717},
  year={2010},
  publisher={Cambridge University Press}
}

@inproceedings{du2024lightsword,
  title={LightSword: A Customized Virtual Reality Exergame for Long-Term Cognitive Inhibition Training in Older Adults},
  author={Du, Qiuxin and Song, Zhen and Jiang, Haiyan and Wei, Xiaoying and Weng, Dongdong and Fan, Mingming},
  booktitle={Proceedings of the CHI Conference on Human Factors in Computing Systems},
  pages={1--17},
  year={2024}
}

@inproceedings{thach2020older,
  title={How older adults respond to the use of virtual reality for enrichment: a systematic review},
  author={Thach, Kong Saoane and Lederman, Reeva and Waycott, Jenny},
  booktitle={Proceedings of the 32nd Australian Conference on Human-Computer Interaction},
  pages={303--313},
  year={2020}
}

@article{baker2020evaluating,
  title={Evaluating the use of interactive virtual reality technology with older adults living in residential aged care},
  author={Baker, Steven and Waycott, Jenny and Robertson, Elena and Carrasco, Romina and Neves, Barbara Barbosa and Hampson, Ralph and Vetere, Frank},
  journal={Information Processing \& Management},
  volume={57},
  number={3},
  pages={102105},
  year={2020},
  publisher={Elsevier}
}

@article{bernardo2020role,
  title={The role of cultural engagement for older adults: an integrative review of scientific literature},
  author={Bernardo, Lilian Dias and Carvalho, Claudia Reinoso Ara{\'u}jo de},
  journal={Revista Brasileira de Geriatria e Gerontologia},
  volume={23},
  number={06},
  pages={e190141},
  year={2020},
  publisher={SciELO Brasil}
}

@article{cohen2006impact,
  title={The impact of professionally conducted cultural programs on the physical health, mental health, and social functioning of older adults},
  author={Cohen, Gene D and Perlstein, Susan and Chapline, Jeff and Kelly, Jeanne and Firth, Kimberly M and Simmens, Samuel},
  journal={The Gerontologist},
  volume={46},
  number={6},
  pages={726--734},
  year={2006},
  publisher={Oxford University Press}
}

@inproceedings{yuan2021tabletop,
  title={Tabletop games in the age of remote collaboration: Design opportunities for a socially connected game experience},
  author={Yuan, Ye and Cao, Jan and Wang, Ruotong and Yarosh, Svetlana},
  booktitle={Proceedings of the 2021 CHI Conference on Human Factors in Computing Systems},
  pages={1--14},
  year={2021}
}

@article{huang2008social,
  title={Social interaction design in cultural context: A case study of a traditional social activity},
  author={Huang, Ko-Hsun and Deng, Yi-Shin},
  journal={International journal of Design},
  volume={2},
  number={2},
  year={2008},
  publisher={Citeseer}
}

@inproceedings{li2024designing,
  title={Designing a Multisensory VR Game Prototype for Older Adults-the Acceptability and Design Implications},
  author={Li, Xiaoxuan and Ren, Xiangshi and Suzuki, Xin and Yamaji, Naoaki and Fung, Kin Wa and Gondo, Yasuyuki},
  booktitle={Proceedings of the CHI Conference on Human Factors in Computing Systems},
  pages={1--18},
  year={2024}
}

@inproceedings{Lee2023,
  author = {I-jui Lee and Pan Xin-Ting},
  title = {Multisensory Virtual Reality Reminiscence Therapy: A Preliminary Study on the Initial Impact on Memory and Spatial Judgment Abilities in Older Adults},
  booktitle = {AHFE International Conference on Human Factors in Virtual Environments and Game Design},
  year = {2023},
  publisher = {AHFE Open Access},
  address = {New York, USA},
  doi = {10.54941/ahfe1004984},
  url  = {https://openaccess.cms-conferences.org/publications/book/978-1-964867-13-7/article/978-1-964867-13-7_3}
}

@inproceedings{dubosc2021impact,
  title={Impact of avatar anthropomorphism and task type on social presence in immersive collaborative virtual environments},
  author={Dubosc, Charlotte and Gorisse, Geoffrey and Christmann, Olivier and Fleury, Sylvain and Poinsot, Killian and Richir, Simon},
  booktitle={2021 IEEE Conference on Virtual Reality and 3D User Interfaces Abstracts and Workshops (VRW)},
  pages={438--439},
  year={2021},
  organization={IEEE}
}

@inproceedings{drey2022towards,
  title={Towards collaborative learning in virtual reality: A comparison of co-located symmetric and asymmetric pair-learning},
  author={Drey, Tobias and Albus, Patrick and der Kinderen, Simon and Milo, Maximilian and Segschneider, Thilo and Chanzab, Linda and Rietzler, Michael and Seufert, Tina and Rukzio, Enrico},
  booktitle={Proceedings of the 2022 CHI conference on human factors in computing systems},
  pages={1--19},
  year={2022}
}

@inproceedings{karahalios2004telemurals,
  title={Telemurals: linking remote spaces with social catalysts},
  author={Karahalios, Karrie and Donath, Judith},
  booktitle={Proceedings of the SIGCHI conference on Human factors in computing systems},
  pages={615--622},
  year={2004}
}

@inproceedings{roth2018beyond,
  title={Beyond replication: Augmenting social behaviors in multi-user virtual realities},
  author={Roth, Daniel and Klelnbeck, Constantin and Feigl, Tobias and Mutschler, Christopher and Latoschik, Marc Erich},
  booktitle={2018 IEEE Conference on Virtual Reality and 3D User Interfaces (VR)},
  pages={215--222},
  year={2018},
  organization={IEEE}
}

@article{siriaraya2014exploring,
  title={Exploring the potential of virtual worlds in engaging older people and supporting healthy aging},
  author={Siriaraya, Panote and Ang, Chee Siang and Bobrowicz, Ania},
  journal={Behaviour \& Information Technology},
  volume={33},
  number={3},
  pages={283--294},
  year={2014},
  publisher={Taylor \& Francis}
}

@inproceedings{mills2023remote,
  title={Remote Wavelength: Design and Evaluation of a System for Social Connectedness Through Distributed Tabletop Gameplay},
  author={Mills, Chelsea and Geiskkovitch, Denise Y and Neustaedter, Carman and Odom, William and Axtell, Benett},
  booktitle={Proceedings of the 2023 CHI Conference on Human Factors in Computing Systems},
  pages={1--19},
  year={2023}
}

@inproceedings{sykownik2023vr,
  title={VR almost there: simulating co-located multiplayer experiences in social virtual reality},
  author={Sykownik, Philipp and Karaosmanoglu, Sukran and Emmerich, Katharina and Steinicke, Frank and Masuch, Maic},
  booktitle={Proceedings of the 2023 CHI Conference on Human Factors in Computing Systems},
  pages={1--19},
  year={2023}
}

@article{brown2019exploration,
  title={An exploration of virtual reality use and application among older adult populations},
  author={Brown, Julie A},
  journal={Gerontology and Geriatric Medicine},
  volume={5},
  pages={2333721419885287},
  year={2019},
  publisher={SAGE Publications Sage CA: Los Angeles, CA}
}

@article{seifert2021use,
  title={The use of virtual and augmented reality by older adults: Potentials and challenges},
  author={Seifert, Alexander and Schlomann, Anna},
  journal={Frontiers in Virtual Reality},
  volume={2},
  pages={639718},
  year={2021},
  publisher={Frontiers}
}

@misc{nvivo2024,
  author={Lumivero},
  title={NVivo},
  year={2024},
  url={https://lumivero.com/products/nvivo/},
  note={Accessed: 2024-12-05}
}

@book{corbin2014basics,
  title={Basics of qualitative research: Techniques and procedures for developing grounded theory},
  author={Corbin, Juliet and Strauss, Anselm},
  year={2014},
  publisher={Sage publications}
}