% Encoding: UTF-8


@article{liu2023joint,
  title={Joint user association and beamforming in integrated satellite-{HAPS}-ground networks},
  author={Liu, Shasha and Dahrouj, Hayssam and Alouini, Mohamed-Slim},
  journal={IEEE Trans. Veh. Technol.},
  year={2023},
  publisher={IEEE}
}

@article{shamsabadi2024enhancing,
  title={Enhancing next-generation urban connectivity: Is the integrated {HAPS}-terrestrial network a solution?},
  author={Shamsabadi, Afsoon Alidadi and Yadav, Animesh and Yanikomeroglu, Halim},
  journal={IEEE Commun. Lett.},
  year={2024},
  publisher={IEEE}
}



  booktitle={GLOBECOM 2023-2023 IEEE Global Communications Conference},
  organization={IEEE}
@inproceedings{he2023joint,
  title={Joint User Association and Beamforming Design in Multi-Operator Networks: A Symbiotic Communication Perspective},
  author={He, Shizhao and Ge, Jungang and Liang, Ying-Chang},
  booktitle={2023 IEEE Global Commun. Conf. (GLOBECOM)},
  pages={5955--5960},
  year={2023},
}
  organization={IEEE}
@inproceedings{zhou2024dynamic,
  title={Dynamic Coordinated Beamforming in Cognitive Aerial-Terrestrial Networks: A Safe {DRL} Approach},
  author={Zhou, Zizhen and Zhang, Qianqian and Ge, Jungang},
  booktitle={Proc. IEEE Global Commun. Conf. (GLOBECOM)},
  year={2024},
}
 Zizhen Zhou∗, Qianqian Zhang∗, and Jungang Ge

@inproceedings{nair2005networked,
  title={Networked distributed POMDPs: A synthesis of distributed constraint optimization and {POMDPs}},
  author={Nair, Ranjit and Varakantham, Pradeep and Tambe, Milind and Yokoo, Makoto},
  booktitle={AAAI},
  volume={5},
  pages={133--139},
  year={2005}
}

  journal={Artificial Intelligence},
@article{gu2023safe,
  title={Safe multi-agent reinforcement learning for multi-robot control},
  author={Gu, Shangding and Kuba, Jakub Grudzien and Chen, Yuanpei and Du, Yali and Yang, Long and Knoll, Alois and Yang, Yaodong},
  journal={Artif. Intell.},
  volume={319},
  pages={103905},
  year={2023},
  publisher={Elsevier}
}

@article{bernstein2002complexity,
  title={The complexity of decentralized control of Markov decision processes},
  author={Bernstein, Daniel S and Givan, Robert and Immerman, Neil and Zilberstein, Shlomo},
  journal={Mathematics of operations research},
  volume={27},
  number={4},
  pages={819--840},
  year={2002},
  publisher={INFORMS}
}

  booktitle={Proceedings of the AAAI conference on artificial intelligence},
@inproceedings{van2016deep,
  title={Deep reinforcement learning with double q-learning},
  author={Van Hasselt, Hado and Guez, Arthur and Silver, David},
  booktitle={Proc. AAAI Conf. Artif. Intell.},
  volume={30},
  number={1},
  year={2016}
}

  booktitle={International conference on machine learning},
  organization={PMLR}
@inproceedings{wang2016dueling,
  title={Dueling network architectures for deep reinforcement learning},
  author={Wang, Ziyu and Schaul, Tom and Hessel, Matteo and Hasselt, Hado and Lanctot, Marc and Freitas, Nando},
  booktitle={Proc. Int. Conf. Mach. Learn.},
  pages={1995--2003},
  year={2016},
}

@article{schulman2017proximal,
  title={Proximal policy optimization algorithms},
  author={Schulman, John and Wolski, Filip and Dhariwal, Prafulla and Radford, Alec and Klimov, Oleg},
  journal={arXiv preprint arXiv:1707.06347},
  year={2017}
}

  journal={Frontiers of Information Technology \& Electronic Engineering},
@article{zhang2021decentralized,
  title={Decentralized multi-agent reinforcement learning with networked agents: Recent advances},
  author={Zhang, Kaiqing and Yang, Zhuoran and Ba{\c{s}}ar, Tamer},
  journal={Frontiers Inf. Technol. Electron.  Eng.},
  volume={22},
  number={6},
  pages={802--814},
  year={2021},
  publisher={Springer}
} 

@article{feriani2021single,
  title={Single and multi-agent deep reinforcement learning for {AI}-enabled wireless networks: A tutorial},
  author={Feriani, Amal and Hossain, Ekram},
  journal={IEEE Commun. Surv. Tut.},
  volume={23},
  number={2},
  pages={1226--1252},
  year={2021},
  publisher={IEEE}
}

  booktitle={2010 IEEE 71st Vehicular Technology Conference},
  booktitle={2010 {IEEE} 71st Veh. Technol. Conf. (VTC2021-Spring)},
  organization={IEEE}
@inproceedings{mahmoud2010performance,
  title={Performance of open access femtocell networks with different cell-selection methods},
  author={Mahmoud, Hisham A and G{\"u}ven{\c{c}}, Ismail and Watanabe, Fujio},
  booktitle={Proc. {IEEE} Veh. Technol. Conf. (VTC-Spring)},
  pages={1--5},
  year={2010},
}
@article{wang2018handover,
  title={Handover control in wireless systems via asynchronous multiuser deep reinforcement learning},
  author={Wang, Zhi and Li, Lihua and Xu, Yue and Tian, Hui and Cui, Shuguang},
  journal={IEEE Internet Things J.},
  volume={5},
  number={6},
  pages={4296--4307},
  year={2018},
  publisher={IEEE}
}

@article{cao2020deep,
  title={Deep reinforcement learning for multi-user access control in non-terrestrial networks},
  author={Cao, Yang and Lien, Shao-Yu and Liang, Ying-Chang},
  journal={IEEE Trans. Commun.},
  volume={69},
  number={3},
  pages={1605--1619},
  year={2020},
  publisher={IEEE}
}

@article{guo2020joint,
  title={Joint optimization of handover control and power allocation based on multi-agent deep reinforcement learning},
  author={Guo, Delin and Tang, Lan and Zhang, Xinggan and Liang, Ying-Chang},
  journal={IEEE Trans. Veh. Technol.},
  volume={69},
  number={11},
  pages={13124--13138},
  year={2020},
  publisher={IEEE}
}

@article{naderializadeh2021resource,
  title={Resource management in wireless networks via multi-agent deep reinforcement learning},
  author={Naderializadeh, Navid and Sydir, Jaroslaw J and Simsek, Meryem and Nikopour, Hosein},
  journal={IEEE Trans. Wireless Commun.},
  volume={20},
  number={6},
  pages={3507--3523},
  year={2021},
  publisher={IEEE}
}

@article{yang2022distributed,
  title={Distributed deep reinforcement learning-based spectrum and power allocation for heterogeneous networks},
  author={Yang, Helin and Zhao, Jun and Lam, Kwok-Yan and Xiong, Zehui and Wu, Qingqing and Xiao, Liang},
  journal={IEEE Trans. Wireless Commun.},
  volume={21},
  number={9},
  pages={6935--6948},
  year={2022},
  publisher={IEEE}
}

  journal={IEEE Transactions on Network Science and Engineering},
@article{alwarafy2022hierarchical,
  title={Hierarchical multi-agent {DRL}-based framework for joint multi-{RAT} assignment and dynamic resource allocation in next-generation {HetNets}},
  author={Alwarafy, Abdulmalik and {\c{C}}iftler, Bekir Sait and Abdallah, Mohamed and Hamdi, Mounir and Al-Dhahir, Naofal},
  journal={IEEE Trans. Netw. Sci. Eng.},
  volume={9},
  number={4},
  pages={2481--2494},
  year={2022},
  publisher={IEEE}
}

@article{sanjabi2014optimal,
  title={Optimal joint base station assignment and beamforming for heterogeneous networks},
  author={Sanjabi, Maziar and Razaviyayn, Meisam and Luo, Zhi-Quan},
  journal={IEEE Trans. Signal Process.},
  volume={62},
  number={8},
  pages={1950--1961},
  year={2014},
  publisher={IEEE}
}

@article{shen2014distributed,
  title={Distributed pricing-based user association for downlink heterogeneous cellular networks},
  author={Shen, Kaiming and Yu, Wei},
  journal={IEEE J. Sel. Areas Commun.},
  volume={32},
  number={6},
  pages={1100--1113},
  year={2014},
  publisher={IEEE}
}

@article{xie2017sinr,
  title={{SINR} balancing via base station association, beamforming, and power control in downlink multicell {MISO} systems},
  author={Xie, Mengjie and Lok, Tat-Ming},
  journal={IEEE Trans. Wireless Commun.},
  volume={17},
  number={3},
  pages={1811--1821},
  year={2017},
  publisher={IEEE}
}

@article{dong2017joint,
  author={Dong, Rui and Li, Ang and Hardjawana, Wibowo and Li, Yonghui and Ge, Xiaohu and Vucetic, Branka},
  journal={IEEE Trans. Veh. Technol.},
  title={Joint Beamforming and User Association Scheme for Full-Dimension Massive {MIMO} Networks}, 
  year={2019},
  volume={68},
  number={8},
  pages={7733-7746},
  keywords={Array signal processing;Optimization;MIMO communication;Antenna arrays;Linear matrix inequalities;Interference;Directive antennas;Cooperative Beamforming;Full-Dimension;Massive MIMO;User Association;Gaussian Belief Propagation},
  doi={10.1109/TVT.2019.2923415}}


  booktitle={ICC 2023-IEEE International Conference on Communications},
  organization={IEEE}
@inproceedings{yu2023distributed,
  title={Distributed two-tier {DRL} framework for cell-free network: Association, beamforming and power allocation},
  author={Yu, Kaiwen and Zhao, Chonghao and Wu, Gang and Li, Geoffrey Ye},
  booktitle={Proc. {IEEE} Int. Conf. Commun. (ICC)},
  pages={1830--1836},
  year={2023},
}






%   journal={SIAM Journal on imaging sciences},
@article{xu2013block,
  title={A block coordinate descent method for regularized multiconvex optimization with applications to nonnegative tensor factorization and completion},
  author={Xu, Yangyang and Yin, Wotao},
  journal={SIAM J. Imag. Sci.},
  volume={6},
  number={3},
  pages={1758--1789},
  year={2013},
  publisher={SIAM}
}




booktitle
  journal={Advances in Neural Information Processing Systems},
@article{yang2022constrained,
  title={Constrained update projection approach to safe policy optimization},
  author={Yang, Long and Ji, Jiaming and Dai, Juntao and Zhang, Linrui and Zhou, Binbin and Li, Pengfei and Yang, Yaodong and Pan, Gang},
  journal={Proc. Adv. Neural Inf. Process. Syst.},
  volume={35},
  pages={9111--9124},
  year={2022}
}


@inproceedings{lillicrap2015continuous,
  title={Continuous control with deep reinforcement learning},
  author={Lillicrap, Timothy P and Hunt, Jonathan J and Pritzel, Alexander and Heess, Nicolas and Erez, Tom and Tassa, Yuval and Silver, David and Wierstra, Daan},
  booktitle={Proc. Int. Conf. Learn. Represent. (ICLR)},
  year={2016},
}
%   journal={arXiv preprint arXiv:1509.02971},
%   year={2015}
% T. P. Lillicrap, J. J. Hunt, A. Pritzel, N. Heess, T. Erez, Y. Tassa, D. Silver, and D. Wierstra, “Continuous control with deep reinforcement learning.” in Int. Conf. Learn. Represent. (ICLR), San Juan, Puerto Rico, 2016.

%   booktitle={International conference on machine learning},
  organization={PMLR}
@inproceedings{achiam2017constrained,
  title={Constrained policy optimization},
  author={Achiam, Joshua and Held, David and Tamar, Aviv and Abbeel, Pieter},
  booktitle={Proc. Int. Conf. Mach. Learn.},
  pages={22--31},
  year={2017},
}

% Adv. Neural Inf. Process. Syst.
%   journal={Advances in Neural Information Processing Systems},
% FOCOPS
@article{zhang2020first,
  title={First order constrained optimization in policy space},
  author={Zhang, Yiming and Vuong, Quan and Ross, Keith},
  journal={Proc. Adv. Neural Inf. Process. Syst.},
  volume={33},
  pages={15338--15349},
  year={2020}
}

@article{zhao2019deep,
  title={Deep reinforcement learning for user association and resource allocation in heterogeneous cellular networks},
  author={Zhao, Nan and Liang, Ying-Chang and Niyato, Dusit and Pei, Yiyang and Wu, Minghu and Jiang, Yunhao},
  journal={IEEE Trans. Wireless Commun.},
  volume={18},
  number={11},
  pages={5141--5152},
  year={2019},
  publisher={IEEE}
}



@article{xu2024learning,
  title={Learning-Based Energy Minimization Optimization for {IRS}-Assisted Master-Auxiliary-{UAV}-Enabled Wireless-Powered {IoT} Networks},
  author={Xu, Jingren and Kang, Xin and Yi, Peng and Liang, Ying-Chang},
  journal={IEEE Internet Things J.},
  year={2024},
  publisher={IEEE}
}

@article{mismar2019deep,
  title={Deep reinforcement learning for {5G} networks: Joint beamforming, power control, and interference coordination},
  author={Mismar, Faris B and Evans, Brian L and Alkhateeb, Ahmed},
  journal={IEEE Trans. Commun.},
  volume={68},
  number={3},
  pages={1581--1592},
  year={2019},
  publisher={IEEE}
}


@article{ge2024deep,
author={Ge, Jungang and Liang, Ying-Chang and Zhang, Liao and Long, Ruizhe and Sun, Sumei},
journal={IEEE Trans. Wireless Commun.},
title={Deep Reinforcement Learning for Distributed Dynamic Coordinated Beamforming in Massive {MIMO} Cellular Networks}, 
year={2024},
volume={23},
number={5},
pages={4155-4169},
keywords={Array signal processing;Optimization;Cellular networks;Massive MIMO;Computational complexity;Iterative algorithms;Downlink;Deep reinforcement learning;distributed coordinated beamforming;massive MIMO cellular network},
doi={10.1109/TWC.2023.3314930}
}

@article{bai2022distributed,
title={Distributed noncoherent joint transmission based on multi-agent reinforcement learning for dense small cell networks},
author={Bai, Shaozhuang and Gao, Zhenzhen and Liao, Xuewen},
journal={IEEE Trans. Commun.},
volume={71},
number={2},
pages={851--863},
year={2022},
publisher={IEEE}
}

@article{bai2024distributed,
  title={Distributed Noncoherent Joint Transmission Based on Multi-Agent Reinforcement Learning for Dense Small Cell {MISO} Systems},
  author={Bai, Shaozhuang and Gao, Zhenzhen and Liao, Xuewen},
  journal={arXiv preprint arXiv:2408.12067},
  year={2024}
}

@article{shi2011iteratively,
  title={An iteratively weighted {MMSE} approach to distributed sum-utility maximization for a {MIMO} interfering broadcast channel},
  author={Shi, Qingjiang and Razaviyayn, Meisam and Luo, Zhi-Quan and He, Chen},
  journal={IEEE Trans. Signal Process.},
  volume={59},
  number={9},
  pages={4331--4340},
  year={2011},
  publisher={IEEE}
}

@article{pan2021flying,
  title={Flying car transportation system: Advances, techniques, and challenges},
  author={Pan, Gaofeng and Alouini, Mohamed-Slim},
  journal={IEEE Access},
  volume={9},
  pages={24586--24603},
  year={2021},
  publisher={IEEE}
}

@article{zaid2023evtol,
  title={{eVTOL} communications and networking in {UAM}: Requirements, key enablers, and challenges},
  author={Zaid, Abdullah Abu and Belmekki, Baha Eddine Youcef and Alouini, Mohamed-Slim},
  journal={IEEE Commun. Mag.},
  volume={61},
  number={8},
  pages={154--160},
  year={2023},
  publisher={IEEE}
}



%   booktitle={2022 IEEE Wireless Communications and Networking Conference (WCNC)},
  organization={IEEE}
@inproceedings{liu2022deep,
  title={Deep reinforcement learning based dynamic power and beamforming design for time-varying wireless downlink interference channel},
  author={Liu, Mengfan and Wang, Rui and Xing, Zhe and Soto, Ismael},
  booktitle={Proc. IEEE Wireless Commun. and Netw. Conf. (WCNC)},
  pages={471--476},
  year={2022},
}

%   journal={IEEE Transactions on Smart Grid},
@article{li2019constrained,
  title={Constrained {EV} charging scheduling based on safe deep reinforcement learning},
  author={Li, Hepeng and Wan, Zhiqiang and He, Haibo},
  journal={IEEE Trans. Smart Grid},
  volume={11},
  number={3},
  pages={2427--2439},
  year={2019},
  publisher={IEEE}
}

journal={IEEE Transactions on Power Systems},
@article{wu2024real,
title={Real-Time Optimal Power Flow Method via Safe Deep Reinforcement Learning Based on Primal-Dual and Prior Knowledge Guidance},
author={Wu, Pengfei and Chen, Chen and Lai, Dexiang and Zhong, Jian and Bie, Zhaohong},
journal={IEEE Trans. Power Syst.},
year={2024},
publisher={IEEE}
}

  journal={IEEE Transactions on Aerospace and Electronic Systems},
@article{yu2024causal,
  title={Causal {CSI}-Based Trajectory Design and Power Allocation for {UAV}-Enabled Wireless Networks under Average Rate Constraints: A Constrained Reinforcement Learning Approach},
  author={Yu, Hyemin and Yang, Hong-Chuan},
  journal={IEEE Trans. Aerosp. Electron. Syst.},
  year={2024},
  publisher={IEEE}
}

@article{gu2022review,
  title={A Review of Safe Reinforcement Learning: Methods, Theory and Applications},
  author={Gu, Shangding and Yang, Long and Du, Yali and Chen, Guang and Walter, Florian and Wang, Jun and Yang, Yaodong and Knoll, Alois},
  journal={arXiv preprint arXiv:2205.10330},
  year={2022}
}
  journal={IEEE Transactions on Pattern Analysis and Machine Intelligence},
@article{gu2024review,
  title={A Review of Safe Reinforcement Learning: Methods, Theories and Applications},
  author={Gu, Shangding and Yang, Long and Du, Yali and Chen, Guang and Walter, Florian and Wang, Jun and Knoll, Alois},
  journal={IEEE Trans. Pattern Anal. Mach.  Intell.},
  year={2024},
  publisher={IEEE}
}

@article{zhao2024safe,
  title={Safe {DQN}-based {AoI}-minimal task offloading for {UAV}-aided edge computing system},
  author={Zhao, Hui and Lu, Gengyuan and Liu, Ying and Chang, Zheng and Wang, Li and H{\"a}m{\"a}l{\"a}inen, Timo},
  journal={IEEE Internet Things J.},
  year={2024},
  publisher={IEEE}
}

@article{dinc2021total,
  title={Total cost of ownership optimization for direct air-to-ground communication networks},
  author={Dinc, Ergin and Vondra, Michal and Cavdar, Cicek},
  journal={IEEE Trans. Veh. Technol.},
  volume={70},
  number={10},
  pages={10157--10172},
  year={2021},
  publisher={IEEE}
}

%  day = {20},
%  month = {04},
%  institution = {{3rd Generation Partnership Project (3GPP)}},
@techreport{3GPP38876,
 author = {3GPP},
 note = {Version 18.0.0},
 number = {38.876},
 title = {Study on Air-to-ground network for {NR}},
 type = {Technical Report (TR)},
 url = {https://www.3gpp.org/DynaReport/38876.htm},
 year = {2023}
}
@techreport{3GPP38901,
 author = {3GPP},
 note = {Version 17.0.0},
 number = {38.901},
 title = {Study on channel model for frequencies from 0.5 to 100 {GHz}},
 type = {Technical Report (TR)},
 url = {https://www.3gpp.org/DynaReport/38901.htm},
 year = {2022}
}

@techreport{3gpp.36.331,
 author = {3GPP},
 day = {20},
 institution = {{3rd Generation Partnership Project (3GPP)}},
 month = {04},
 note = {Version 14.2.2},
 number = {36.331},
 title = {{Evolved Universal Terrestrial Radio Access (E-UTRA); Radio Resource Control (RRC); Protocol specification}},
 type = {Technical Specification (TS)},
 url = {https://portal.3gpp.org/desktopmodules/Specifications/SpecificationDetails.aspx?specificationId=2440},
 year = {2017}
}







@article{sun2016majorization,
  title={Majorization-minimization algorithms in signal processing, communications, and machine learning},
  author={Sun, Ying and Babu, Prabhu and Palomar, Daniel P},
  journal={IEEE Trans. Signal Process.},
  volume={65},
  number={3},
  pages={794--816},
  year={2016},
  publisher={IEEE}
}

@book{nesterov1994interior,
  title={Interior-point polynomial algorithms in convex programming},
  author={Nesterov, Yurii and Nemirovskii, Arkadii},
  year={1994},
  publisher={SIAM}
}

@misc{grant2011cvx,
  title={{CVX}: Matlab software for disciplined convex programming},
  author={Grant, Michael and Boyd, Stephen and Ye, Yinyu},
  url={http://cvxr.com/cvx},
  year={2011}
}
journal={online: http://www.stanford.edu/boyd/software.html},
@article{grant2009cvx,
  title={{CVX} users’ guide},
  author={Grant, Michael and Boyd, Stephen and Ye, Yinyu},
  year={2009},
  publisher={Citeseer}
}


booktitle={2020 IEEE 31st Annual International Symposium on Personal, Indoor and Mobile Radio Communications},
  organization={IEEE}
@inproceedings{li2020cooperative,
  title={Cooperative rate-splitting for secrecy sum-rate enhancement in multi-antenna broadcast channels},
  author={Li, Ping and Chen, Ming and Mao, Yijie and Yang, Zhaohui and Clerckx, Bruno and Shikh-Bahaei, Mohammad},
  booktitle={2020 {IEEE} 31st Annual Int. Symp. Pers., Indoor Mobile Radio Commun.},
  pages={1--6},
  year={2020},
}

@article{nguyen2016resource,
  title={Resource allocation in two-tier wireless backhaul heterogeneous networks},
  author={Nguyen, Tri Minh and Yadav, Animesh and Ajib, Wessam and Assi, Chadi},
  journal={IEEE Trans. Wireless Commun.},
  volume={15},
  number={10},
  pages={6690--6704},
  year={2016},
  publisher={IEEE}
}

@article{zheng2012generic,
  title={Generic optimization of linear precoding in multibeam satellite systems},
  author={Zheng, Gan and Chatzinotas, Symeon and Ottersten, Bjorn},
  journal={IEEE Trans. Wireless Commun.},
  volume={11},
  number={6},
  pages={2308--2320},
  year={2012},
  publisher={IEEE}
}

@article{liang2011cognitive,
  title={Cognitive radio networking and communications: An overview},
  author={Liang, Ying-Chang and Chen, Kwang-Cheng and Li, Geoffrey Ye and Mahonen, Petri},
  journal={IEEE Trans. Veh. Technol.},
  volume={60},
  number={7},
  pages={3386--3407},
  year={2011},
  publisher={IEEE}
}

@article{goldsmith2009breaking,
  title={Breaking spectrum gridlock with cognitive radios: An information theoretic perspective},
  author={Goldsmith, Andrea and Jafar, Syed Ali and Maric, Ivana and Srinivasa, Sudhir},
  journal={Proc IEEE Inst Electr Electron Eng},
  volume={97},
  number={5},
  pages={894--914},
  year={2009},
  publisher={IEEE}
}


@book{liang2020dynamic,
  title={Dynamic spectrum management: From cognitive radio to blockchain and artificial intelligence},
  author={Liang, Ying-Chang},
  year={2020},
  publisher={Springer Nature}
}



@article{cheng2011exploiting,
  title={On exploiting cognitive radio to mitigate interference in macro/femto heterogeneous networks},
  author={Cheng, Shin-Ming and Lien, Shou-Yu and Chu, Feng-Seng and Chen, Kwang-Cheng},
  journal={IEEE Wireless Commun.},
  volume={18},
  number={3},
  pages={40--47},
  year={2011},
  publisher={IEEE}
}

@article{lien2014cognitive,
  title={Cognitive radio resource management for future cellular networks},
  author={Lien, Shao-Yu and Chen, Kwang-Cheng and Liang, Ying-Chang and Lin, Yonghua},
  journal={IEEE Wireless Commun.},
  volume={21},
  number={1},
  pages={70--79},
  year={2014},
  publisher={IEEE}
}

@article{yu2011cognitive,
  title={Cognitive radio based hierarchical communications infrastructure for smart grid},
  author={Yu, Rong and Zhang, Yan and Gjessing, Stein and Yuen, Chau and Xie, Shengli and Guizani, Mohsen},
  journal={IEEE network},
  volume={25},
  number={5},
  pages={6--14},
  year={2011},
  publisher={IEEE}
}



  booktitle={Radio Resource Management in Multi-Tier Cellular Wireless Networks}, 
  pages={302-320},
@article{hossain2014resource,
  title={Resource Allocation in Multi-Tier Networks with Cognitive Small Cells},
  author={Hossain, Ekram and Le, Long Bao and Niyato, Dusit},
  year={2014},
  publisher={Wiley Telecom}
}

@article{elsawy2013stochastic,
  title={Stochastic geometry for modeling, analysis, and design of multi-tier and cognitive cellular wireless networks: A survey},
  author={ElSawy, Hesham and Hossain, Ekram and Haenggi, Martin},
  journal={IEEE Commun. Surv. Tut.},
  volume={15},
  number={3},
  pages={996--1019},
  year={2013},
  publisher={IEEE}
}

@article{yang2016advanced,
  title={Advanced spectrum sharing in {5G} cognitive heterogeneous networks},
  author={Yang, Chungang and Li, Jiandong and Guizani, Mohsen and Anpalagan, Alagan and Elkashlan, Maged},
  journal={IEEE Wireless Commun.},
  volume={23},
  number={2},
  pages={94--101},
  year={2016},
  publisher={IEEE}
}


booktitle={2017 IEEE International Conference on Communications (ICC)},
  organization={IEEE}
@inproceedings{xu2017robust,
  title={Robust resource allocation for multi-tier cognitive heterogeneous networks},
  author={Xu, Yongjun and Hu, Yuan and Chen, Qianbin and Song, Tiecheng and Lai, Rong},
  booktitle={2017 IEEE Int. Conf. Commun. (ICC)},
  pages={1--6},
  year={2017},
}





@article{sohul2015spectrum,
  title={Spectrum access system for the citizen broadband radio service},
  author={Sohul, Munawwar M and Yao, Miao and Yang, Taeyoung and Reed, Jeffrey H},
  journal={IEEE Commun. Mag.},
  volume={53},
  number={7},
  pages={18--25},
  year={2015},
  publisher={IEEE}
}

@article{ying2018sas,
  title={{SAS}-assisted coexistence-aware dynamic channel assignment in {CBRS} band},
  author={Ying, Xuhang and Buddhikot, Milind M and Roy, Sumit},
  journal={IEEE Trans. Wireless Commun.},
  volume={17},
  number={9},
  pages={6307--6320},
  year={2018},
  publisher={IEEE}
}




@article{liu2018space,
  title={Space-air-ground integrated network: A survey},
  author={Liu, Jiajia and Shi, Yongpeng and Fadlullah, Zubair Md and Kato, Nei},
  journal={IEEE Commun. Surv. Tut.},
  volume={20},
  number={4},
  pages={2714--2741},
  year={2018},
  publisher={IEEE}
}

@article{zhu2021integrated,
  title={Integrated satellite-terrestrial networks toward 6G: Architectures, applications, and challenges},
  author={Zhu, Xiangming and Jiang, Chunxiao},
  journal={IEEE Internet Things J.},
  volume={9},
  number={1},
  pages={437--461},
  year={2021},
  publisher={IEEE}
}

  journal={Proceedings of the IEEE},
@article{zeng2019accessing,
  title={Accessing from the sky: {A} tutorial on {UAV} communications for {5G} and beyond},
  author={Zeng, Yongs and Wu, Qingqing and Zhang, Rui},
  journal={Proc. IEEE Inst. Electr. Electron. Eng.},
  volume={107},
  number={12},
  pages={2327--2375},
  year={2019},
  publisher={IEEE}
}

@article{mei2021aerial,
  title={Aerial-ground interference mitigation for cellular-connected {UAV}},
  author={Mei, Weidong and Zhang, Rui},
  journal={IEEE Wireless Commun.},
  volume={28},
  number={1},
  pages={167--173},
  year={2021},
  publisher={IEEE}
}

@article{mei2019cellular,
  title={Cellular-connected {UAV}: Uplink association, power control and interference coordination},
  author={Mei, Weidong and Wu, Qingqing and Zhang, Rui},
  journal={IEEE Trans. Wireless Commun.},
  volume={18},
  number={11},
  pages={5380--5393},
  year={2019},
  publisher={IEEE}
}

@article{mei2020uav,
  title={{UAV}-sensing-assisted cellular interference coordination: A cognitive radio approach},
  author={Mei, Weidong and Zhang, Rui},
  journal={IEEE Wireless Commun. Lett.},
  volume={9},
  number={6},
  pages={799--803},
  year={2020},
  publisher={IEEE}
}

@article{mei2019uplinkNOMA,
  title={Uplink cooperative {NOMA} for cellular-connected {UAV}},
  author={Mei, Weidong and Zhang, Rui},
  journal={IEEE J. Sel. Topics Signal Process.},
  volume={13},
  number={3},
  pages={644--656},
  year={2019},
  publisher={IEEE}
}

@article{liu2019multi,
  title={Multi-beam {UAV} communication in cellular uplink: Cooperative interference cancellation and sum-rate maximization},
  author={Liu, Liang and Zhang, Shuowen and Zhang, Rui},
  journal={IEEE Trans. Wireless Commun.},
  volume={18},
  number={10},
  pages={4679--4691},
  year={2019},
  publisher={IEEE}
}

@article{mei2020uplink,
  title={Uplink cooperative interference cancellation for cellular-connected {UAV}: A quantize-and-forward approach},
  author={Mei, Weidong and Zhang, Rui},
  journal={IEEE Wireless Commun. Lett.},
  volume={9},
  number={9},
  pages={1567--1571},
  year={2020},
  publisher={IEEE}
}

@article{huang2019cognitive,
  title={Cognitive {UAV} communication via joint maneuver and power control},
  author={Huang, Yuwei and Mei, Weidong and Xu, Jie and Qiu, Ling and Zhang, Rui},
  journal={IEEE Trans. Commun.},
  volume={67},
  number={11},
  pages={7872--7888},
  year={2019},
  publisher={IEEE}
}


@article{zeng2018cellular,
  title={Cellular-connected {UAV}: Potential, challenges, and promising technologies},
  author={Zeng, Yong and Lyu, Jiangbin and Zhang, Rui},
  journal={IEEE Wireless Commun.},
  volume={26},
  number={1},
  pages={120--127},
  year={2018},
  publisher={IEEE}
}

% booktitle={2018 IEEE International Conference on Communications (ICC)},
  organization={IEEE}
@inproceedings{zhang2018cellularICC,
  title={Cellular-enabled {UAV} communication: Trajectory optimization under connectivity constraint},
  author={Zhang, Shuowen and Zeng, Yong and Zhang, Rui},
  booktitle={2018 IEEE Int. Conf. Commun. (ICC)},
  pages={1--6},
  year={2018},
}

journal={IEEE Wireless Communications},Wireless Commun.
@article{wu2019fundamental,
  title={Fundamental trade-offs in communication and trajectory design for {UAV}-enabled wireless network},
  author={Wu, Qingqing and Liu, Liang and Zhang, Rui},
  journal={IEEE Wireless Commun.},
  volume={26},
  number={1},
  pages={36--44},
  year={2019},
  publisher={IEEE}
}

@article{zhang2018cellular,
  title={Cellular-enabled {UAV} communication: A connectivity-constrained trajectory optimization perspective},
  author={Zhang, Shuowen and Zeng, Yong and Zhang, Rui},
  journal={IEEE Trans. Commun.},
  volume={67},
  number={3},
  pages={2580--2604},
  year={2018},
  publisher={IEEE}
}


@article{mei2019cooperative,
  title={Cooperative downlink interference transmission and cancellation for cellular-connected {UAV}: A divide-and-conquer approach},
  author={Mei, Weidong and Zhang, Rui},
  journal={IEEE Trans. Commun.},
  volume={68},
  number={2},
  pages={1297--1311},
  year={2019},
  publisher={IEEE}
}

@article{challita2019interference,
  title={Interference management for cellular-connected {UAVs}: A deep reinforcement learning approach},
  author={Challita, Ursula and Saad, Walid and Bettstetter, Christian},
  journal={IEEE Trans. Wireless Commun.},
  volume={18},
  number={4},
  pages={2125--2140},
  year={2019},
  publisher={IEEE}
}

@article{fan2022learning,
  title={Learning to optimize user association and spectrum allocation with partial observation in mmWave-enabled {UAV} networks},
  author={Fan, Chaoqiong and She, Changyang and Zhang, Hengsheng and Li, Bin and Zhao, Chenglin and Niyato, Dusit},
  journal={IEEE Trans. Wireless Commun.},
  volume={21},
  number={8},
  pages={5873--5888},
  year={2022},
  publisher={IEEE}
}

  journal={IEEE Transactions on Mobile Computing}, 
@article{liu2024uav,
  author={Liu, Saichao and Sun, Geng and Li, Jiahui and Liang, Shuang and Wu, Qingqing and Wang, Pengfei and Niyato, Dusit},
  journal={IEEE Trans. Mobile Comput.}, 
  title={{UAV}-Enabled Collaborative Beamforming via Multi-Agent Deep Reinforcement Learning}, 
  year={2024},
  volume={23},
  number={12},
  pages={13015-13032},
}


@article{li2023radio,
  title={Radio resource management for cellular-connected {UAV}: a learning approach},
  author={Li, Yuanjian and Aghvami, A Hamid},
  journal={IEEE Trans. Commun.},
  volume={71},
  number={5},
  pages={2784--2800},
  year={2023},
  publisher={IEEE}
}

@article{burhanuddin2023inter,
  title={Inter-Cell Interference Mitigation for Cellular-Connected {UAVs} Using {MOSDS}-{DQN}},
  author={Burhanuddin, Liyana Adilla Binti and Liu, Xiaonan and Deng, Yansha and Elkashlan, Maged and Nallanathan, Arumugam},
  journal={IEEE Trans. Cogn. Commun. Netw.},
  year={2023},
  publisher={IEEE}
}

@article{jiang20236g,
  title={{6G} Non-Terrestrial networks enabled low-altitude economy: Opportunities and challenges},
  author={Jiang, Yihang and Li, Xiaoyang and Zhu, Guangxu and Li, Hang and Deng, Jing and Han, Kaifeng and Shen, Chao and Shi, Qingjiang and Zhang, Rui},
  journal={arXiv preprint arXiv:2311.09047},
  year={2023}
}

@article{baltaci2021survey,
 title={A survey of wireless networks for future aerial communications ({FACOM})},
 author={Baltaci, Ayg{\"u}n and Dinc, Ergin and Ozger, Mustafa and Alabbasi, Abdulrahman and Cavdar, Cicek and Schupke, Dominic},
 journal={IEEE Commun. Surv. Tut.},
 volume={23},
 number={4},
 pages={2833--2884},
 year={2021},
 publisher={IEEE}
}

@article{tadayon2016inflight,
  title={Inflight broadband connectivity using cellular networks},
  author={Tadayon, Navid and Kaddoum, Georges and Noumeir, Rita},
  journal={IEEE Access},
  volume={4},
  pages={1595--1606},
  year={2016},
  publisher={IEEE}
}

  journal={5G and Beyond: Fundamentals and Standards},
@article{lin2021sky,
  title={Sky high {5G}: {New} radio for air-to-ground communications},
  author={Lin, Xingqin and Furusk{\"a}r, Anders and Liberg, Olof and Euler, Sebastian},
  journal={5G and Beyond: Fundam. Standards},
  pages={503--515},
  year={2021},
  publisher={Springer}
}


booktitle={2008 IEEE/AIAA 27th Digital Avionics Systems Conference},
  organization={IEEE}
@inproceedings{wang2008cognitive,
  title={Cognitive radio for aeronautical air-ground communication},
  author={Wang, Yang},
  booktitle={2008 IEEE/AIAA 27th Digit. Avionics Syst. Conf.},
  pages={2--B},
  year={2008},
}

  journal={IEEE Aerospace and Electronic Systems Magazine},
@article{wang2010cognitive,
  title={Cognitive Radio for aeronautical air-ground communications},
  author={Wang, Yang},
  journal={IEEE Aerosp. Electron. Syst. Mag.},
  volume={25},
  number={5},
  pages={18--23},
  year={2010},
  publisher={IEEE}
}

@article{zhang2014aeronautical,
  title={Aeronautical central cognitive broadband air-to-ground communications},
  author={Zhang, Chao and Zhang, Yaxin and Xiao, Jialuo and Yu, Junzhou},
  journal={IEEE J. Sel. Areas Commun.},
  volume={33},
  number={5},
  pages={946--957},
  year={2014},
  publisher={IEEE}
}

@article{jacob2016cognitive,
  title={Cognitive radio for aeronautical communications: A survey},
  author={Jacob, Ponnu and Sirigina, Rajendra Prasad and Madhukumar, AS and Prasad, Vinod Achutavarrier},
  journal={IEEE Access},
  volume={4},
  pages={3417--3443},
  year={2016},
  publisher={IEEE}
}

journal={IEEE Communications Standards Magazine},
@article{lin20215g,
  title={{5G} from space: An overview of {3GPP} non-terrestrial networks},
  author={Lin, Xingqin and Rommer, Stefan and Euler, Sebastian and Yavuz, Emre A and Karlsson, Robert S},
  journal={{IEEE} Commun. Standards Mag.},
  volume={5},
  number={4},
  pages={147--153},
  year={2021},
  publisher={IEEE}
}

booktitle={2021 IEEE 93rd Vehicular Technology Conference (VTC2021-Spring)},
  booktitle={2021 {IEEE} 93rd Veh. Technol. Conf. (VTC2021-Spring)},
  organization={IEEE}
@inproceedings{chen20215g,
  title={{5G} air-to-ground network design and optimization: {A} deep learning approach},
  author={Chen, Yun and Lin, Xingqin and Khan, Talha and Afshang, Mehrnaz and Mozaffari, Mohammad},
  booktitle={Proc. {IEEE} Veh. Technol. Conf. (VTC2021-Spring)},
  pages={1--6},
  year={2021},
}

@article{dias2021integrating,
  title={Integrating cognitive radio with unmanned aerial vehicles: An overview},
  author={Dias Santana, Guilherme Marcel and Cristo, Rogers Silva de and Lucas Jaquie Castelo Branco, Kalinka Regina},
  journal={Sensors},
  volume={21},
  number={3},
  pages={830},
  year={2021},
  publisher={MDPI}
}

  journal={Journal of Network and Computer Applications},
@article{saleem2015integration,
  title={Integration of cognitive radio technology with unmanned aerial vehicles: issues, opportunities, and future research challenges},
  author={Saleem, Yasir and Rehmani, Mubashir Husain and Zeadally, Sherali},
  journal={J. Netw. Comput. Appl.},
  volume={50},
  pages={15--31},
  year={2015},
  publisher={Elsevier}
}

@article{cherif2020downlink,
  title={Downlink coverage and rate analysis of an aerial user in vertical heterogeneous networks ({VHetNets})},
  author={Cherif, Nesrine and Alzenad, Mohamed and Yanikomeroglu, Halim and Yongacoglu, Abbas},
  journal={IEEE Trans. Wireless Commun.},
  volume={20},
  number={3},
  pages={1501--1516},
  year={2020},
  publisher={IEEE}
}

@article{chen2022dedicating,
  title={Dedicating cellular infrastructure for aerial users: Advantages and potential impact on ground users},
  author={Chen, Lin and Kishk, Mustafa A and Alouini, Mohamed-Slim},
  journal={IEEE Trans. Wireless Commun.},
  volume={22},
  number={4},
  pages={2523--2535},
  year={2022},
  publisher={IEEE}
}



@article{mozaffari2021toward,
  title={Toward {6G} with connected sky: {UAVs} and beyond},
  author={Mozaffari, Mohammad and Lin, Xingqin and Hayes, Stephen},
  journal={{IEEE} Commun. Mag.},
  volume={59},
  number={12},
  pages={74--80},
  year={2021},
  publisher={IEEE}
}

journal={Journal of Communications and Information Networks},
@article{liang2021realizing,
  title={Realizing intelligent spectrum management for integrated satellite and terrestrial networks},
  author={Liang, Ying-Chang and Tan, Junjie and Jia, Haonan and Zhang, Jintao and Zhao, Lian},
  journal={J. Commun. Inf. Netw.},
  volume={6},
  number={1},
  pages={32--43},
  year={2021},
  publisher={PTP}
}

@article{hua2019joint,
  title={Joint {CoMP} transmission for {UAV}-aided cognitive satellite terrestrial networks},
  author={Hua, Meng and Wang, Yi and Lin, Min and Li, Chunguo and Huang, Yongming and Yang, Luxi},
  journal={IEEE Access},
  volume={7},
  pages={14959--14968},
  year={2019},
  publisher={IEEE}
}

@article{liu2023resource,
  title={Resource Allocation for Cognitive Satellite-{HAP}-Terrestrial Networks With Non-Orthogonal Multiple Access},
  author={Liu, Rui and Guo, Kefeng and An, Kang and Huang, Yuzhen and Zhou, Fuhui and Zhu, Shibing},
  journal={{IEEE} Trans. Veh. Technol.},
  year={2023},
  publisher={IEEE}
}

booktitle={2019 11th International Conference on Wireless Communications and Signal Processing (WCSP)},
@inproceedings{wang2019dynamic,
  title={Dynamic downlink resource allocation based on imperfect estimation in {LEO}-{HAP} cognitive system},
  author={Wang, Shiqi and Li, Yitao and Wang, Qi and Su, Man and Zhou, Wuyang},
  booktitle={Int. Conf. Wireless Commun. Signal Process. (WCSP)},
  pages={1--6},
  year={2019},
  organization={IEEE}
}

@article{guo2022multi,
  title={Multi-Agent Deep Reinforcement Learning Based Transmission Latency Minimization for Delay-Sensitive Cognitive Satellite-{UAV} Networks},
  author={Guo, Shaoai and Zhao, Xiaohui},
  journal={IEEE Trans. Commun.},
  volume={71},
  number={1},
  pages={131--144},
  year={2022},
  publisher={IEEE}
}


@article{pervez2021joint,
  title={Joint user association, power optimization and trajectory control in an integrated satellite-aerial-terrestrial network},
  author={Pervez, Farhan and Zhao, Lian and Yang, Cungang},
  journal={{IEEE} Trans. Wireless Commun.},
  volume={21},
  number={5},
  pages={3279--3290},
  year={2021},
  publisher={IEEE}
}


booktitle={8th International Conference on Cognitive Radio Oriented Wireless Networks},
@inproceedings{sharma2013transmit,
  title={Transmit beamforming for spectral coexistence of satellite and terrestrial networks},
  author={Sharma, Shree Krishna and Chatzinotas, Symeon and Ottersten, Bjorn},
  booktitle={8th Int. Conf. Cogn. Radio Oriented Wireless Netw.},
  pages={275--281},
  year={2013},
  organization={IEEE}
}

@incollection{sharma2015cognitive,
  title={Cognitive beamforming for spectral coexistence of hybrid satellite systems},
  author={Sharma, Shree Krishna and Chatzinotas, Symeon and Ottersten, Bj{\"o}rn},
  booktitle={Cooperative and Cognitive Satellite Systems},
  pages={415--452},
  year={2015},
  publisher={Elsevier}
}

  organization={IEEE}
@inproceedings{lo1999maximum,
  title={Maximum ratio transmission},
  author={Lo, Titus KY},
  booktitle={1999 IEEE International Conference on Communications (Cat. No. 99CH36311)},
  volume={2},
  pages={1310--1314},
  year={1999},
}

  journal={IEEE Signal Processing Magazine},
@article{luo2010semidefinite,
  title={Semidefinite relaxation of quadratic optimization problems},
  author={Luo, Zhi-Quan and Ma, Wing-Kin and So, Anthony Man-Cho and Ye, Yinyu and Zhang, Shuzhong},
  journal={IEEE Signal Process. Mag. },
  volume={27},
  number={3},
  pages={20--34},
  year={2010},
  publisher={IEEE}
}

@article{xu2020resource,
  title={Resource allocation for IRS-assisted full-duplex cognitive radio systems},
  author={Xu, Dongfang and Yu, Xianghao and Sun, Yan and Ng, Derrick Wing Kwan and Schober, Robert},
  journal={IEEE Trans. Commun.},
  volume={68},
  number={12},
  pages={7376--7394},
  year={2020},
  publisher={IEEE}
}


@article{yang2018cooperative,
  title={Cooperative ambient backscatter communications for green {Internet-of-Things}},
  author={Yang, Gang and Zhang, Qianqian and Liang, Ying-Chang},
  journal={IEEE Internet Things J.},
  volume={5},
  number={2},
  pages={1116--1130},
  year={2018},
  publisher={IEEE}
}


  journal={IEEE Transactions on Wireless Communications},
@article{abdi2003new,
  title={A new simple model for land mobile satellite channels: First-and second-order statistics},
  author={Abdi, Ali and Lau, Wing C and Alouini, M-S and Kaveh, Mostafa},
  journal={IEEE Trans. Wireless Commun.},
  volume={2},
  number={3},
  pages={519--528},
  year={2003},
  publisher={IEEE}
}

journal={3GPP Technical Specification TR},
@article{access2010further,
  title={Further advancements for {E-UTRA} physical layer aspects},
  author={Access, EUTR},
  journal={3GPP Tech. Specification TR},
  volume={36},
  pages={V2},
  year={2010}
}

  journal={IEEE Journal on Selected Areas in Communications},
@article{an2016secure,
  title={Secure transmission in cognitive satellite terrestrial networks},
  author={An, Kang and Lin, Min and Ouyang, Jian and Zhu, Wei-Ping},
  journal={IEEE J. Sel. Areas Commun.},
  volume={34},
  number={11},
  pages={3025--3037},
  year={2016},
  publisher={IEEE}
}

  journal={IEEE Transactions on Vehicular Technology},
@article{li2018robust,
  title={Robust chance-constrained secure transmission for cognitive satellite--terrestrial networks},
  author={Li, Bin and Fei, Zesong and Chu, Zheng and Zhou, Fuhui and Wong, Kai-Kit and Xiao, Pei},
  journal={IEEE Trans. Veh. Technol.},
  volume={67},
  number={5},
  pages={4208--4219},
  year={2018},
  publisher={IEEE}
}

journal={IEEE J. Sel. Topics Signal Process.},
  journal={IEEE Journal of Selected Topics in Signal Processing},
@article{lin2019joint,
  title={Joint beamforming and power allocation for satellite-terrestrial integrated networks with non-orthogonal multiple access},
  author={Lin, Zhi and Lin, Min and Wang, Jun-Bo and De Cola, Tomaso and Wang, Jiangzhou},
  journal={IEEE J. Sel. Topics Signal Process.},
  volume={13},
  number={3},
  pages={657--670},
  year={2019},
  publisher={IEEE}
}

  organization={IEEE}
@inproceedings{jiang2019over,
  title={Over-the-air computation via intelligent reflecting surfaces},
  author={Jiang, Tao and Shi, Yuanming},
  booktitle={2019 IEEE Global Commun. Conf. (GLOBECOM)},
  pages={1--6},
  year={2019},
}

  organization={IEEE}
@inproceedings{yang2019federated,
  title={Federated learning based on over-the-air computation},
  author={Yang, Kai and Jiang, Tao and Shi, Yuanming and Ding, Zhi},
  booktitle={2019 IEEE Int. Conf. Commun. (ICC)},
  pages={1--6},
  year={2019},
}

@article{mu2021simultaneously,
  title={Simultaneously transmitting and reflecting ({STAR}) {RIS} aided wireless communications},
  author={Mu, Xidong and Liu, Yuanwei and Guo, Li and Lin, Jiaru and Schober, Robert},
  journal={IEEE Trans. Wireless Commun.},
  volume={21},
  number={5},
  pages={3083--3098},
  year={2021},
  publisher={IEEE}
}

@book{jorge2006numerical,
  title={Numerical optimization},
  author={Jorge, Nocedal and Stephen, J Wright},
  year={2006},
  publisher={Spinger}
}

@article{ben1997penalty,
  title={Penalty/barrier multiplier methods for convex programming problems},
  author={Ben-Tal, Aharon and Zibulevsky, Michael},
  journal={{SIAM} J. on Optim.},
  volume={7},
  number={2},
  pages={347--366},
  year={1997},
  publisher={SIAM}
}

  booktitle={Recent Advances in Optimization and its Applications in Engineering: The 14th Belgian-French-German Conference on Optimization},
@inproceedings{dinh2010local,
  title={Local convergence of sequential convex programming for nonconvex optimization},
  author={Dinh, Quoc Tran and Diehl, Moritz},
  booktitle={Recent Adv. Optim. its Appl. Eng.: Belgian-French-German Conf. Optim.},
  pages={93--102},
  year={2010},
  organization={Springer}
}


@article{wang2018joint,
  title={Joint {UAV} hovering altitude and power control for space-air-ground {IoT} networks},
  author={Wang, Jingjing and Jiang, Chunxiao and Wei, Zhongxiang and Pan, Cunhua and Zhang, Haijun and Ren, Yong},
  journal={IEEE Internet Things J.},
  volume={6},
  number={2},
  pages={1741--1753},
  year={2018},
  publisher={IEEE}
}

@article{liu2020cell,
  title={Cell-free satellite-{UAV} networks for {6G} wide-area Internet of Things},
  author={Liu, Chengxiao and Feng, Wei and Chen, Yunfei and Wang, Cheng-Xiang and Ge, Ning},
  journal={IEEE J. Sel. Areas Commun.},
  volume={39},
  number={4},
  pages={1116--1131},
  year={2020},
  publisher={IEEE}
}


@article{kim2011impact,
  title={On the impact of outdated channel information on the capacity of secondary user in spectrum sharing environments},
  author={Kim, Hyungjong and Wang, Hano and Lim, Sungmook and Hong, Daesik},
  journal={IEEE Trans. Wireless Commun.},
  volume={11},
  number={1},
  pages={284--295},
  year={2011},
  publisher={IEEE}
}


@article{ma2009error,
  title={Error performance of transmit beamforming with delayed and limited feedback},
  author={Ma, Yao and Zhang, Dongbo and Leith, Alex and Wang, Zhengdao},
  journal={IEEE Trans. Wireless Commun.},
  volume={8},
  number={3},
  pages={1164--1170},
  year={2009},
  publisher={IEEE}
}

booktitle={2021 IEEE Global Communications Conference (GLOBECOM)},
  organization={IEEE}
@inproceedings{lei2021joint,
  title={Joint power and channel allocation for safeguarding cognitive satellite-{UAV} networks},
  author={Lei, Chengleyang and Feng, Wei and Chen, Yunfei and Ge, Ning},
  booktitle={2021 IEEE Global Commun. Conf. (GLOBECOM)},
  pages={1--6},
  year={2021},
}
  journal={IEEE Transactions on Cognitive Communications and Networking},
@article{lin2020robust,
  title={Robust secure beamforming for wireless powered cognitive satellite-terrestrial networks},
  author={Lin, Zhi and Lin, Min and Zhu, Wei-Ping and Wang, Jun-Bo and Cheng, Julian},
  journal={IEEE Trans. Cogn. Commun. Netw.},
  volume={7},
  number={2},
  pages={567--580},
  year={2020},
  publisher={IEEE}
}

@article{ruan2020cooperative,
  title={Cooperative resource management for cognitive satellite-aerial-terrestrial integrated networks towards {IoT}},
  author={Ruan, Yuhan and Li, Yongzhao and Zhang, Rui and Cheng, Wenchi and Liu, Can},
  journal={IEEE Access},
  volume={8},
  pages={35759--35769},
  year={2020},
  publisher={IEEE}
}

@article{ouyang2017secrecy,
  title={Secrecy energy efficiency maximization in cognitive radio networks},
  author={Ouyang, Jian and Lin, Min and Zou, Yulong and Zhu, Wei-Ping and Massicotte, Daniel},
  journal={IEEE Access},
  volume={5},
  pages={2641--2650},
  year={2017},
  publisher={IEEE}
}

journal={IEEE Wireless Communications Letters},
@article{li2017resource,
  title={Resource allocations for secure cognitive satellite-terrestrial networks},
  author={Li, Bin and Fei, Zesong and Xu, Xiaoming and Chu, Zheng},
  journal={IEEE Wireless Commun. Lett.},
  volume={7},
  number={1},
  pages={78--81},
  year={2017},
  publisher={IEEE}
}



@article{yu2006dual,
  title={Dual methods for nonconvex spectrum optimization of multicarrier systems},
  author={Yu, Wei and Lui, Raymond},
  journal={IEEE Trans. Commun.},
  volume={54},
  number={7},
  pages={1310--1322},
  year={2006},
  publisher={IEEE}
}

@book{boyd2004convex,
  title={Convex optimization},
  author={Boyd, Stephen and Boyd, Stephen P and Vandenberghe, Lieven},
  year={2004},
  publisher={Cambridge university press}
}


@article{shen2018fractional1,
  title={Fractional programming for communication systems—Part {I}: Power control and beamforming},
  author={Shen, Kaiming and Yu, Wei},
  journal={IEEE Trans. Signal Process.},
  volume={66},
  number={10},
  pages={2616--2630},
  year={2018},
  publisher={IEEE}
}

@article{shen2018fractional2,
  title={Fractional programming for communication systems—Part {II}: Uplink scheduling via matching},
  author={Shen, Kaiming and Yu, Wei},
  journal={IEEE Trans. Signal Process.},
  volume={66},
  number={10},
  pages={2631--2644},
  year={2018},
  publisher={IEEE}
}

@article{liang2008sensing,
  title={Sensing-throughput tradeoff for cognitive radio networks},
  author={Liang, Ying-Chang and Zeng, Yonghong and Peh, Edward CY and Hoang, Anh Tuan},
  journal={IEEE transactions on Wireless Communications},
  volume={7},
  number={4},
  pages={1326--1337},
  year={2008},
  publisher={IEEE}
}

@article{kang2009sensing,
  title={Sensing-based spectrum sharing in cognitive radio networks},
  author={Kang, Xin and Liang, Ying-Chang and Garg, Hari Krishna and Zhang, Lan},
  journal={IEEE Trans. Veh. Technol.},
  volume={58},
  number={8},
  pages={4649--4654},
  year={2009},
  publisher={IEEE}
}

@article{dahrouj2010coordinated,
  title={Coordinated beamforming for the multicell multi-antenna wireless system},
  author={Dahrouj, Hayssam and Yu, Wei},
  journal={IEEE transactions on wireless communications},
  volume={9},
  number={5},
  pages={1748--1759},
  year={2010},
  publisher={IEEE}
}


@article{polyanskiy2010channel,
  title={Channel coding rate in the finite blocklength regime},
  author={Polyanskiy, Yury and Poor, H Vincent and Verd{\'u}, Sergio},
  journal={IEEE Trans. Inf. Theory},
  volume={56},
  number={5},
  pages={2307--2359},
  year={2010},
  publisher={IEEE}
}

@book{Boyd,
 author = {Boyd, Stephen and Vandenberghe, Lieven},
 title = {Convex Optimization},
 year = {2004},
 isbn = {0521833787},
 publisher = {Cambridge University Press},
 address = {New York, NY, USA},
}

@inproceedings{yuille2002concave,
  title={The concave-convex procedure ({CCCP})},
  author={Yuille, Alan L and Rangarajan, Anand},
  booktitle={Proc. Adv. Neural Inf. Process. Syst.},
  pages={1033--1040},
  year={2002}
}

@inproceedings{lanckriet2009convergence,
  title={On the convergence of the concave-convex procedure},
  author={Lanckriet, Gert R and Sriperumbudur, Bharath K},
  booktitle={Proc. Adv. Neural Inf. Process. Syst.},
  pages={1759--1767},
  year={2009}
}

@article{tao2005dc,
  title={The {DC} (difference of convex functions) programming and {DCA} revisited with {DC} models of real world nonconvex optimization problems},
  author={Tao, Pham Dinh and L. T. An},
  journal={Ann. Oper. Res.},
  volume={133},
  number={1-4},
  pages={23--46},
  month={Jan.},
  year={2005},
 }

@incollection{hong2014signal,
  title={Signal processing and optimal resource allocation for the interference channel},
  author={Hong, Mingyi and Luo, Zhi-Quan},
  booktitle={Academic Press Library in Signal Process.},
  volume={2},
  number={39},
  pages={409--469},
  year={2014},
}


@article{razaviyayn2013unified,
  title={A unified convergence analysis of block successive minimization methods for nonsmooth optimization},
  author={Razaviyayn, Meisam and Hong, Mingyi and Luo, Zhi-Quan},
  journal={SIAM J. on Optimization},
  volume={23},
  number={2},
  pages={1126--1153},
  year={2013},
  publisher={SIAM}
}


@article{gubbi2013internet,
  title={Internet-of-Things ({I}o{T}): {A} vision, architectural elements, and future directions},
  author={Gubbi, Jayavardhana and Buyya, Rajkumar and Marusic, Slaven and Palaniswami, Marimuthu},
  journal={Future Gener. Comput. Syst.},
  volume={29},
  number={7},
  pages={1645--1660},
  year={2013},
  publisher={Elsevier}
}

@article{dahlman20145g,
  title={5{G} radio access},
  author={Dahlman, Erik and Mildh, Gunnar and Parkvall, Stefan and Peisa, Janne and Sachs, Joachim and Sel{\'e}n, Yngve},
  journal={Ericsson review},
  volume={6},
  pages={2--7},
  year={2014}
}

@article{Petar2016toward,
  title={Toward massive, ultrareliable, and low-latency wireless communication with short packets},
  author={Durisi, Giuseppe and Koch, Tobias and Popovski, Petar},
  journal={Proc. IEEE},
  volume={104},
  number={9},
  pages={1711--1726},
  year={2016},
}

@inproceedings{varshney2008transporting,
  title={Transporting information and energy simultaneously},
  author={Varshney, Lav R},
  booktitle={Proc. IEEE ISIT},
  pages={1612--1616},
  year={2008},
}

@article{zhang2013mimo,
  title={{MIMO} broadcasting for simultaneous wireless information and power transfer},
  author={Zhang, Rui and Ho, Chin Keong},
  journal={ IEEE Trans. Wireless Commun.},
  volume={12},
  number={5},
  pages={1989--2001},
  year={2013},
  publisher={IEEE}
}

@article{lu2015wireless,
  title={Wireless networks with {RF} energy harvesting: A contemporary survey},
  author={Lu, Xiao and Wang, Ping and Niyato, Dusit and Kim, Dong In and Han, Zhu},
  journal={IEEE Commun. Surv. Tut.},
  volume={17},
  number={2},
  pages={757--789},
  year={2015},
  publisher={IEEE}
}


@article{durisi2016short,
  title={Short-packet communications over multiple-antenna Rayleigh-fading channels},
  author={Durisi, Giuseppe and Koch, Tobias and {\"O}stman, Johan and Polyanskiy, Yury and Yang, Wei},
  journal={IEEE Trans. Commun.},
  volume={64},
  number={2},
  pages={618--629},
  year={2016},
}

@article{haghifam2017joint,
  title={Joint Sum Rate and Error Probability Optimization: Finite Blocklength Analysis},
  author={Haghifam, Mahdi and Mili, Mohammad Robat and Makki, Behrooz and Nasiri-Kenari, Masoumeh and Svensson, Tommy},
  journal={IEEE Wireless Commun. Lett.},
  volume={6},
  number={6},
  pages={726--729},
  year={2017},
}

@article{xu2016energy,
  title={Energy-efficient packet scheduling with finite blocklength codes: Convexity analysis and efficient algorithms},
  author={Xu, Shengfeng and Chang, Tsung-Hui and Lin, Shih-Chun and Shen, Chao and Zhu, Gang},
  journal={IEEE Trans. Wireless Commun.},
  volume={15},
  number={8},
  pages={5527--5540},
  year={2016},
}

@article{kang2015full,
  title={Full-duplex wireless-powered communication network with energy causality},
  author={Kang, Xin and Ho, Chin Keong and Sun, Sumei},
  journal={IEEE Trans. Wireless Commun.},
  volume={14},
  number={10},
  pages={5539--5551},
  year={2015},
}
@article{ju2014throughput,
  title={Throughput maximization in wireless powered communication networks},
  author={Ju, Hyungsik and Zhang, Rui},
  journal={IEEE Trans. Wireless Commun.},
  volume={13},
  number={1},
  pages={418--428},
  year={2014},
}

@inproceedings{chen2016unified,
  title={A unified beamforming structure for wireless multicasting and power transfer in {MIMO} systems},
  author={Chen, Jie and Liang, Ying-Chang and Yang, Gang},
  booktitle={ Proc. IEEE ICCS},
  pages={1--6},
  year={2016},
}

@article{yang2015throughput,
  title={Throughput optimization for massive {MIMO} systems powered by wireless energy transfer},
  author={Yang, Gang and Ho, Chin Keong and Zhang, Rui and Guan, Yong Liang},
  journal={IEEE J. Sel. Areas Commun.},
  volume={33},
  number={8},
  pages={1640--1650},
  year={2015},
  publisher={IEEE}
}

@Article{lopez2017ultrareliable,
  author  = {L{\'o}pez, Onel L Alcaraz and Alves, Hirley and Souza, Richard Demo and Fern{\'a}ndez, Evelio Mart{\'\i}n Garc{\'\i}a},
  title   = {Ultra reliable short-packet communications with wireless energy transfer},
  journal = {IEEE Signal Process. Lett.},
  year    = {2017},
  volume  = {24},
  number  = {4},
  pages   = {387--391},
}

@article{khan2017wirelessly,
  title={Wirelessly powered communication networks with short packets},
  author={Khan, Talha Ahmed and Heath, Robert W and Popovski, Petar},
  journal={IEEE Trans. Commun.},
  volume={65},
  number={12},
  pages={5529--5543},
  year={2017},
  publisher={IEEE}
}
@article{makki2016wireless,
  title={Wireless energy and information transmission using feedback: Infinite and finite block-length analysis},
  author={Makki, Behrooz and Svensson, Tommy and Zorzi, Michele},
  journal={IEEE Trans.  Commun.},
  volume={64},
  number={12},
  pages={5304--5318},
  year={2016},
  publisher={IEEE}
}




@article{Onel2018Cooperative,
  title={Ultra-Reliable Cooperative Short-Packet Communications With Wireless Energy Transfer},
author={L{\'o}pez, Onel L Alcaraz and Fern{\'a}ndez, Evelio Mart{\'\i}n Garc{\'\i} and Souza, Richard Demo and Alves, Hirley},
  journal={IEEE Sensors J.},
  volume={18},
  number={5},
  pages={2161--2177},
mounth={Jan.},
  year={2018},
  publisher={IEEE}
}










@article{palomar2006tutorial,
  title={A tutorial on decomposition methods for network utility maximization},
  author={Palomar, Daniel P{\'e}rez and Chiang, Mung},
  journal={IEEE J. Sel. Areas Commun.},
  volume={24},
  number={8},
  pages={1439--1451},
  year={2006},
}

@article{park2012new,
  title={A new power allocation method for parallel AWGN channels in the finite block length regime},
  author={Park, Jung-Hyun and Park, Dong-Jo},
  journal={IEEE Commun. Lett.},
  volume={16},
  number={9},
  pages={1392--1395},
  year={2012},
}

@article{shi2014joint,
  title={Joint transmit beamforming and receive power splitting for {MISO} {SWIPT} systems},
  author={Shi, Qingjiang and Liu, Liang and Xu, Weiqiang and Zhang, Rui},
  journal={IEEE Trans. Wireless Commun.},
  volume={13},
  number={6},
  pages={3269--3280},
  year={2014},
  publisher={IEEE}
}
@article{liu2014secrecy,
  title={Secrecy Wireless Information and Power Transfer With {MISO} Beamforming},
  author={Liu, Liang and Zhang, Rui and Chua, Kee-Chaing},
  journal={IEEE Trans. Signal Process.},
  volume={62},
  number={7},
  year={2014}
}

@article{kalamkar2016resource,
  title={Resource allocation and fairness in wireless powered cooperative cognitive radio networks},
  author={Kalamkar, Sanket S and Jeyaraj, Jeya Pradha and Banerjee, Adrish and Rajawat, Ketan},
journal={IEEE Trans.  Commun.},
  volume={64},
  number={8},
  pages={3246--3261},
  year={2016},
  publisher={IEEE}
}
@article{ozcan2013throughput,
  title={Throughput of cognitive radio systems with finite blocklength codes},
  author={Ozcan, Gozde and Gursoy, M Cenk},
  journal={IEEE J. Sel. Areas Commun.},  
  volume={31},
  number={11},
  pages={2541--2554},
  year={2013},
  publisher={IEEE}
}

@article{hu2016blocklength,
  title={Blocklength-limited performance of relaying under quasi-static rayleigh channels},
  author={Hu, Yulin and Schmeink, Anke and Gross, James},
journal={IEEE Trans. Wireless Commun.},
  volume={15},
  number={7},
  pages={4548--4558},
  year={2016},
  publisher={IEEE}
}
  organization={IEEE}
@inproceedings{yang2017secrecy,
  title={Secrecy-reliability tradeoff for semi-deterministic wiretap channels at finite blocklength},
  author={Yang, Wei and Schaefer, Rafael F and Poor, H Vincent},
  booktitle={Proc. IEEE ISIT},
  pages={2133--2137},
  year={2017},
}
@article{ju2014optimal,
  title={Optimal resource allocation in full-duplex wireless-powered communication network},
  author={Ju, H and Zhang, Rui},
  journal={IEEE Trans.  Commun.},
  volume={62},
  number={10},
  pages={3528--3540},
  year={2014},
  publisher={IEEE}
}






journal={IEEE Communications Magazine},
@article{bi2015wireless,
  title={Wireless powered communication: Opportunities and challenges},
  author={Bi, Suzhi and Ho, Chin Keong and Zhang, Rui},
  journal={{IEEE} Commun. Mag.},
  volume={53},
  number={4},
  pages={117--125},
  year={2015},
  publisher={IEEE}
}

@article{xu2014multiuser,
  title={Multiuser {MISO} beamforming for simultaneous wireless information and power transfer},
  author={Xu, Jie and Liu, Liang and Zhang, Rui},
  journal={IEEE Trans. Signal Process.},
  volume={62},
  number={18},
  pages={4798--4810},
  year={2014},
  publisher={IEEE}
}





@article{zeng2015full,
  title={Full-duplex wireless-powered relay with self-energy recycling},
  author={Zeng, Yong and Zhang, Rui},
    journal={IEEE Wireless Commun. Lett.},
  volume={4},
  number={2},
  pages={201--204},
  year={2015},
  publisher={IEEE}
}



@article{lee2015cognitive,
  title={Cognitive wireless powered network: Spectrum sharing models and throughput maximization},
  author={Lee, Seunghyun and Zhang, Rui},
  journal={IEEE Trans. Cognitive Commun. Net.},
  volume={1},
  number={3},
  pages={335--346},
  year={2015},
  publisher={IEEE}
}




@article{liu2014multi,
  title={Multi-antenna wireless powered communication with energy beamforming},
  author={Liu, Liang and Zhang, Rui and Chua, Kee-Chaing},
 journal={IEEE Trans.  Commun.},
  volume={62},
  number={12},
  pages={4349--4361},
  year={2014},
  publisher={IEEE}
}@article{burer2012non,
  title={Non-convex mixed-integer nonlinear programming: A survey},
  author={Burer, Samuel and Letchford, Adam N},
  journal={Surveys in Operations Research and Management Science},
  volume={17},
  number={2},
  pages={97--106},
  year={2012},
  publisher={Elsevier}
}

@Article{chen2018resource,
  author  = {Jie Chen and Lin Zhang and Ying-Chang Liang and Xin Kang and Rui Zhang},
  title   = {Resource Allocation for Wireless-Powered {I}o{T} Networks with Short Packet Communication},
  journal = {submitted to IEEE Trans. Wireless Commun.},
  year    = {2018},
}

@InProceedings{chen2018Effective,
  author    = {Jie Chen and Ying-Chang Liang and Xin Kang and and Rui Zhang},
  title     = {Effective-throughput for Wireless-Powered {I}o{T} Networks with Short Packet Communication},
  booktitle = {Proc. IEEE Globecom workshop},
  year      = {2018},
  pages     = {1--6},
}

  organization={IEEE}
 @inproceedings{benjebbour2013system,
  title={System-level performance of downlink {NOMA} for future LTE enhancements},
  author={Benjebbour, Anass and Li, Anxin and Saito, Yuya and Kishiyama, Yoshihisa and Harada, Atsushi and Nakamura, Takehiro},
  booktitle={Proc. IEEE Globecom workshop},
  pages={66--70},
  year={2013},
}
@article{wei2017optimal,
  title={Optimal resource allocation for power-efficient {MC-NOMA} with imperfect channel state information},
  author={Wei, Zhiqiang and Ng, Derrick Wing Kwan and Yuan, Jinhong and Wang, Hui-Ming},
 journal={IEEE Trans.  Commun.},
  volume={65},
  number={9},
  pages={3944--3961},
  year={2017},
  publisher={IEEE}
}

@article{lei2016power,
  title={Power and channel allocation for non-orthogonal multiple access in 5{G} systems: Tractability and computation},
  author={Lei, Lei and Yuan, Di and Ho, Chin Keong and Sun, Sumei},
 journal={IEEE Trans. Wireless Commun.},
  volume={15},
  number={12},
  pages={8580--8594},
  year={2016},
  publisher={IEEE}
}@article{sun2018robust,
  title={Robust and Secure Resource Allocation for Full-Duplex {MISO} Multicarrier {NOMA} Systems},
  author={Sun, Yan and Ng, Derrick Wing Kwan and Zhu, Jun and Schober, Robert},
  journal={IEEE Trans.  Commun.},
  year={2018},
  publisher={IEEE}
}

@Article{ding2015cooperative,
  author    = {Ding, Zhiguo and Peng, Mugen and Poor, H Vincent},
  title     = {Cooperative non-orthogonal multiple access in 5G systems},
  journal   = {IEEE Commun. Lett.},
  year      = {2015},
  volume    = {19},
  number    = {8},
  pages     = {1462--1465},
  publisher = {IEEE},
}
@article{di2016sub,
  title={Sub-channel assignment, power allocation, and user scheduling for non-orthogonal multiple access networks},
  author={Di, Boya and Song, Lingyang and Li, Yonghui},
 journal={IEEE Trans. Wireless Commun.},
  volume={15},
  number={11},
  pages={7686--7698},
  year={2016},
  publisher={IEEE}
}


@article{sun2018short,
  title={Short-packet downlink transmission with non-orthogonal multiple access},
  author={Sun, Xiaofang and Yan, Shihao and Yang, Nan and Ding, Zhiguo and Shen, Chao and Zhong, Zhangdui},
   journal={IEEE Trans. Wireless Commun. },
  volume={17},
  number={7},
  pages={4550--4564},
  year={2018},
  publisher={IEEE}
}






@Article{yu2018performance,
  author    = {Yu, Yuehua and Chen, He and Li, Yonghui and Ding, Zhiguo and Vucetic, Branka},
  title     = {On the Performance of Non-Orthogonal Multiple Access in Short-Packet Communications},
  journal   = {IEEE Commun. Lett.},
  year      = {2018},
  volume    = {22},
  number    = {3},
  pages     = {590--593},
  publisher = {IEEE},
}
@inproceedings{hu2017efficient,
  title={Efficient transmission schemes for low-latency networks: {NOMA} vs. relaying},
  author={Hu, Yulin and Gursoy, M Cenk and Schmeink, Anke},
  booktitle={Proc. IEEE  PIMRC},
  pages={1--6},
  year={2017},
}@article{xu2018energy,
  title={On Energy-Efficient {NOMA} Designs for Heterogeneous Low-Latency Downlink Transmissions},
  author={Xu, Yanqing and Shen, Chao and Chang, Tsung-Hui and Lin, Shih-Chun and Zhao, Yajun and Zhu, Gang},
  journal={arXiv preprint arXiv:1806.09144},
  year={2018}
}@article{sun2017optimal,
  title={Optimal joint power and subcarrier allocation for full-duplex multicarrier non-orthogonal multiple access systems},
  author={Sun, Yan and Ng, Derrick Wing Kwan and Ding, Zhiguo and Schober, Robert},
  journal={IEEE Trans.  Commun.},
  volume={65},
  number={3},
  pages={1077--1091},
  year={2017},
  publisher={IEEE}
}
@Article{amjad2018performance,
  author  = {Amjad, Muhammad and Musavian, Leila},
  title   = {Performance Analysis of {NOMA} for Ultra-Reliable and Low-Latency Communications},
  journal = {arXiv preprint arXiv:1810.02276},
  year    = {2018},
}



@article{avranas2018energy,
  title={Energy-latency tradeoff in ultra-reliable low-latency communication with retransmissions},
  author={Avranas, Apostolos and Kountouris, Marios and Ciblat, Philippe},
 journal={IEEE J. Sel. Areas Commun.},
  volume={36},
  number={11},
  pages={2475--2485},
  year={2018},
  publisher={IEEE}
}


@Article{che2014joint,
  author    = {Che, Enlong and Tuan, Hoang Duong and Nguyen, Ha H},
  title     = {Joint optimization of cooperative beamforming and relay assignment in multi-user wireless relay networks},
  journal   = {IEEE Trans. Wireless Commun.},
  year      = {2014},
  volume    = {13},
  number    = {10},
  pages     = {5481--5495},
  comment   = {related to penalty factor to make sure the equivalent ptoblem transformation},
  publisher = {IEEE},
}

@Article{zhang2017survey,
  author    = {Zhang, Lin and Xiao, Ming and Wu, Gang and Alam, Muhammad and Liang, Ying-Chang and Li, Shaoqian},
  title     = {A survey of advanced techniques for spectrum sharing in 5{G} networks},
  journal   = {IEEE Wireless Commun.},
  year      = {2017},
  volume    = {24},
  number    = {5},
  pages     = {44--51},
  publisher = {IEEE},
}
@article{zhai2018spectrum,
  title={Spectrum Efficient Resource Management for Multi-Carrier-Based {NOMA} Networks: A Graph-Based Method},
  author={Zhai, Daosen and Du, Jianbo},
  journal={IEEE   Wireless Commun. Lett.},
  volume={7},
  number={3},
  pages={388--391},
  year={2018},
  publisher={IEEE}
}


@article{zhang2018average,
  title={Average throughput analysis and optimization in cooperative {I}o{T} networks with short packet communication},
  author={Zhang, Lin and Liang, Ying-Chang},
  journal   = {IEEE Trans. Veh. Technol.},
  volume={67},
  number={12},
  pages={11549--11562},
  year={2018},
  publisher={IEEE}
}



@Article{grant2015cvx,
  author  = {Grant, Michael and Boyd, Stephen and Ye, Yinyu},
  title   = {CVX: Matlab software for disciplined convex programming (2008)},
  journal = {Web page and software available at http://stanford. edu/~ boyd/cvx},
  year    = {2015},
}

@article{ding2016impact,
  title={Impact of User Pairing on 5G Nonorthogonal Multiple-Access Downlink Transmissions.},
  author={Ding, Zhiguo and Fan, Pingzhi and Poor, H Vincent},
  journal   = {IEEE Trans. Veh. Technol.},
  volume={65},
  number={8},
  pages={6010--6023},
  year={2016}
}
@article{zhang2018spectrum,
  title={Spectrum sharing for Internet of Things: A survey},
  author={Zhang, Lin and Liang, Ying-Chang and Xiao, Ming},
  journal={IEEE Wireless Communications},
 volume={26},
  number={3},
  pages={132--139},
  year={2018},
  publisher={IEEE}
}





@article{zhang2017performance1,
  title={Performance analysis and optimization in downlink {NOMA} systems with cooperative full-duplex relaying},
  author={Zhang, Lin and Liu, Jiaqi and Xiao, Ming and Wu, Gang and Liang, Ying-Chang and Li, Shaoqian},
 journal={IEEE J. Sel. Areas Commun.},
  volume={35},
  number={10},
  pages={2398--2412},
  year={2017},
  publisher={IEEE}
}@article{chen2019resource,
  title={Resource Allocation for Wireless-Powered {I}o{T} Networks With Short Packet Communication},
  author={Chen, Jie and Zhang, Lin and Liang, Ying-Chang and Kang, Xin and Zhang, Rui},
  journal   = {IEEE Trans. Wireless Commun.},
  volume={18},
  number={2},
  pages={1447--1461},
  year={2019},
  publisher={IEEE}
}
  journal={IEEE Internet of Things Journal},
@article{guo2018exploiting,
  title={Exploiting multiple antennas for cognitive ambient backscatter communication},
  author={Guo, Huayan and Zhang, Qianqian and Xiao, Sa and Liang, Ying-Chang},
  journal={IEEE Internet Things J.},
  volume={6},
  number={1},
  pages={765--775},
  year={2018},
  publisher={IEEE}
}
@Comment{jabref-meta: databaseType:bibtex;}



% 要求列出作者直接阅读过且在正文中被引用过的正式发表的文献资料，以示对文献作者的尊重。参考文献的标注国际上有通用的习惯，中国也有国家标准规定，不可杜撰。论文中，标注参考文献所依据的标准应该统一，不能混用。参考文献应列在致谢后。

% https://sc.panda321.com/

% Super-Resolution Compressed Sensing for Line Spectral Estimation: An Iterative Reweighted Approach
% @ARTICLE{7478129,  author={Fang, Jun and Wang, Feiyu and Shen, Yanning and Li, Hongbin and Blum, Rick S.},  journal={IEEE Transactions on Signal Processing},   title={Super-Resolution Compressed Sensing for Line Spectral Estimation: An Iterative Reweighted Approach},   year={2016},  volume={64},  number={18},  pages={4649-4662},  doi={10.1109/TSP.2016.2572041}}
%   journal={IEEE Transactions on Signal Processing},
@article{fang2016super,
  title={Super-resolution compressed sensing for line spectral estimation: An iterative reweighted approach},
  author={Fang, Jun and Wang, Feiyu and Shen, Yanning and Li, Hongbin and Blum, Rick S},
  journal={IEEE Trans. Signal Process.},
  volume={64},
  number={18},
  pages={4649--4662},
  year={2016},
  publisher={IEEE}
}

% 适用于智能无线环境的可重构智能表面：6G网络中的信道估计，系统设计和应用
% Reconfigurable Intelligent Surfaces for Smart Wireless Environments: Channel Estimation, System Design and Applications in 6G Networks

% 64 A. Taha, M. Alrabeiah, and A. Alkhateeb, “Enabling large intelligent surfaces with compressive sensing and deep learning,” arXiv preprint arXiv:1904.10136, 2019.
% \citing{taha2019enabling64}
@article{taha2019enabling64,
  title={Enabling large intelligent surfaces with compressive sensing and deep learning},
  author={Taha, Abdelrahman and Alrabeiah, Muhammad and Alkhateeb, Ahmed},
  journal={arXiv preprint arXiv:1904.10136},
  year={2019}
}
% 65 J. Zhang, C. Qi, P. Li, and P. Lu, “Channel estimation for reconfigurable intelligent surface aided massive MIMO system,” in Proc. IEEE SPAWC, 2020, pp. 1–5.
% \citing{zhang2020channel65}
  organization={IEEE}
@inproceedings{zhang2020channel65,
  title={Channel Estimation for Reconfigurable Intelligent Surface Aided Massive {MIMO} System},
  author={Zhang, Jinming and Qi, Chenhao and Li, Ping and Lu, Ping},
  booktitle={2020 IEEE 21st International Workshop on Signal Processing Advances in Wireless Communications (SPAWC)},
  pages={1--5},
  year={2020},
}
% 66 Z.-Q. He and X. Yuan, “Cascaded channel estimation for large intelligent metasurface assisted massive MIMO,” IEEE Wireless Commun. Lett., vol. 9, no. 2, pp. 210–214, 2019.
% \citing{he2019cascaded66}
@article{he2019cascaded66,
  title={Cascaded channel estimation for large intelligent metasurface assisted massive {MIMO}},
  author={He, Zhen-Qing and Yuan, Xiaojun},
  journal={IEEE Wireless Commun. Lett. },
  volume={9},
  number={2},
  pages={210--214},
  year={2019},
  publisher={IEEE}
}
% 67 H. Liu, X. Yuan, and Y.-J. A. Zhang, “Matrix-calibration-based cascaded channel estimation for reconfigurable intelligent surface assisted multiuser MIMO,” IEEE J. Sel. Areas Commun., 2020.
% \citing{liu2020matrix67}
@article{liu2020matrix67,
  title={Matrix-calibration-based cascaded channel estimation for reconfigurable intelligent surface assisted multiuser {MIMO}},
  author={Liu, Hang and Yuan, Xiaojun and Zhang, Ying-Jun Angela},
  journal={IEEE J. Sel. Areas Commun.},
  volume={38},
  number={11},
  pages={2621--2636},
  year={2020},
  publisher={IEEE}
}
% journal={IEEE Journal on Selected Areas in Communications},

% 68 X. Guan, Q. Wu, and R. Zhang, “Anchor-assisted intelligent reflecting surface channel estimation for multiuser communications,” arXiv preprint arXiv:2008.00622, 2020.
% \citing{guan2020anchor68}
@article{guan2020anchor68,
  title={Anchor-assisted intelligent reflecting surface channel estimation for multiuser communications},
  author={Guan, Xinrong and Wu, Qingqing and Zhang, Rui},
  journal={arXiv preprint arXiv:2008.00622},
  year={2020}
}
% 69 G. T. de Ara´ujo and A. L. de Almeida, “Parafac-based channel estimation for intelligent reflective surface assisted MIMO system,” in 2020 IEEE 11th Sensor Array and Multichannel Signal Processing Workshop (SAM). IEEE, 2020, pp. 1–5.
% \citing{de2020parafac69}
  organization={IEEE}
@inproceedings{de2020parafac69,
  title={PARAFAC-based channel estimation for intelligent reflective surface assisted {MIMO} system},
  author={de Ara{\'u}jo, Gilderlan T and de Almeida, Andr{\'e} LF},
  booktitle={2020 IEEE 11th Sensor Array and Multichannel Signal Processing Workshop (SAM)},
  pages={1--5},
  year={2020},
}
% 70 L. Wei, C. Huang, G. C. Alexandropoulos, C. Yuen, Z. Zhang, M. Debbah et al., “Channel estimation for ris-empowered multi-user miso wireless communications,” arXiv preprint arXiv:2008.01459, 2020.
% \citing{wei2021channel70}
%   journal={IEEE Transactions on Communications},
@article{wei2021channel70,
  title={Channel estimation for {RIS}-empowered multi-user {MISO} wireless communications},
  author={Wei, Li and Huang, Chongwen and Alexandropoulos, George C and Yuen, Chau and Zhang, Zhaoyang and Debbah, M{\'e}rouane},
  journal={IEEE Trans. Commun.},
  year={2021},
  publisher={IEEE}
}
% 71 D. Mishra and H. Johansson, “Channel estimation and low-complexity beamforming design for passive intelligent surface assisted MISO wireless energy transfer,” in Proc. IEEE ICASSP, 2019, pp. 4659–4663.
% \citing{mishra2019channel71}
%   booktitle={{IEEE} Trans. Acoust., Speech, Signal Process.},
  organization={IEEE}
@inproceedings{mishra2019channel71,
  title={Channel estimation and low-complexity beamforming design for passive intelligent surface assisted {MISO} wireless energy transfer},
  author={Mishra, Deepak and Johansson, H{\aa}kan},
  booktitle={ICASSP 2019-2019 IEEE Int. Conf. on Acoust., Speech and Signal Process. (ICASSP)},
  pages={4659--4663},
  year={2019},
}
% {ICASSP 2019-2019 IEEE International Conference on Acoustics, Speech and Signal Processing (ICASSP)},

% 72 Y. Yang, B. Zheng, S. Zhang, and R. Zhang, “Intelligent reflecting surface meets OFDM: Protocol design and rate maximization,” IEEE Trans. Commun., 2020.
% \citing{yang2020intelligent72}
%   journal={IEEE Transactions on Communications},
@article{yang2020intelligent72,
  title={Intelligent reflecting surface meets {OFDM}: Protocol design and rate maximization},
  author={Yang, Yifei and Zheng, Beixiong and Zhang, Shuowen and Zhang, Rui},
  journal={IEEE Trans. Commun.},
  volume={68},
  number={7},
  pages={4522--4535},
  year={2020},
  publisher={IEEE}
}
% 73 T. L. Jensen and E. De Carvalho, “An optimal channel estimation scheme for intelligent reflecting surfaces based on a minimum variance unbiased estimator,” in Proc. IEEE ICASSP, 2020, pp. 5000–5004.
% \citing{jensen2020optimal73}
  organization={IEEE}
@inproceedings{jensen2020optimal73,
  title={An optimal channel estimation scheme for intelligent reflecting surfaces based on a minimum variance unbiased estimator},
  author={Jensen, Tobias Lindstr{\o}m and De Carvalho, Elisabeth},
  booktitle={ICASSP 2020-2020 IEEE Int. Conf. on Acoust., Speech and Signal Process. (ICASSP)},
  pages={5000--5004},
  year={2020},
}
% {ICASSP 2020-2020 IEEE International Conference on Acoustics, Speech and Signal Processing (ICASSP)},

% 74 S. Sun and H. Yan, “Channel estimation for reconfigurable intelligent surface-assisted wireless communications considering doppler effect,” arXiv preprint arXiv:2010.00101, 2020.
% \citing{sun2020channel74}
@article{sun2020channel74,
  title={Channel Estimation for Reconfigurable Intelligent Surface-Assisted Wireless Communications Considering Doppler Effect},
  author={Sun, Shu and Yan, Hangsong},
  journal={IEEE Wireless Commun. Lett. },
  year={2020},
  publisher={IEEE}
}
% (条目[9])2020期刊应该有卷号或者期号（可参阅GB7714-2015的4.3和4.4小节）

% 75 B. Zheng and R. Zhang, “Intelligent reflecting surface-enhanced OFDM: Channel estimation and reflection optimization,” IEEE Wireless Commun. Lett., vol. 9, no. 4, pp. 518–522, 2019.
% \citing{zheng2019intelligent75}
@article{zheng2019intelligent75,
  title={Intelligent reflecting surface-enhanced {OFDM}: Channel estimation and reflection optimization},
  author={Zheng, Beixiong and Zhang, Rui},
  journal={IEEE Wireless Commun. Lett. },
  volume={9},
  number={4},
  pages={518--522},
  year={2019},
  publisher={IEEE}
}


% https://ieeexplore.ieee.org/document/7478129/references
% 用于线谱估计的超分辨率压缩感知：迭代加权方法

% 1.Y. Chi, L. L. Scharf, A. Pezeshki and A. R. Calderbank, "Sensitivity to basis mismatch in compressed sensing", IEEE Trans. Signal Process., vol. 59, no. 5, pp. 2182-2195, May 2011.
% \citing{chi2011sensitivity1}
%   journal={IEEE Transactions on Signal Processing},
@article{chi2011sensitivity1,
  title={Sensitivity to basis mismatch in compressed sensing},
  author={Chi, Yuejie and Scharf, Louis L and Pezeshki, Ali and Calderbank, A Robert},
  journal={IEEE Trans. Signal Process.},
  volume={59},
  number={5},
  pages={2182--2195},
  year={2011},
  publisher={IEEE}
}
% 2.Z. Yang, L. Xie and C. Zhang, "Off-grid direction of arrival estimation using sparse Bayesian inference", IEEE Trans. Signal Process., vol. 61, no. 1, pp. 38-42, Jan. 2013.
% \citing{yang2012off2}
%   journal={IEEE Transactions on Signal Processing},
@article{yang2012off2,
  title={Off-grid direction of arrival estimation using sparse Bayesian inference},
  author={Yang, Zai and Xie, Lihua and Zhang, Cishen},
  journal={IEEE Trans. Signal Process.},
  volume={61},
  number={1},
  pages={38--43},
  year={2012},
  publisher={IEEE}
}
% 3.Z. Tan, P. Yang and A. Nehorai, "Joint sparse recovery method for compressed sensing with structured dictionary mismatches", IEEE Trans. Signal Process., vol. 62, no. 19, pp. 4997-5008, Oct. 2014.
% \citing{tan2014joint3}
%   journal={IEEE Transactions on Signal Processing},
@article{tan2014joint3,
  title={Joint sparse recovery method for compressed sensing with structured dictionary mismatches},
  author={Tan, Zhao and Yang, Peng and Nehorai, Arye},
  journal={IEEE Trans. Signal Process.},
  volume={62},
  number={19},
  pages={4997--5008},
  year={2014},
  publisher={IEEE}
}
% 4.A. Fannjiang and W. Liao, "Coherence pattern-guided compressive sensing with unresolved grids", SIAM J. Imag. Sci., vol. 5, no. 1, pp. 179-202, 2012.
% \citing{fannjiang2012coherence4}
@article{fannjiang2012coherence4,
  title={Coherence pattern--guided compressive sensing with unresolved grids},
  author={Fannjiang, Albert and Liao, Wenjing},
  journal={SIAM J. on Imaging Sciences},
  volume={5},
  number={1},
  pages={179--202},
  year={2012},
  publisher={SIAM}
}
% 5.M. F. Duarte and R. G. Baraniuk, "Spectral compressive sensing", Appl. Comput. Harmon. Anal., vol. 35, pp. 111-129, 2013.
% \citing{duarte2013spectral5}
@article{duarte2013spectral5,
  title={Spectral compressive sensing},
  author={Duarte, Marco F and Baraniuk, Richard G},
  journal={Applied and Computational Harmonic Analysis},
  volume={35},
  number={1},
  pages={111--129},
  year={2013},
  publisher={Elsevier}
}
% 6.E. Candès and C. Fernandez-Granda, "Towards a mathematical theory of super-resolution", Commun. Pure Appl. Math., vol. 67, no. 6, pp. 906-956, Jun. 2014.
% \citing{candes2014towards6}
@article{candes2014towards6,
  title={Towards a mathematical theory of super-resolution},
  author={Cand{\`e}s, Emmanuel J and Fernandez-Granda, Carlos},
  journal={Communications on pure and applied Mathematics},
  volume={67},
  number={6},
  pages={906--956},
  year={2014},
  publisher={Wiley Online Library}
}
% 7.G. Tang, B. N. Bhaskar, P. Shah and B. Recht, "Compressed sensing off the grid", IEEE Trans. Inf. Theory, vol. 59, no. 11, pp. 7465-7490, Nov. 2013.
% \citing{tang2013compressed7}
@article{tang2013compressed7,
  title={Compressed sensing off the grid},
  author={Tang, Gongguo and Bhaskar, Badri Narayan and Shah, Parikshit and Recht, Benjamin},
  journal={IEEE transactions on information theory},
  volume={59},
  number={11},
  pages={7465--7490},
  year={2013},
  publisher={IEEE}
}
% 8.B. N. Bhaskar, G. Tang and B. Recht, "Atomic norm denoising with applications to line spectral estimation", IEEE Trans. Signal Process., vol. 61, no. 23, pp. 5987-5999, Dec. 2013.
% \citing{bhaskar2013atomic8}
%   journal={IEEE Transactions on Signal Processing},
@article{bhaskar2013atomic8,
  title={Atomic norm denoising with applications to line spectral estimation},
  author={Bhaskar, Badri Narayan and Tang, Gongguo and Recht, Benjamin},
  journal={IEEE Trans. Signal Process.},
  volume={61},
  number={23},
  pages={5987--5999},
  year={2013},
  publisher={IEEE}
}
% 9.G. Tang, B. N. Bhaskar and B. Recht, "Near minimax line spectral estimation", IEEE Trans. Inf. Theory, vol. 61, no. 1, pp. 499-512, Jan. 2015.
% \citing{tang2014near9}
@article{tang2014near9,
  title={Near minimax line spectral estimation},
  author={Tang, Gongguo and Bhaskar, Badri Narayan and Recht, Benjamin},
  journal={IEEE Transactions on Information Theory},
  volume={61},
  number={1},
  pages={499--512},
  year={2014},
  publisher={IEEE}
}
% 10.Z. Yang and L. Xie, "On gridless sparse methods for line spectral estimation from complete and incomplete data", IEEE Trans. Signal Process., vol. 63, no. 12, pp. 3139-3153, Jun. 2015.
% \citing{yang2015gridless10}
%   journal={IEEE Transactions on Signal Processing},
@article{yang2015gridless10,
  title={On gridless sparse methods for line spectral estimation from complete and incomplete data},
  author={Yang, Zai and Xie, Lihua},
  journal={IEEE Trans. Signal Process.},
  volume={63},
  number={12},
  pages={3139--3153},
  year={2015},
  publisher={IEEE}
}
% 11.Y. Chen and Y. Chi, "Robust spectral compressed sensing via structured matrix completion", IEEE Trans. Inf. Theory, vol. 60, no. 10, pp. 6576-6601, Oct. 2014.
% \citing{chen2013spectral11}
  organization={PMLR}
@inproceedings{chen2013spectral11,
  title={Spectral compressed sensing via structured matrix completion},
  author={Chen, Yuxin and Chi, Yuejie},
  booktitle={Int. Conf. Machine Learning},
  pages={414--422},
  year={2013},
}
% booktitle={International Conference on Machine Learning},


% 12.L. Hu, Z. Shi, J. Zhou and Q. Fu, "Compressed sensing of complex sinusoids: An approach based on dictionary refinement", IEEE Trans. Signal Process., vol. 60, no. 7, pp. 3809-3822, 2012.
% \citing{hu2012compressed12}
%   journal={IEEE Transactions on Signal Processing},
@article{hu2012compressed12,
  title={Compressed sensing of complex sinusoids: An approach based on dictionary refinement},
  author={Hu, Lei and Shi, Zhiguang and Zhou, Jianxiong and Fu, Qiang},
  journal={IEEE Trans. Signal Process.},
  volume={60},
  number={7},
  pages={3809--3822},
  year={2012},
  publisher={Ieee}
}
% 13.T. L. Hansen, M. A. Badiu, B. H. Fleury and B. D. Rao, "A sparse Bayesian learning algorithm with dictionary parameter estimation", IEEE 8th Sensor Array Multichannel Signal Process. Workshop (SAM), 2014.
% \citing{hansen2014sparse13}
  organization={IEEE}
@inproceedings{hansen2014sparse13,
  title={A sparse Bayesian learning algorithm with dictionary parameter estimation},
  author={Hansen, Thomas L and Badiu, Mihai A and Fleury, Bernard H and Rao, Bhaskar D},
  booktitle={2014 IEEE 8th Sensor Array and Multichannel Signal Processing Workshop (SAM)},
  pages={385--388},
  year={2014},
}
% 14.M. Yaghoobi, L. Daudet and M. E. Davies, "Parametric dictionary design for sparse coding", IEEE Trans. Signal Process., vol. 57, no. 12, pp. 4800-4810, Dec. 2009.
% \citing{yaghoobi2009parametric14}
%   journal={IEEE Transactions on Signal Processing},
@article{yaghoobi2009parametric14,
  title={Parametric dictionary design for sparse coding},
  author={Yaghoobi, Mehrdad and Daudet, Laurent and Davies, Mike E},
  journal={IEEE Trans. Signal Process.},
  volume={57},
  number={12},
  pages={4800--4810},
  year={2009},
  publisher={IEEE}
}

% 15.I. F. Gorodnitsky and B. D. Rao, "Sparse signal reconstructions from limited data using FOCUSS: A re-weighted minimum norm algorithm", IEEE Trans. Signal Process., vol. 45, no. 3, pp. 699-616, Mar. 1997.
% \citing{gorodnitsky1997sparse15}
%   journal={IEEE Transactions on Signal Processing},
@article{gorodnitsky1997sparse15,
  title={Sparse signal reconstruction from limited data using FOCUSS: A re-weighted minimum norm algorithm},
  author={Gorodnitsky, Irina F and Rao, Bhaskar D},
  journal={IEEE Trans. Signal Process.},
  volume={45},
  number={3},
  pages={600--616},
  year={1997},
  publisher={IEEE}
}
% 16.B. D. Rao and K. Kreutz-Delgado, "An affine scaling methodology for best basis selection", IEEE Trans. Signal Process., vol. 47, no. 1, pp. 187-200, Jan. 1999.
% \citing{rao1999affine16}
%   journal={IEEE Transactions on Signal Processing},
@article{rao1999affine16,
  title={An affine scaling methodology for best basis selection},
  author={Rao, Bhaskar D and Kreutz-Delgado, Kenneth},
  journal={IEEE Trans. Signal Process.},
  volume={47},
  number={1},
  pages={187--200},
  year={1999},
  publisher={IEEE}
}
% 17.E. Candès, M. Wakin and S. Boyd, " Enhancing sparsity by reweighted l1 minimization ", J. Fourier Anal. Appl., vol. 14, pp. 877-905, Dec. 2008.
% \citing{candes2008enhancing17}
@article{candes2008enhancing17,
  title={Enhancing sparsity by reweighted $\ell_1$ minimization},
  author={Candes, Emmanuel J and Wakin, Michael B and Boyd, Stephen P},
  journal={J. of Fourier analysis and applications},
  volume={14},
  number={5-6},
  pages={877--905},
  year={2008},
  publisher={Springer}
}
% 18.R. Chartrand and W. Yin, "Iterative reweighted algorithm for compressive sensing", IEEE Int. Conf. Acoust. Speech Signal Process., 2008.
% \citing{chartrand2008iteratively18}
  organization={IEEE}
@inproceedings{chartrand2008iteratively18,
  title={Iteratively reweighted algorithms for compressive sensing},
  author={Chartrand, Rick and Yin, Wotao},
  booktitle={2008 IEEE international conference on acoustics, speech and signal processing},
  pages={3869--3872},
  year={2008},
}
% 19.D. Wipf and S. Nagarajan, " Iterative reweighted ell1 and ell2 methods for finding sparse solutions ", IEEE J. Sel. Topics Signal Process., vol. 4, no. 2, pp. 317-329, Apr. 2010.
% \citing{wipf2010iterative19}
% journal={IEEE Journal of Selected Topics in Signal Processing},
@article{wipf2010iterative19,
  title={Iterative reweighted $\ell_1$ and $\ell_2$ methods for finding sparse solutions},
  author={Wipf, David and Nagarajan, Srikantan},
  journal={IEEE J. Sel. Topics Signal Process.},
  volume={4},
  number={2},
  pages={317--329},
  year={2010},
  publisher={IEEE}
}
% 20.J. Fang, J. Li, Y. Shen, H. Li and S. Li, "Super-resolution compressed sensing: An iterative reweighted algorithm for joint parameter learning and sparse signal recovery", IEEE Signal Process. Lett., vol. 21, no. 6, pp. 761-765, Jun. 2014.
% \citing{wipf2010iterative19}

% 21.R. Schmidt, "Multiple emitter location and signal parameter estimation", IEEE Trans. Antennas Propag., no. 3, pp. 276-280, Mar. 1986.
% \citing{wipf2010iterative19}

% 22.R. Roy and T. Kailath, "ESPRIT-estimation of signal parameters via rotational invariance techniques", IEEE Trans. Acoust. Speech Signal Process., vol. 37, no. 7, pp. 984-995, Jul. 1989.
% \citing{wipf2010iterative19}

% 23.Y. Hua and T. K. Sarkar, "Matrix pencil method for estimating parameters of exponentially damped/undamped sinusoids in noise", IEEE Trans. Acoust. Speech Signal Process., vol. 38, no. 5, pp. 814-824, May 1990.
% \citing{wipf2010iterative19}

% 24.B. Friedlander, "An efficient parametric technique for Doppler-delay estimation", IEEE Trans. Signal Process., vol. 60, no. 8, pp. 3953-3963, Aug. 2012.
% \citing{wipf2010iterative19}

% 25.Z. Tan, Y. C. Eldar and A. Nehorai, "Direction of arrival estimation using co-prime arrays: A super resolution viewpoint", IEEE Trans. Signal Process., vol. 62, no. 21, pp. 5565-5576, Nov. 2014.
% \citing{wipf2010iterative19}

% 26.Y. Shen, J. Fang and H. Li, "Exact reconstruction analysis of log-sum minimization for compressed sensing", IEEE Signal Process. Lett., vol. 20, pp. 1223-1226, Dec. 2013.
% \citing{shen2013exact26}
%   journal={IEEE Signal Processing Letters},
@article{shen2013exact26,
  title={Exact reconstruction analysis of log-sum minimization for compressed sensing},
  author={Shen, Yanning and Fang, Jun and Li, Hongbin},
  journal={{IEEE} Signal Process. Lett.},
  volume={20},
  number={12},
  pages={1223--1226},
  year={2013},
  publisher={IEEE}
}
% 27.M. Ataee, H. Zayyani, M. Babaie-Zadeh and C. Jutten, "Parametric dictionary learning using steepest descent", IEEE Int. Conf. Acoust. Speech Signal Process., 2010.
% \citing{shen2013exact26}

% 28.K. Lange, D. Hunter and I. Yang, "Optimization transfer using surrogate objective functions", J. Comput. Graph. Statist., vol. 9, no. 1, pp. 1-20, Mar. 2000.
% \citing{lange2000optimization28}
@article{lange2000optimization28,
  title={Optimization transfer using surrogate objective functions},
  author={Lange, Kenneth and Hunter, David R and Yang, Ilsoon},
  journal={J. of computational and graphical statistics},
  volume={9},
  number={1},
  pages={1--20},
  year={2000},
  publisher={Taylor \& Francis}
}













% Channel Estimation for Reconfigurable Intelligent Surface Aided Multi-User mmWave MIMO Systems
% 可重构智能表面辅助多用户MIMO系统的信道估计
% \citing{chen2019channel}
@article{chen2019channel,
  title={Channel estimation for reconfigurable intelligent surface aided multi-user mmWave {MIMO}
systems},
  author={Chen, Jie and Liang, Ying-Chang and Cheng, Hei Victor and Yu, Wei},
  journal={arXiv preprint arXiv:1912.03619},
  year={2019}
}
%   journal={to appear in IEEE Trans. Wireless Commun.},
%   year={2021}


% [4]   Y.-C. Liang, R. Long, Q. Zhang, J. Chen, H. V. Cheng, and H. Guo, “Large intelligent surface/antennas (LISA): Makingreflective radios smart,”J. Commun. Inf. Netw., vol. 4, no. 2, Jun. 2019, also available at arXiv preprint arXiv:1906.06578.
% \cite{liang2019large4}
@article{liang2019large4,
  title={Large intelligent surface/antennas (LISA): Making reflective radios smart},
  author={Liang, Ying-Chang and Long, Ruizhe and Zhang, Qianqian and Chen, Jie and Cheng, Hei Victor and Guo, Huayan},
  journal={J. of Communications and Information Networks},
  volume={4},
  number={2},
  pages={40--50},
  year={2019},
  publisher={PTP}
}


% [8]   W.  Tang,  M.  Z.  Chen,  X.  Chen,  J.  Y.  Dai,  Y.  Han,  M.  Di  Renzo,  Y.  Zeng,  S.  Jin,  Q.  Cheng,  and  T.  J.  Cui,  “Wireless communications with reconfigurable intelligent surface: Path loss modeling and experimental measurement,”arXiv preprintarXiv:1911.05326, 2019.
% \cite{tang2020wireless8}
%   journal={IEEE Transactions on Wireless Communications},
@article{tang2020wireless8,
  title={Wireless communications with reconfigurable intelligent surface: Path loss modeling and experimental measurement},
  author={Tang, Wankai and Chen, Ming Zheng and Chen, Xiangyu and Dai, Jun Yan and Han, Yu and Di Renzo, Marco and Zeng, Yong and Jin, Shi and Cheng, Qiang and Cui, Tie Jun},
  journal={IEEE Trans. Wireless Commun.},
  volume={20},
  number={1},
  pages={421--439},
  year={2020},
  publisher={IEEE}
}


% [10]   Q. Wu and R. Zhang, “Intelligent reflecting surface enhanced wireless network via joint active and passive beamforming,”IEEE Trans. Wireless Commun., vol. 18, no. 11, pp. 5394–5409, 2019.
% \cite{wu2019intelligent10}
%   journal={IEEE Transactions on Wireless Communications},
@article{wu2019intelligent10,
  title={Intelligent reflecting surface enhanced wireless network via joint active and passive beamforming},
  author={Wu, Qingqing and Zhang, Rui},
  journal={IEEE Trans. Wireless Commun.},
  volume={18},
  number={11},
  pages={5394--5409},
  year={2019},
  publisher={IEEE}
}


% [12]   Q. Wu and R. Zhang, “Towards smart and reconfigurable environment: Intelligent reflecting surface aided wireless network,”IEEE Communications Magazine, vol. 58, no. 1, pp. 106–112, 2019.
% \cite{wu2019towards12}
%   journal={IEEE Communications Magazine},
@article{wu2019towards12,
  title={Towards smart and reconfigurable environment: Intelligent reflecting surface aided wireless network},
  author={Wu, Qingqing and Zhang, Rui},
  journal={{IEEE} Commun. Mag.},
  volume={58},
  number={1},
  pages={106--112},
  year={2019},
  publisher={IEEE}
}
% [13]   J. Chen, Y.-C. Liang, Y. Pei, and H. Guo, “Intelligent reflecting surface: A programmable wireless environment for physicallayer security,”IEEE ACCESS, vol. 7, pp. 82 599 – 82 612, Jun. 2019.
% \cite{chen2019intelligent13}
@article{chen2019intelligent13,
  title={Intelligent reflecting surface: A programmable wireless environment for physical layer security},
  author={Chen, Jie and Liang, Ying-Chang and Pei, Yiyang and Guo, Huayan},
  journal={IEEE Access},
  volume={7},
  pages={82599--82612},
  year={2019},
  publisher={IEEE}
}

% [16]   H. Guo, Y.-C. Liang, J. Chen, and E. G. Larsson, “Weighted sum-rate maximization for reconfigurable intelligent surfaceaided wireless networks,”IEEE Trans. Wireless Commun., 2020.
% \cite{guo2020weighted16}
%   journal={IEEE Transactions on Wireless Communications},
@article{guo2020weighted16,
  title={Weighted sum-rate maximization for reconfigurable intelligent surface aided wireless networks},
  author={Guo, Huayan and Liang, Ying-Chang and Chen, Jie and Larsson, Erik G},
  journal={IEEE Trans. Wireless Commun.},
  volume={19},
  number={5},
  pages={3064--3076},
  year={2020},
  publisher={IEEE}
}




% [25] T. L. Jensen and E. De Carvalho, “An optimal channel estimation scheme for intelligent reflecting surfaces based on a minimum variance unbiased estimator,” in Proc. IEEE ICASSP, 2020, pp. 5000–5004.
% \citing{jensen2020optimal73}

% [26] B. Zheng and R. Zhang, “Intelligent reflecting surface-enhanced OFDM: Channel estimation and reflection optimization,” IEEE Wireless Commun. Lett., vol. 9, no. 4, pp. 518–522, 2019.
% \citing{zheng2019intelligent75}

% [27] C. You, B. Zheng, and R. Zhang, “Intelligent reflecting surface with discrete phase shifts: Channel estimation and passive beamforming,” arXiv preprint arXiv:1911.03916, 2019.

% [30] C.-R. Tsai, Y.-H. Liu, and A.-Y. Wu, “Efficient compressive channel estimation for millimeter-wave large-scale antenna systems,” IEEE Trans. Signal Process., vol. 66, no. 9, pp. 2414–2428, 2018.
% \citing{tsai2018efficient30}
%   journal={IEEE Transactions on Signal Processing},
@article{tsai2018efficient30,
  title={Efficient compressive channel estimation for millimeter-wave large-scale antenna systems},
  author={Tsai, Cheng-Rung and Liu, Yu-Hsin and Wu, An-Yeu},
  journal={IEEE Trans. Signal Process.},
  volume={66},
  number={9},
  pages={2414--2428},
  year={2018},
  publisher={IEEE}
}
% [31] X. Rao and V. K. Lau, “Distributed compressive CSIT estimation and feedback for fdd multi-user massive MIMO systems,” IEEE Trans. Signal Process., vol. 62, no. 12, pp. 3261–3271, 2014.
% \citing{rao2014distributed31}
%   journal={IEEE Transactions on Signal Processing},
@article{rao2014distributed31,
  title={Distributed compressive {CSIT} estimation and feedback for {FDD} multi-user massive {MIMO} systems},
  author={Rao, Xiongbin and Lau, Vincent KN},
  journal={IEEE Trans. Signal Process.},
  volume={62},
  number={12},
  pages={3261--3271},
  year={2014},
  publisher={IEEE}
}
% [32] Y. Ding and B. D. Rao, “Dictionary learning-based sparse channel representation and estimation for fdd massive mimo systems,” IEEE Trans. Wireless Commun., vol. 17, no. 8, pp. 5437–5451, 2018.
% \citing{ding2018dictionary32}
%   journal={IEEE Transactions on Wireless Communications},
@article{ding2018dictionary32,
  title={Dictionary learning-based sparse channel representation and estimation for {FDD} massive {MIMO} systems},
  author={Ding, Yacong and Rao, Bhaskar D},
  journal={IEEE Trans. Wireless Commun.},
  volume={17},
  number={8},
  pages={5437--5451},
  year={2018},
  publisher={IEEE}
}
% [33] B. Zheng, C. You, and R. Zhang, “Intelligent reflecting surface assisted multi-user ofdma: Channel estimation and training design,” arXiv preprint arXiv:2003.00648, 2020.
% \citing{dvsdvsv}

% [34] J. A. Tropp and A. C. Gilbert, “Signal recovery from random measurements via orthogonal matching pursuit,” IEEE Trans. Inf. Theory, vol. 53, no. 12, pp. 4655–4666, 2007.
% \citing{tropp2007signal34}
@article{tropp2007signal34,
  title={Signal recovery from random measurements via orthogonal matching pursuit},
  author={Tropp, Joel A and Gilbert, Anna C},
  journal={IEEE Transactions on information theory},
  volume={53},
  number={12},
  pages={4655--4666},
  year={2007},
  publisher={IEEE}
}
% [35] J. Chen, L. Zhang, and Y.-C. Liang, “Exploiting Gaussian mixture model clustering for full-duplex transceiver design,” IEEE Trans. Commun., vol. 67, no. 8, pp. 5802–5816, May 2019.
% \citing{chen2019exploiting35}
%   journal={IEEE Transactions on Communications},
@article{chen2019exploiting35,
  title={Exploiting Gaussian mixture model clustering for full-duplex transceiver design},
  author={Chen, Jie and Zhang, Lin and Liang, Ying-Chang},
  journal={IEEE Trans. Commun.},
  volume={67},
  number={8},
  pages={5802--5816},
  year={2019},
  publisher={IEEE}
}
% [36] H. Liu, X. Yuan, and Y.-J. A. Zhang, “Matrix-calibration-based cascaded channel estimation for reconfigurable intelligent surface assisted multiuser mimo,” IEEE J. Sel. Areas Commun., 2020.
% \citing{liu2020matrix67}

% [37] H. Akaike, “Information theory and an extension of the maximum likelihood principle,” in Selected papers of hirotugu akaike. Springer, 1998, pp. 199–213.
% \citing{akaike1998information37}
@incollection{akaike1998information37,
  title={Information theory and an extension of the maximum likelihood principle},
  author={Akaike, Hirotogu},
  booktitle={Selected papers of hirotugu akaike},
  pages={199--213},
  year={1998},
  publisher={Springer}
}
% [38] A. Paulraj, B. Ottersten, R. Roy, A. Swindlehurst, G. Xu, and T. Kailath, “subspace methods for directions-of-arrival estimation,” Handbook of Statistics, vol. 10, pp. 693–739, 1993.
% \citing{PAULRAJ199369338}
@article{PAULRAJ199369338,
  title={16 Subspace methods for directions-of-arrival estimation},
  author={ Paulraj, A.  and  Ottersten, B.  and  Roy, R.  and  Swindlehurst, A.  and  Xu, G.  and  Kailath, T. },
  journal={Handbook of Statistics},
  volume={10},
  number={05},
  pages={693-739},
  year={1993},
}
@incollection{PAULRAJ1993693,
    title = {16 Subspace methods for directions-of-arrival estimation},
    series = {Handbook of Statistics},
    publisher = {Elsevier},
    volume = {10},
    pages = {693-739},
    year = {1993},
    booktitle = {Signal Processing and its Applications},
    issn = {0169-7161},
    doi = {https://doi.org/10.1016/S0169-7161(05)80082-3},
    url = {https://www.sciencedirect.com/science/article/pii/S0169716105800823},
    author = {A. Paulraj and B. Ottersten and R. Roy and A. Swindlehurst and G. Xu and T. Kailath}
}

% [39] M. Wax and T. Kailath, “Detection of signals by information theoretic criteria,” IEEE Trans. Acoust., Speech, Signal Process., vol. 33, no. 2, pp. 387–392, 1985.
% \citing{wax1985detection39}
@article{wax1985detection39,
  title={Detection of signals by information theoretic criteria},
  author={Wax, Mati and Kailath, Thomas},
  journal={{IEEE} Trans. on Acoust., Speech, and Signal Process.},
  volume={33},
  number={2},
  pages={387--392},
  year={1985},
  publisher={IEEE}
}
% journal={{IEEE} Transactions on acoustics, speech, and signal processing},


% [40] E. J. Candes, M. B. Wakin, and S. P. Boyd, “Enhancing sparsity by reweighted `1 minimization,” J. Fourier Anal. Appl, vol. 14, no. 5-6, pp. 877–905, Dec.
% \citing{candes2008enhancing17}

% [41] D. Wipf and S. Nagarajan, “Iterative reweighted `1 and `2 methods for finding sparse solutions,” IEEE J. Sel. Topics Signal Process., vol. 4, no. 2, pp. 317–329, Apr. 2010.
% \citing{wipf2010iterative19}

% [42] J. Fang, F. Wang, Y. Shen, H. Li, and R. S. Blum, “Super-resolution compressed sensing for line spectral estimation: An iterative reweighted approach,” IEEE Trans. Signal Process., vol. 64, no. 18, pp. 4649–4662, Sep. 2016.
% \citing{fang2016super42}
%   journal={IEEE Transactions on Signal Processing},

% [43] R. E. Carrillo and K. E. Barner, “Iteratively re-weighted least squares for sparse signal reconstruction from noisy measurements,” in IEEE Annual Conference on Information Sciences and Systems, 2009, pp. 448–453.
% \citing{carrillo2009iteratively43}
  organization={IEEE}
@inproceedings{carrillo2009iteratively43,
  title={Iteratively re-weighted least squares for sparse signal reconstruction from noisy measurements},
  author={Carrillo, Rafael E and Barner, Kenneth E},
  booktitle={2009 43rd Annual Conference on Information Sciences and Systems},
  pages={448--453},
  year={2009},
}
% [44] M. E. Tipping, “Sparse bayesian learning and the relevance vector machine,” Journal of machine learning research, vol. 1, no. Jun, pp. 211–244, 2001.
% \citing{tipping2001sparse44}
@article{tipping2001sparse44,
  title={Sparse Bayesian learning and the relevance vector machine},
  author={Tipping, Michael E},
  journal={J. of machine learning research},
  volume={1},
  number={Jun},
  pages={211--244},
  year={2001}
}
% [45] J. Chen, L. Zhang, Y.-C. Liang, X. Kang, and R. Zhang, “Resource allocation for wireless-powered IoT networks with short packet communication,” IEEE Trans. Wireless Commun., vol. 18, no. 2, pp. 1447–1461, Feb. 2019.
% \citing{chen2019resource45}
%   journal={IEEE Transactions on Wireless Communications},
@article{chen2019resource45,
  title={Resource allocation for wireless-powered {IoT} networks with short packet communication},
  author={Chen, Jie and Zhang, Lin and Liang, Ying-Chang and Kang, Xin and Zhang, Rui},
  journal={IEEE Trans. Wireless Commun.},
  volume={18},
  number={2},
  pages={1447--1461},
  year={2019},
  publisher={IEEE}
}


















% https://link.springer.com/article/10.1007%2Fs11432-020-3261-5
% \cite{Liang2021Reconfigurable}
%   journal = {Science China Information Sciences 2021 64:10},
%   doi = {10.1007/S11432-020-3261-5},
%   keywords = {Information Systems and Communication Service,RIS-aided wireless communications,RIS-based information transmission,channel estimation,reconfigurable intelligent surface},
%   publisher = {Springer},
%   url = {https://link.springer.com/article/10.1007/s11432-020-3261-5},
@article{Liang2021Reconfigurable,
   author = {Ying Chang Liang and Jie Chen and Ruizhe Long and Zhen Qing He and Xianqi Lin and Chenlu Huang and Shilin Liu and Xuemin Sherman Shen and Marco Di Renzo},
   issn = {1869-1919},
   issue = {10},
   journal = {Sci. China Inf. Sci. 2021 64:10},
   month = {7},
   pages = {1-21},
   title = {Reconfigurable intelligent surfaces for smart wireless environments: channel estimation, system design and applications in {6G} networks},
   volume = {64},
   year = {2021},
}

% \cite{wang2020compressed}
%   journal={IEEE Signal Processing Letters},
@article{wang2020compressed,
  title={Compressed channel estimation for intelligent reflecting surface-assisted millimeter wave systems},
  author={Wang, Peilan and Fang, Jun and Duan, Huiping and Li, Hongbin},
  journal={{IEEE} Signal Process. Lett.},
  volume={27},
  pages={905--909},
  year={2020},
  publisher={IEEE}
}




@article{liu2020deepresidual,
  title={Deep Residual Learning for Channel Estimation in Intelligent Reflecting Surface-Assisted Multi-User Communications},
  author={Liu, Chang and Liu, Xuemeng and Ng, Derrick Wing Kwan and Yuan, Jinhong},
  journal={{IEEE} Trans. Wireless Commun.},
  year={2021}
}
% https://ieeexplore.ieee.org/document/9505267



% K. Ardah, S. Gherekhloo, A. L. F. de Almeida and M. Haardt, "TRICE: A Channel Estimation Framework for RIS-Aided Millimeter-Wave MIMO Systems," in IEEE Signal Processing Letters, vol. 28, pp. 513-517, 2021, doi: 10.1109/LSP.2021.3059363.
@article{ardah2021trice,
  title={TRICE: A channel estimation framework for {RIS}-aided millimeter-wave MIMO systems},
  author={Ardah, Khaled and Gherekhloo, Sepideh and de Almeida, Andr{\'e} LF and Haardt, Martin},
  journal={{IEEE} Signal Process. Lett.},
  volume={28},
  pages={513--517},
  year={2021},
  publisher={IEEE}
}

% G. Zhou, C. Pan, H. Ren, P. Popovski and A. L. Swindlehurst, "Channel Estimation for RIS-Aided Multiuser Millimeter-Wave Systems," in IEEE Transactions on Signal Processing, vol. 70, pp. 1478-1492, 2022, doi: 10.1109/TSP.2022.3158024.
@article{zhou2022channel,
  title={Channel estimation for {RIS}-aided multiuser millimeter-wave systems},
  author={Zhou, Gui and Pan, Cunhua and Ren, Hong and Popovski, Petar and Swindlehurst, A Lee},
  journal={{IEEE} Trans. Signal Process.},
  volume={70},
  pages={1478--1492},
  year={2022},
  publisher={IEEE}
}

% X. Guan, Q. Wu and R. Zhang, "Anchor-Assisted Channel Estimation for Intelligent Reflecting Surface Aided Multiuser Communication," in IEEE Transactions on Wireless Communications, vol. 21, no. 6, pp. 3764-3778, June 2022, doi: 10.1109/TWC.2021.3123674.
@article{guan2021anchor,
  title={Anchor-assisted channel estimation for intelligent reflecting surface aided multiuser communication},
  author={Guan, Xinrong and Wu, Qingqing and Zhang, Rui},
  journal={{IEEE} Trans. Wireless Commun.},
  year={2021},
  publisher={IEEE}
}

% H. Liu, J. Zhang, Q. Wu, H. Xiao and B. Ai, "ADMM Based Channel Estimation for RISs Aided Millimeter Wave Communications," in IEEE Communications Letters, vol. 25, no. 9, pp. 2894-2898, Sept. 2021, doi: 10.1109/LCOMM.2021.3095218.
@article{liu2021admm,
  title={{ADMM} based channel estimation for {RISs} aided millimeter wave communications},
  author={Liu, Heng and Zhang, Jiayi and Wu, Qingqing and Xiao, Huahua and Ai, Bo},
  journal={{IEEE} Commun. Lett. },
  volume={25},
  number={9},
  pages={2894--2898},
  year={2021},
  publisher={IEEE}
}

% X. Wei, D. Shen and L. Dai, "Channel Estimation for RIS Assisted Wireless Communications—Part II: An Improved Solution Based on Double-Structured Sparsity," in IEEE Communications Letters, vol. 25, no. 5, pp. 1403-1407, May 2021, doi: 10.1109/LCOMM.2021.3052787.
@article{wei2021channel,
  title={Channel estimation for {RIS} assisted wireless communications—Part {II}: An improved solution based on double-structured sparsity},
  author={Wei, Xiuhong and Shen, Decai and Dai, Linglong},
  journal={{IEEE} Commun. Lett. },
  volume={25},
  number={5},
  pages={1403--1407},
  year={2021},
  publisher={IEEE}
}


% J. He, H. Wymeersch and M. Juntti, "Channel Estimation for {RIS}-Aided mmWave MIMO Systems via Atomic Norm Minimization," in IEEE Transactions on Wireless Communications, vol. 20, no. 9, pp. 5786-5797, Sept. 2021, doi: 10.1109/TWC.2021.3070064.
@article{he2021channel,
  title={Channel estimation for {RIS}-aided mmWave MIMO systems via atomic norm minimization},
  author={He, Jiguang and Wymeersch, Henk and Juntti, Markku},
  journal={{IEEE} Trans. Wireless Commun.},
  volume={20},
  number={9},
  pages={5786--5797},
  year={2021},
  publisher={IEEE}
}

% G. Zhou, C. Pan, H. Ren and K. Wang, "Channel Estimation for RIS-Aided Millimeter-Wave Massive MIMO Systems : (Invited Paper)," 2021 55th Asilomar Conference on Signals, Systems, and Computers, 2021, pp. 698-703, doi: 10.1109/IEEECONF53345.2021.9723140.
@inproceedings{zhou2021channel,
  title={Channel estimation for {RIS}-aided millimeter-wave massive MIMO systems},
  author={Zhou, Gui and Pan, Cunhua and Ren, Hong and Wang, Kezhi},
  booktitle={2021 55th Asilomar Conference on Signals, Systems, and Computers},
  pages={698--703},
  year={2021},
  organization={IEEE}
}

% C. You, B. Zheng and R. Zhang, "Intelligent Reflecting Surface with Discrete Phase Shifts: Channel Estimation and Passive Beamforming," ICC 2020 - 2020 IEEE International Conference on Communications (ICC), 2020, pp. 1-6, doi: 10.1109/ICC40277.2020.9149292.
% \cite{you2020intelligent}
  organization={IEEE}
@inproceedings{you2020intelligent,
  title={Intelligent reflecting surface with discrete phase shifts: Channel estimation and passive beamforming},
  author={You, Changsheng and Zheng, Beixiong and Zhang, Rui},
  booktitle={2020 IEEE Int. Conf. Commun. (ICC)},
  pages={1--6},
  year={2020},
}
% booktitle={ICC 2020-2020 IEEE International Conference on Communications (ICC)},

% C. You, B. Zheng and R. Zhang, "Channel Estimation and Passive Beamforming for Intelligent Reflecting Surface: Discrete Phase Shift and Progressive Refinement," in IEEE Journal on Selected Areas in Communications, vol. 38, no. 11, pp. 2604-2620, Nov. 2020, doi: 10.1109/JSAC.2020.3007056.
% \cite{you2020channel}
@article{you2020channel,
  title={Channel estimation and passive beamforming for intelligent reflecting surface: Discrete phase shift and progressive refinement},
  author={You, Changsheng and Zheng, Beixiong and Zhang, Rui},
  journal={IEEE J. Sel. Areas Commun.},
  volume={38},
  number={11},
  pages={2604--2620},
  year={2020},
  publisher={IEEE}
}
% journal={IEEE Journal on Selected Areas in Communications},

% B. Zheng, C. You, W. Mei and R. Zhang, "A Survey on Channel Estimation and Practical Passive Beamforming Design for Intelligent Reflecting Surface Aided Wireless Communications," in IEEE Communications Surveys & Tutorials, vol. 24, no. 2, pp. 1035-1071, Secondquarter 2022, doi: 10.1109/COMST.2022.3155305.
@article{zheng2022survey,
  title={A survey on channel estimation and practical passive beamforming design for intelligent reflecting surface aided wireless communications},
  author={Zheng, Beixiong and You, Changsheng and Mei, Weidong and Zhang, Rui},
  journal={IEEE Commun. Surv. Tut.},
  volume={24},
  number={2},
  pages={1035--1071},
  year={2022},
  publisher={IEEE}
}
% journal={IEEE Communications Surveys \& Tutorials},


% J. An, C. Xu, L. Gan and L. Hanzo, "Low-Complexity Channel Estimation and Passive Beamforming for RIS-Assisted MIMO Systems Relying on Discrete Phase Shifts," in IEEE Transactions on Communications, vol. 70, no. 2, pp. 1245-1260, Feb. 2022, doi: 10.1109/TCOMM.2021.3127924.
@article{an2021low,
  title={Low-complexity channel estimation and passive beamforming for {RIS}-assisted {MIMO} systems relying on discrete phase shifts},
  author={An, Jiancheng and Xu, Chao and Gan, Lu and Hanzo, Lajos},
  journal={IEEE Trans. Commun.},
  volume={70},
  number={2},
  pages={1245--1260},
  year={2021},
  publisher={IEEE}
}

% W. Yang, H. Li, M. Li, Y. Liu and Q. Liu, "Channel Estimation for Practical IRS-Assisted OFDM Systems," 2021 IEEE Wireless Communications and Networking Conference Workshops (WCNCW), 2021, pp. 1-6, doi: 10.1109/WCNCW49093.2021.9419982.
  organization={IEEE}
@inproceedings{yang2021channel,
  title={Channel estimation for practical {IRS}-assisted {OFDM} systems},
  author={Yang, Wanning and Li, Hongyu and Li, Ming and Liu, Yang and Liu, Qian},
  booktitle={2021 IEEE Wireless Commun. and Netw. Conf. Workshops (WCNCW)},
  pages={1--6},
  year={2021},
}
% booktitle={2021 IEEE Wireless Communications and Networking Conference Workshops (WCNCW)},

% Y. Gao, J. Xue, Y. Chang and Y. Zhang, "An MDL-MUSIC joint time delay estimation method for LTE PRS," 2017 International Symposium on Wireless Communication Systems (ISWCS), 2017, pp. 84-89, doi: 10.1109/ISWCS.2017.8108167.
@inproceedings{gao2017mdl,
  title={An {MDL}-{MUSIC} joint time delay estimation method for {LTE} {PRS}},
  author={Gao, Yuan and Xue, Jiantao and Chang, Yongyu and Zhang, Yu},
  booktitle={2017 Int. Symposium on Wireless Commun. Syst. (ISWCS)},
  pages={84--89},
  year={2017},
  organization={IEEE}
}
% booktitle={2017 International Symposium on Wireless Communication Systems (ISWCS)},


@article{du2024enhancing,
  title={Enhancing Deep Reinforcement Learning: A Tutorial on Generative Diffusion Models in Network Optimization},
  author={Du, Hongyang and Zhang, Ruichen and Liu, Yinqiu and Wang, Jiacheng and Lin, Yijing and Li, Zonghang and Niyato, Dusit and Kang, Jiawen and Xiong, Zehui and Cui, Shuguang and others},
  journal={IEEE Commun. Surv. Tut.},
  year={2024},
  publisher={IEEE}
}

@article{du2024diffusion,
  title={Diffusion-based Reinforcement Learning for Edge-enabled {AI}-Generated Content Services},
  author={Du, Hongyang and Li, Zonghang and Niyato, Dusit and Kang, Jiawen and Xiong, Zehui and Huang, Huawei and Mao, Shiwen},
  journal={IEEE Trans. Mobile Computing},
  year={2024},
  publisher={IEEE}
}

@article{ho2020denoising,
  title={Denoising diffusion probabilistic models},
  author={Ho, Jonathan and Jain, Ajay and Abbeel, Pieter},
  journal={Advances in neural information processing systems},
  volume={33},
  pages={6840--6851},
  year={2020}
}

@article{du2024enabling,
  title={Enabling {AI}-Generated Content Services in Wireless Edge Networks},
  author={Du, Hongyang and Li, Zonghang and Niyato, Dusit and Kang, Jiawen and Xiong, Zehui and Shen, Xuemin Sherman and Kim, Dong In},
  journal={IEEE Wireless Commun.},
  year={2024},
  publisher={IEEE}
}