@article{andrychowicz_hindsight_2018,
  title={Hindsight experience replay},
  author={Andrychowicz, Marcin and Wolski, Filip and Ray, Alex and Schneider, Jonas and Fong, Rachel and Welinder, Peter and McGrew, Bob and Tobin, Josh and Pieter Abbeel, OpenAI and Zaremba, Wojciech},
  journal={Advances in neural information processing systems},
  volume={30},
  year={2017}
}

@inproceedings{burda_exploration_2018,
  title={Exploration by random network distillation},
  author={Burda, Yuri and Edwards, Harrison and Storkey, Amos and Klimov, Oleg},
  booktitle={Seventh International Conference on Learning Representations},
  pages={1--17},
  year={2019}
}

@article{hu_learning_2020,
  title={Learning to utilize shaping rewards: A new approach of reward shaping},
  author={Hu, Yujing and Wang, Weixun and Jia, Hangtian and Wang, Yixiang and Chen, Yingfeng and Hao, Jianye and Wu, Feng and Fan, Changjie},
  journal={Advances in Neural Information Processing Systems},
  volume={33},
  pages={15931--15941},
  year={2020}
}

@inproceedings{moro_goal-directed_2022,
  title={Goal-directed planning via hindsight experience replay},
  author={Moro, Lorenzo and Likmeta, Amarildo and Prati, Enrico and Restelli, Marcello and others},
  booktitle={10th International Conference on Learning Representations, ICLR 2022},
  pages={1--16},
  year={2022}
}

@article{tracey_towards_2023,
  title={Towards practical reinforcement learning for tokamak magnetic control},
  author={Tracey, Brendan D and Michi, Andrea and Chervonyi, Yuri and Davies, Ian and Paduraru, Cosmin and Lazic, Nevena and Felici, Federico and Ewalds, Timo and Donner, Craig and Galperti, Cristian and others},
  journal={Fusion Engineering and Design},
  volume={200},
  pages={114161},
  year={2024},
  publisher={Elsevier}
}

