@article{acar2011scalable,
  title={Scalable tensor factorizations for incomplete data},
  author={Acar, Evrim and Dunlavy, Daniel M and Kolda, Tamara G and M{\o}rup, Morten},
  journal={Chemometrics and Intelligent Laboratory Systems},
  volume={106},
  number={1},
  pages={41--56},
  year={2011},
  publisher={Elsevier}
}

@inproceedings{barak2016noisy,
  title={Noisy tensor completion via the sum-of-squares hierarchy},
  author={Barak, Boaz and Moitra, Ankur},
  booktitle={Conference on Learning Theory},
  pages={417--445},
  year={2016},
  organization={PMLR}
}

@article{candes2012exact,
  title={Exact matrix completion via convex optimization},
  author={Candes, Emmanuel and Recht, Benjamin},
  journal={Communications of the ACM},
  volume={55},
  number={6},
  pages={111--119},
  year={2012},
  publisher={ACM New York, NY, USA}
}

@phdthesis{fazel2002matrix,
    author={Maryam Fazel},
    title={Matrix Rank Minimization with Applications},
    school={Stanford University},
    year={2002},
}

@article{filipovic2015tucker,
  title={Tucker factorization with missing data with application to low-$n$-rank tensor completion},
  author={Filipovi{\'c}, Marko and Juki{\'c}, Ante},
  journal={Multidimensional Systems and Signal Processing},
  volume={26},
  number={3},
  pages={677--692},
  year={2015},
  publisher={Springer}
}

@article{jain2014provable,
  title={Provable tensor factorization with missing data},
  author={Jain, Prateek and Oh, Sewoong},
  journal={Advances in Neural Information Processing Systems},
  volume={27},
  year={2014}
}

@book{little2019statistical,
  title={Statistical Analysis with Missing Data},
  author={Little, Roderick JA and Rubin, Donald B},
  volume={793},
  year={2019},
  publisher={John Wiley \& Sons}
}

@article{liu2020tensor,
  title={Tensor completion made practical},
  author={Liu, Allen and Moitra, Ankur},
  journal={Advances in Neural Information Processing Systems},
  volume={33},
  pages={18905--18916},
  year={2020}
}

@article{montanari2018spectral,
  title={Spectral algorithms for tensor completion},
  author={Montanari, Andrea and Sun, Nike},
  journal={Communications on Pure and Applied Mathematics},
  volume={71},
  number={11},
  pages={2381--2425},
  year={2018},
  publisher={Wiley Online Library}
}

@inproceedings{shah2019iterative,
  title={Iterative collaborative filtering for sparse noisy tensor estimation},
  author={Shah, Devavrat and Yu, Christina Lee},
  booktitle={2019 IEEE International Symposium on Information Theory},
  pages={41--45},
  year={2019},
  organization={IEEE}
}

@article{shah2023robust,
  title={Robust Max Entrywise Error Bounds for Tensor Estimation From Sparse Observations via Similarity-Based Collaborative Filtering},
  author={Shah, Devavrat and Yu, Christina Lee},
  journal={IEEE Transactions on Information Theory},
  volume={69},
  number={5},
  pages={3121--3149},
  year={2023},
  publisher={IEEE}
}

@article{tomasi2005parafac,
  title={{PARAFAC} and missing values},
  author={Tomasi, Giorgio and Bro, Rasmus},
  journal={Chemometrics and Intelligent Laboratory Systems},
  volume={75},
  number={2},
  pages={163--180},
  year={2005},
  publisher={Elsevier}
}

