@article{warga1963minimizing,
  title={Minimizing certain convex functions},
  author={Warga, Jack},
  journal={Journal of the Society for Industrial and Applied Mathematics},
  volume={11},
  number={3},
  pages={588--593},
  year={1963},
  publisher={SIAM}
}

@article{tseng2001convergence,
  title={Convergence of a block coordinate descent method for nondifferentiable minimization},
  author={Tseng, Paul},
  journal={Journal of Optimization Theory and Applications},
  volume={109},
  pages={475--494},
  year={2001},
  publisher={Springer}
}

@article{razaviyayn2013unified,
  title={A unified convergence analysis of block successive minimization methods for nonsmooth optimization},
  author={Razaviyayn, Meisam and Hong, Mingyi and Luo, Zhi-Quan},
  journal={SIAM Journal on Optimization},
  volume={23},
  number={2},
  pages={1126--1153},
  year={2013},
  publisher={SIAM}
}

@article{zadeh1970note,
  title={Note—A note on the cyclic coordinate ascent method},
  author={Zadeh, Norman},
  journal={Management Science},
  volume={16},
  number={9},
  pages={642--644},
  year={1970},
  publisher={INFORMS}
}

@book{golub2013matrix,
  title={Matrix computations (3rd edition)},
  author={Golub, Gene H and Loan, Charles F Van },
  year={2013},
  publisher={JHU press}
}

@article{robinson2013subspace,
  title={Subspace accelerated matrix splitting algorithms for asymmetric and symmetric linear complementarity problems},
  author={Robinson, Daniel P and Feng, Liming and Nocedal, Jorge M and Pang, Jong-Shi},
  journal={SIAM Journal on Optimization},
  volume={23},
  number={3},
  pages={1371--1397},
  year={2013},
  publisher={SIAM}
}

@article{bach2021effectiveness,
  title={On the effectiveness of {R}ichardson extrapolation in data science},
  author={Bach, Francis},
  journal={SIAM Journal on Mathematics of Data Science},
  volume={3},
  number={4},
  pages={1251--1277},
  year={2021},
  publisher={SIAM}
}

@article{hadjidimos2005equivalence,
  title={On the equivalence of extrapolation and {R}ichardson’s iteration and its applications},
  author={Hadjidimos, A},
  journal={Linear algebra and its applications},
  volume={402},
  pages={165--192},
  year={2005},
  publisher={Elsevier}
}

@article{fahrbach2022subquadratic,
  title={Subquadratic {K}ronecker regression with applications to tensor decomposition},
  author={Fahrbach, Matthew and Fu, Gang and Ghadiri, Mehrdad},
  journal={Advances in Neural Information Processing Systems},
  volume={35},
  pages={28776--28789},
  year={2022}
}

@article{hillar2013most,
  title={Most tensor problems are {NP}-hard},
  author={Hillar, Christopher J and Lim, Lek-Heng},
  journal={Journal of the ACM},
  volume={60},
  number={6},
  pages={1--39},
  year={2013},
  publisher={ACM New York, NY, USA}
}

@article{richardson1911approximate,
  title={The approximate arithmetical solution by finite differences of physical problems involving differential equations, with an application to the stresses in a masonry dam},
  author={Richardson, Lewis Fry},
  journal={Philosophical Transactions of the Royal Society of London. Series A, Containing Papers of a Mathematical or Physical Character},
  volume={210},
  number={459-470},
  pages={307--357},
  year={1911},
  publisher={The Royal Society London}
}

@inproceedings{mohri2011can,
  title={Can matrix coherence be efficiently and accurately estimated?},
  author={Mohri, Mehryar and Talwalkar, Ameet},
  booktitle={Proceedings of the 14th International Conference on Artificial Intelligence and Statistics},
  pages={534--542},
  year={2011},
  organization={JMLR Workshop and Conference Proceedings}
}

@article{kolda2009tensor,
  title={Tensor decompositions and applications},
  author={Kolda, Tamara G and Bader, Brett W},
  journal={SIAM Review},
  volume={51},
  number={3},
  pages={455--500},
  year={2009},
  publisher={SIAM}
}

@article{de2000best,
  title={On the best rank-1 and rank-($r_1, r_2,\ldots,r_n$) approximation of higher-order tensors},
  author={Lathauwer, Lieven De and Moor, Bart De and Vandewalle, Joos},
  journal={SIAM journal on Matrix Analysis and Applications},
  volume={21},
  number={4},
  pages={1324--1342},
  year={2000},
  publisher={SIAM}
}

@article{cheng2016spals,
  title={{SPALS}: {F}ast alternating least squares via implicit leverage scores sampling},
  author={Cheng, Dehua and Peng, Richard and Liu, Yan and Perros, Ioakeim},
  journal={Advances in Neural Information Processing Systems},
  volume={29},
  year={2016}
}

@inproceedings{bharadwaj2024efficient,
  title={Efficient Leverage Score Sampling for Tensor Train Decomposition},
  author={Bharadwaj, Vivek and Rakhshan, Beheshteh T and Malik, Osman Asif and Rabusseau, Guillaume},
  booktitle={Advances in Neural Information Processing Systems},
  year={2024}
}

@inproceedings{bharadwaj2023fast,
  title={Fast exact leverage score sampling from {K}hatri-{R}ao products with applications to tensor decomposition},
  author={Bharadwaj, Vivek and Malik, Osman Asif and Murray, Riley and Grigori, Laura and Buluc, Aydin and Demmel, James},
  booktitle = {Advances in Neural Information Processing Systems},
  pages = {47874--47901},
  volume={36},
  year={2023}
}

@article{larsen2022practical,
  title={Practical leverage-based sampling for low-rank tensor decomposition},
  author={Larsen, Brett W and Kolda, Tamara G},
  journal={SIAM Journal on Matrix Analysis and Applications},
  volume={43},
  number={3},
  pages={1488--1517},
  year={2022},
  publisher={SIAM}
}

@article{candes2012exact,
  title={Exact matrix completion via convex optimization},
  author={Candes, Emmanuel and Recht, Benjamin},
  journal={Communications of the ACM},
  volume={55},
  number={6},
  pages={111--119},
  year={2012},
  publisher={ACM New York, NY, USA}
}

@article{jain2014provable,
  title={Provable tensor factorization with missing data},
  author={Jain, Prateek and Oh, Sewoong},
  journal={Advances in Neural Information Processing Systems},
  volume={27},
  year={2014}
}

@article{montanari2018spectral,
  title={Spectral algorithms for tensor completion},
  author={Montanari, Andrea and Sun, Nike},
  journal={Communications on Pure and Applied Mathematics},
  volume={71},
  number={11},
  pages={2381--2425},
  year={2018},
  publisher={Wiley Online Library}
}

@article{filipovic2015tucker,
  title={Tucker factorization with missing data with application to low-$n$-rank tensor completion},
  author={Filipovi{\'c}, Marko and Juki{\'c}, Ante},
  journal={Multidimensional Systems and Signal Processing},
  volume={26},
  number={3},
  pages={677--692},
  year={2015},
  publisher={Springer}
}

@article{acar2011scalable,
  title={Scalable tensor factorizations for incomplete data},
  author={Acar, Evrim and Dunlavy, Daniel M and Kolda, Tamara G and M{\o}rup, Morten},
  journal={Chemometrics and Intelligent Laboratory Systems},
  volume={106},
  number={1},
  pages={41--56},
  year={2011},
  publisher={Elsevier}
}

@article{tomasi2005parafac,
  title={{PARAFAC} and missing values},
  author={Tomasi, Giorgio and Bro, Rasmus},
  journal={Chemometrics and Intelligent Laboratory Systems},
  volume={75},
  number={2},
  pages={163--180},
  year={2005},
  publisher={Elsevier}
}

@inproceedings{malik2021sampling,
  title={A sampling-based method for tensor ring decomposition},
  author={Malik, Osman Asif and Becker, Stephen},
  booktitle={International Conference on Machine Learning},
  pages={7400--7411},
  year={2021},
  organization={PMLR}
}

@article{kressner2014low,
  title={Low-rank tensor completion by Riemannian optimization},
  author={Kressner, Daniel and Steinlechner, Michael and Vandereycken, Bart},
  journal={BIT Numerical Mathematics},
  volume={54},
  pages={447--468},
  year={2014},
  publisher={Springer}
}

@article{jin2021faster,
  title={Faster {J}ohnson--{L}indenstrauss transforms via {K}ronecker products},
  author={Jin, Ruhui and Kolda, Tamara G and Ward, Rachel},
  journal={Information and Inference: A Journal of the IMA},
  volume={10},
  number={4},
  pages={1533--1562},
  year={2021},
  publisher={Oxford University Press}
}

@article{healy1956missing,
  title={Missing values in experiments analysed on automatic computers},
  author={Healy, Michael and Westmacott, Michael},
  journal={Journal of the Royal Statistical Society: Series C (Applied Statistics)},
  volume={5},
  number={3},
  pages={203--206},
  year={1956},
  publisher={Wiley Online Library}
}

@book{little2019statistical,
  title={Statistical Analysis with Missing Data},
  author={Little, Roderick JA and Rubin, Donald B},
  volume={793},
  year={2019},
  publisher={John Wiley \& Sons}
}

@book{mclachlan2008algorithm,
  title={The EM algorithm and extensions},
  author={McLachlan, Geoffrey J and Krishnan, Thriyambakam},
  year={2008},
  publisher={John Wiley \& Sons}
}

@inproceedings{shah2019iterative,
  title={Iterative collaborative filtering for sparse noisy tensor estimation},
  author={Shah, Devavrat and Yu, Christina Lee},
  booktitle={2019 IEEE International Symposium on Information Theory},
  pages={41--45},
  year={2019},
  organization={IEEE}
}

@article{shah2023robust,
  title={Robust Max Entrywise Error Bounds for Tensor Estimation From Sparse Observations via Similarity-Based Collaborative Filtering},
  author={Shah, Devavrat and Yu, Christina Lee},
  journal={IEEE Transactions on Information Theory},
  volume={69},
  number={5},
  pages={3121--3149},
  year={2023},
  publisher={IEEE}
}

@article{kiers1997weighted,
  title={Weighted least squares fitting using ordinary least squares algorithms},
  author={Kiers, Henk AL},
  journal={Psychometrika},
  volume={62},
  pages={251--266},
  year={1997},
  publisher={Springer}
}

@inproceedings{cohen2015uniform,
  title={Uniform sampling for matrix approximation},
  author={Cohen, Michael B and Lee, Yin Tat and Musco, Cameron and Musco, Christopher and Peng, Richard and Sidford, Aaron},
  booktitle={Proceedings of the 2015 Conference on Innovations in Theoretical Computer Science},
  pages={181--190},
  year={2015}
}

@article{diao2019optimal,
  title={Optimal sketching for {K}ronecker product regression and low rank approximation},
  author={Diao, Huaian and Jayaram, Rajesh and Song, Zhao and Sun, Wen and Woodruff, David},
  journal={Advances in Neural Information Processing Systems},
  volume={32},
  year={2019}
}

@article{liu2020tensor,
  title={Tensor completion made practical},
  author={Liu, Allen and Moitra, Ankur},
  journal={Advances in Neural Information Processing Systems},
  volume={33},
  pages={18905--18916},
  year={2020}
}

@inproceedings{barak2016noisy,
  title={Noisy tensor completion via the sum-of-squares hierarchy},
  author={Barak, Boaz and Moitra, Ankur},
  booktitle={Conference on Learning Theory},
  pages={417--445},
  year={2016},
  organization={PMLR}
}

@article{song2019tensor,
  title={Tensor completion algorithms in big data analytics},
  author={Song, Qingquan and Ge, Hancheng and Caverlee, James and Hu, Xia},
  journal={ACM Transactions on Knowledge Discovery from Data},
  volume={13},
  number={1},
  pages={1--48},
  year={2019},
  publisher={ACM New York, NY, USA}
}

@article{chen2015incoherence,
  title={Incoherence-optimal matrix completion},
  author={Chen, Yudong},
  journal={IEEE Transactions on Information Theory},
  volume={61},
  number={5},
  pages={2909--2923},
  year={2015},
  publisher={IEEE}
}

@book{saad2003iterative,
  title={Iterative methods for sparse linear systems},
  author={Saad, Yousef},
  year={2003},
  publisher={SIAM}
}

@article{baksalary1980matrix,
  title={The matrix equation ${AXB + CYD = E}$},
  author={Baksalary, JK and Kala, R},
  journal={Linear Algebra and its Applications},
  volume={30},
  pages={141--147},
  year={1980},
  publisher={Elsevier}
}

@book{lee2024techniques,
  title={Techniques in Optimization and Sampling},
  author={Yin Tat Lee and Santosh Vempala},
  year={2024},
  publisher={},
  url={https://github.com/YinTat/optimizationbook/blob/main/main.pdf},
}

@inproceedings{ghadiri2023bit,
  title={The bit complexity of efficient continuous optimization},
  author={Ghadiri, Mehrdad and Peng, Richard and Vempala, Santosh S},
  booktitle={2023 IEEE 64th Annual Symposium on Foundations of Computer Science},
  pages={2059--2070},
  year={2023},
  organization={IEEE}
}

@inproceedings{ghadiri2024improving,
  title={Improving the Bit Complexity of Communication for Distributed Convex Optimization},
  author={Ghadiri, Mehrdad and Lee, Yin Tat and Padmanabhan, Swati and Swartworth, William and Woodruff, David P and Ye, Guanghao},
  booktitle={Proceedings of the 56th Annual ACM Symposium on Theory of Computing},
  pages={1130--1140},
  year={2024}
}

@inproceedings{ghadiri2023approximately,
  title={Approximately optimal core shapes for tensor decompositions},
  author={Ghadiri, Mehrdad and Fahrbach, Matthew and Fu, Gang and Mirrokni, Vahab},
  booktitle={International Conference on Machine Learning},
  pages={11237--11254},
  year={2023},
  organization={PMLR}
}

@article{oseledets2011tensor,
  title={Tensor-train decomposition},
  author={Oseledets, Ivan V},
  journal={SIAM Journal on Scientific Computing},
  volume={33},
  number={5},
  pages={2295--2317},
  year={2011},
  publisher={SIAM}
}

@article{golub1988convergence,
  title={The convergence of inexact {C}hebyshev and {R}ichardson iterative methods for solving linear systems},
  author={Golub, Gene H and Overton, Michael L},
  journal={Numerische Mathematik},
  volume={53},
  number={5},
  pages={571--593},
  year={1988},
  publisher={Springer}
}

@inproceedings{golub1997closer,
  title={Closer to the solution: {I}terative linear solvers},
  author={Golub, Gene H and van der Vorst, Henk A},
  booktitle={Institute of Mathematics and its Applications Conference Series},
  volume={63},
  pages={63--92},
  year={1997},
  organization={Oxford University Press}
}

@article{tucker1966some,
  title={Some mathematical notes on three-mode factor analysis},
  author={Tucker, Ledyard R},
  journal={Psychometrika},
  volume={31},
  number={3},
  pages={279--311},
  year={1966},
  publisher={Springer}
}

@article{malik2022sampling,
  title={Sampling-based decomposition algorithms for arbitrary tensor networks},
  author={Malik, Osman Asif and Bharadwaj, Vivek and Murray, Riley},
  journal={arXiv preprint arXiv:2210.03828},
  year={2022}
}

@inproceedings{bharadwaj2024distributed,
  title={Distributed-memory randomized algorithms for sparse tensor {CP} decomposition},
  author={Bharadwaj, Vivek and Malik, Osman Asif and Murray, Riley and Bulu{\c{c}}, Ayd{\i}n and Demmel, James},
  booktitle={Proceedings of the 36th ACM Symposium on Parallelism in Algorithms and Architectures},
  pages={155--168},
  year={2024}
}

@article{hitchcock1927expression,
  title={The expression of a tensor or a polyadic as a sum of products},
  author={Hitchcock, Frank L},
  journal={Journal of Mathematics and Physics},
  volume={6},
  number={1-4},
  pages={164--189},
  year={1927},
  publisher={Wiley Online Library}
}

@misc{matlab,
    title={Tensor Toolbox for {MATLAB}, Version 3.6},
    author={Brett W. Bader and Tamara G. Kolda},
    howpublished = {\url{https://www.tensortoolbox.org/}},
    year={2023}
}

@phdthesis{fazel2002matrix,
    author={Maryam Fazel},
    title={Matrix Rank Minimization with Applications},
    school={Stanford University},
    year={2002},
}

@article{         harris2020array,
 title         = {Array programming with {NumPy}},
 author        = {Charles R. Harris and K. Jarrod Millman and St{\'{e}}fan J.
                 van der Walt and Ralf Gommers and Pauli Virtanen and David
                 Cournapeau and Eric Wieser and Julian Taylor and Sebastian
                 Berg and Nathaniel J. Smith and Robert Kern and Matti Picus
                 and Stephan Hoyer and Marten H. van Kerkwijk and Matthew
                 Brett and Allan Haldane and Jaime Fern{\'{a}}ndez del
                 R{\'{i}}o and Mark Wiebe and Pearu Peterson and Pierre
                 G{\'{e}}rard-Marchant and Kevin Sheppard and Tyler Reddy and
                 Warren Weckesser and Hameer Abbasi and Christoph Gohlke and
                 Travis E. Oliphant},
 year          = {2020},
 journal       = {Nature},
 volume        = {585},
 number        = {7825},
 pages         = {357--362},
 publisher     = {Springer Science and Business Media {LLC}},
}

@article{tensorly,
    author = {Jean Kossaifi and Yannis Panagakis and Anima Anandkumar and Maja Pantic},
    title = {{TensorLy}: {T}ensor Learning in {P}ython},
    journal = {Journal of Machine Learning Research (JMLR)},
    volume = {20},
    number = {26},
    year = {2019},
}

@article{nascimento2016spatial,
  title={Spatial distributions of local illumination color in natural scenes},
  author={Nascimento, S{\'e}rgio MC and Amano, Kinjiro and Foster, David H},
  journal={Vision Research},
  volume={120},
  pages={39--44},
  year={2016},
  publisher={Elsevier}
}