@article{ho_image_2020,
	title = {Image segmentation of plexiform neurofibromas from a deep neural network using multiple b-value diffusion data},
	volume = {10},
	issn = {2045-2322},
	doi = {10.1038/s41598-020-74920-1},
	language = {en},
	number = {1},
	urldate = {2024-08-26},
	journal = {Scientific Reports},
        author = {Ho, Chang Y. and others},
	year = {2020},
	pages = {17857},
	file = {Full Text:/Users/georgekolokolnikov/Zotero/storage/NZA5MZ7F/Ho et al. - 2020 - Image segmentation of plexiform neurofibromas from.pdf:application/pdf},
}

@article{solomon_automated_2004,
	title = {Automated detection and volume measurement of plexiform neurofibromas in neurofibromatosis 1 using magnetic resonance imaging},
	volume = {28},
	copyright = {https://www.elsevier.com/tdm/userlicense/1.0/},
	issn = {08956111},
	doi = {10.1016/j.compmedimag.2004.03.002},
	language = {en},
	number = {5},
	urldate = {2024-08-26},
	journal = {Computerized Medical Imaging and Graphics},
        author = {Solomon, Jeffrey and others},
	year = {2004},
	pages = {257--265},
}

@article{weizman_interactive_2012,
	title = {Interactive segmentation of plexiform neurofibroma tissue: method and preliminary performance evaluation},
	volume = {50},
	copyright = {http://www.springer.com/tdm},
	issn = {0140-0118, 1741-0444},
	shorttitle = {Interactive segmentation of plexiform neurofibroma tissue},
	doi = {10.1007/s11517-012-0929-1},
	language = {en},
	number = {8},
	urldate = {2024-08-26},
	journal = {Medical \& Biological Engineering \& Computing},
        author = {Weizman, Lior and others},
	year = {2012},
	pages = {877--884},
}

@article{weizman_pnist_2014,
	title = {{PNist}: interactive volumetric measurements of plexiform neurofibromas in {MRI} scans},
	volume = {9},
	copyright = {http://www.springer.com/tdm},
	issn = {1861-6410, 1861-6429},
	shorttitle = {{PNist}},
	doi = {10.1007/s11548-013-0961-0},
	language = {en},
	number = {4},
	urldate = {2024-08-26},
	journal = {International Journal of Computer Assisted Radiology and Surgery},
        author = {Weizman, Lior and others},
	year = {2014},
	pages = {683--693},
}

@article{wu_deep_2020,
	title = {Deep {Parametric} {Active} {Contour} {Model} for {Neurofibromatosis} {Segmentation}},
	volume = {112},
	issn = {0167739X},
	doi = {10.1016/j.future.2020.05.001},
	language = {en},
	urldate = {2024-08-26},
	journal = {Future Generation Computer Systems},
        author = {Wu, Xiangqiong and others},
	year = {2020},
	pages = {58--66},
}

@article{wu_dh-gac_2022,
	title = {{DH}-{GAC}: deep hierarchical context fusion network with modified geodesic active contour for multiple neurofibromatosis segmentation},
	issn = {0941-0643, 1433-3058},
	shorttitle = {{DH}-{GAC}},
	doi = {10.1007/s00521-022-07945-4},
	language = {en},
	urldate = {2024-08-26},
	journal = {Neural Computing and Applications},
        author = {Wu, Xiangqiong and others},
	year = {2022},
        note = {https://doi.org/10.1007/s00521-022-07945-4}
}

@article{zhang_dins_2022,
	title = {{DINs}: {Deep} {Interactive} {Networks} for {Neurofibroma} {Segmentation} in {Neurofibromatosis} {Type} 1 on {Whole}-{Body} {MRI}},
	volume = {26},
	copyright = {https://ieeexplore.ieee.org/Xplorehelp/downloads/license-information/IEEE.html},
	issn = {2168-2194, 2168-2208},
	shorttitle = {{DINs}},
	doi = {10.1109/JBHI.2021.3087735},
	number = {2},
	urldate = {2024-08-26},
	journal = {IEEE Journal of Biomedical and Health Informatics},
        author = {Zhang, Jian-Wei and others},
	year = {2022},
	pages = {786--797},
	file = {Accepted Version:/Users/georgekolokolnikov/Zotero/storage/66BAK9MR/Zhang et al. - 2022 - DINs Deep Interactive Networks for Neurofibroma S.pdf:application/pdf},
}

