
@article{lammert_prevalence_2005,
	title = {Prevalence of {Neurofibromatosis} 1 in {German} {Children} at {Elementary} {School} {Enrollment}},
	volume = {141},
	issn = {0003-987X},
	doi = {10.1001/archderm.141.1.71},
	language = {en},
	number = {1},
	urldate = {2024-08-23},
	journal = {Archives of Dermatology},
        author = {Lammert, Marga and others},
	year = {2005},
}

@article{friedman_type_1997,
	title = {Type 1 neurofibromatosis: {A} descriptive analysis of the disorder in 1,728 patients},
	volume = {70},
	copyright = {http://doi.wiley.com/10.1002/tdm\_license\_1.1},
	issn = {01487299, 10968628},
	shorttitle = {Type 1 neurofibromatosis},
	doi = {10.1002/(SICI)1096-8628(19970516)70:2<138::AID-AJMG7>3.0.CO;2-U},
	language = {en},
	number = {2},
	urldate = {2024-08-23},
	journal = {American Journal of Medical Genetics},
	author = {Friedman, J. M. and Birch, Patricia H.},

	year = {1997},
	pages = {138--143},
}

@article{thakur_multiparametric_2024,
	title = {Multiparametric whole-body {MRI} of patients with neurofibromatosis type {I}: spectrum of imaging findings},
	issn = {0364-2348, 1432-2161},
	shorttitle = {Multiparametric whole-body {MRI} of patients with neurofibromatosis type {I}},
	doi = {10.1007/s00256-024-04765-6},
	language = {en},
        pages={1--16},
	urldate = {2024-08-23},
	journal = {Skeletal Radiology},
        author = {Thakur, Uma and others},
	year = {2024},
        note = {https://doi.org/10.1007/s00256-024-04765-6}
}

@article{seminog_risk_2013,
	title = {Risk of benign tumours of nervous system, and of malignant neoplasms, in people with neurofibromatosis: population-based record-linkage study},
	volume = {108},
	copyright = {http://www.springer.com/tdm},
	issn = {0007-0920, 1532-1827},
	shorttitle = {Risk of benign tumours of nervous system, and of malignant neoplasms, in people with neurofibromatosis},
	doi = {10.1038/bjc.2012.535},
	language = {en},
	number = {1},
	urldate = {2024-08-23},
	journal = {British Journal of Cancer},
	author = {Seminog, O O and Goldacre, M J},
	year = {2013},
	pages = {193--198},
	file = {Full Text:/Users/georgekolokolnikov/Zotero/storage/VHKY7RCM/Seminog and Goldacre - 2013 - Risk of benign tumours of nervous system, and of m.pdf:application/pdf},
}

@article{evans_malignant_2002,
	title = {Malignant peripheral nerve sheath tumours in neurofibromatosis 1},
	volume = {39},
	issn = {14686244},
	doi = {10.1136/jmg.39.5.311},
	number = {5},
	urldate = {2024-08-23},
	journal = {Journal of Medical Genetics},
	author = {Evans, D G R},
	year = {2002},
	pages = {311--314},
	file = {Full Text:/Users/georgekolokolnikov/Zotero/storage/YWBJACJA/Evans - 2002 - Malignant peripheral nerve sheath tumours in neuro.pdf:application/pdf},
}

@article{plotkin_quantitative_2012,
	title = {Quantitative {Assessment} of {Whole}-{Body} {Tumor} {Burden} in {Adult} {Patients} with {Neurofibromatosis}},
	volume = {7},
	issn = {1932-6203},
	doi = {10.1371/journal.pone.0035711},
	language = {en},
	number = {4},
	urldate = {2024-08-26},
	journal = {PLoS ONE},
  author = {Plotkin, Scott R. and others},
	editor = {Herholz, Karl},
	year = {2012},
	pages = {e35711},
	file = {Full Text:/Users/georgekolokolnikov/Zotero/storage/S8R9VY5Z/Plotkin et al. - 2012 - Quantitative Assessment of Whole-Body Tumor Burden.pdf:application/pdf},
}

@article{ahlawat_current_2020,
	title = {Current status and recommendations for imaging in neurofibromatosis type 1, neurofibromatosis type 2, and schwannomatosis},
	volume = {49},
	issn = {0364-2348, 1432-2161},
	doi = {10.1007/s00256-019-03290-1},
	language = {en},
	number = {2},
	urldate = {2024-08-26},
	journal = {Skeletal Radiology},
        author = {Ahlawat, Shivani and others},
	year = {2020},
	pages = {199--219},
}

@article{chan_magnetic_2013,
	title = {Magnetic resonance imaging of soft-tissue tumors of the extremities: {A} practical approach},
	volume = {5},
	issn = {1949-8470},
	shorttitle = {Magnetic resonance imaging of soft-tissue tumors of the extremities},
	doi = {10.4329/wjr.v5.i12.455},
	language = {en},
	number = {12},
	urldate = {2024-08-26},
	journal = {World Journal of Radiology},
	author = {Chan, Wing P},
	year = {2013},
	pages = {455--459},
}

@article{heffler_tumor_2017,
	title = {Tumor segmentation of whole-body magnetic resonance imaging in neurofibromatosis type 1 patients: tumor burden correlates},
	volume = {46},
	issn = {0364-2348, 1432-2161},
	shorttitle = {Tumor segmentation of whole-body magnetic resonance imaging in neurofibromatosis type 1 patients},
	doi = {10.1007/s00256-016-2522-4},
	language = {en},
	number = {1},
	urldate = {2024-08-26},
	journal = {Skeletal Radiology},
        author = {Heffler, Michael A. and others},
	year = {2017},
	pages = {93--99},
}

@article{weizman_interactive_2012,
	title = {Interactive segmentation of plexiform neurofibroma tissue: method and preliminary performance evaluation},
	volume = {50},
	copyright = {http://www.springer.com/tdm},
	issn = {0140-0118, 1741-0444},
	shorttitle = {Interactive segmentation of plexiform neurofibroma tissue},
	doi = {10.1007/s11517-012-0929-1},
	language = {en},
	number = {8},
	urldate = {2024-08-26},
	journal = {Medical \& Biological Engineering \& Computing},
        author = {Weizman, Lior and others},
	year = {2012},
	pages = {877--884},
}

@article{pratt_tumor_2015,
	title = {Tumor burden evaluation in {NF1} patients with plexiform neurofibromas in daily clinical practice},
	volume = {157},
	issn = {0001-6268, 0942-0940},
	doi = {10.1007/s00701-015-2366-z},
	language = {en},
	number = {5},
	urldate = {2024-08-26},
	journal = {Acta Neurochirurgica},
  author = {Pratt, L. and others},
	year = {2015},
	pages = {855--861},
}

@article{rayed_deep_2024,
	title = {Deep learning for medical image segmentation: {State}-of-the-art advancements and challenges},
	volume = {47},
        number = {1},
	issn = {23529148},
	shorttitle = {Deep learning for medical image segmentation},
	doi = {10.1016/j.imu.2024.101504},
	language = {en},
	urldate = {2024-08-26},
	journal = {Informatics in Medicine Unlocked},
  author = {Rayed, Md. Eshmam and others},
	year = {2024},
	pages = {101504},
}

@article{zhang_dins_2022,
	title = {{DINs}: {Deep} {Interactive} {Networks} for {Neurofibroma} {Segmentation} in {Neurofibromatosis} {Type} 1 on {Whole}-{Body} {MRI}},
	volume = {26},
	copyright = {https://ieeexplore.ieee.org/Xplorehelp/downloads/license-information/IEEE.html},
	issn = {2168-2194, 2168-2208},
	shorttitle = {{DINs}},
	doi = {10.1109/JBHI.2021.3087735},
	number = {2},
	urldate = {2024-08-26},
	journal = {IEEE Journal of Biomedical and Health Informatics},
        author = {Zhang, Jian-Wei and others},
	year = {2022},
	pages = {786--797},
	file = {Accepted Version:/Users/georgekolokolnikov/Zotero/storage/66BAK9MR/Zhang et al. - 2022 - DINs Deep Interactive Networks for Neurofibroma S.pdf:application/pdf},
}

@article{wu_dh-gac_2022,
	title = {{DH}-{GAC}: deep hierarchical context fusion network with modified geodesic active contour for multiple neurofibromatosis segmentation},
	issn = {0941-0643, 1433-3058},
	shorttitle = {{DH}-{GAC}},
	doi = {10.1007/s00521-022-07945-4},
	language = {en},
	urldate = {2024-08-26},
	journal = {Neural Computing and Applications},
        author = {Wu, Xiangqiong and others},
	year = {2022},
        note = {https://doi.org/10.1007/s00521-022-07945-4}
}

@article{wu_deep_2020,
	title = {Deep {Parametric} {Active} {Contour} {Model} for {Neurofibromatosis} {Segmentation}},
	volume = {112},
	issn = {0167739X},
	doi = {10.1016/j.future.2020.05.001},
	language = {en},
	urldate = {2024-08-26},
	journal = {Future Generation Computer Systems},
        author = {Wu, Xiangqiong and others},
	year = {2020},
	pages = {58--66},
}

@article{staser_pathogenesis_2012,
	title = {Pathogenesis of {Plexiform} {Neurofibroma}: {Tumor}-{Stromal}/{Hematopoietic} {Interactions} in {Tumor} {Progression}},
	volume = {7},
	issn = {1553-4006, 1553-4014},
	shorttitle = {Pathogenesis of {Plexiform} {Neurofibroma}},
	doi = {10.1146/annurev-pathol-011811-132441},
	language = {en},
	number = {1},
	urldate = {2024-08-26},
	journal = {Annual Review of Pathology: Mechanisms of Disease},
	author = {Staser, Karl and Yang, Feng-Chun and Clapp, D. Wade},
	year = {2012},
	pages = {469--495},
	file = {Accepted Version:/Users/georgekolokolnikov/Zotero/storage/35WD74H6/Staser et al. - 2012 - Pathogenesis of Plexiform Neurofibroma Tumor-Stro.pdf:application/pdf},
}

@article{solomon_automated_2004,
	title = {Automated detection and volume measurement of plexiform neurofibromas in neurofibromatosis 1 using magnetic resonance imaging},
	volume = {28},
	copyright = {https://www.elsevier.com/tdm/userlicense/1.0/},
	issn = {08956111},
	doi = {10.1016/j.compmedimag.2004.03.002},
	language = {en},
	number = {5},
	urldate = {2024-08-26},
	journal = {Computerized Medical Imaging and Graphics},
        author = {Solomon, Jeffrey and others},
	year = {2004},
	pages = {257--265},
}

@article{weizman_pnist_2014,
	title = {{PNist}: interactive volumetric measurements of plexiform neurofibromas in {MRI} scans},
	volume = {9},
	copyright = {http://www.springer.com/tdm},
	issn = {1861-6410, 1861-6429},
	shorttitle = {{PNist}},
	doi = {10.1007/s11548-013-0961-0},
	language = {en},
	number = {4},
	urldate = {2024-08-26},
	journal = {International Journal of Computer Assisted Radiology and Surgery},
        author = {Weizman, Lior and others},
	year = {2014},
	pages = {683--693},
}

@article{ho_image_2020,
	title = {Image segmentation of plexiform neurofibromas from a deep neural network using multiple b-value diffusion data},
	volume = {10},
	issn = {2045-2322},
	doi = {10.1038/s41598-020-74920-1},
	language = {en},
	number = {1},
	urldate = {2024-08-26},
	journal = {Scientific Reports},
        author = {Ho, Chang Y. and others},
	year = {2020},
	pages = {17857},
	file = {Full Text:/Users/georgekolokolnikov/Zotero/storage/NZA5MZ7F/Ho et al. - 2020 - Image segmentation of plexiform neurofibromas from.pdf:application/pdf},
}

@article{kiaei_development_2024,
	title = {Development of a semi-automatic segmentation technique based on mean magnetic resonance imaging intensity thresholding for volumetric quantification of plexiform neurofibromas},
	volume = {10},
	issn = {24058440},
	doi = {10.1016/j.heliyon.2023.e23445},
	language = {en},
	number = {1},
	urldate = {2024-08-26},
	journal = {Heliyon},
        author = {Kiaei, Dorsa Sadat and others},
	year = {2024},
	pages = {e23445},
	file = {Full Text:/Users/georgekolokolnikov/Zotero/storage/GXD2GQ3X/Kiaei et al. - 2024 - Development of a semi-automatic segmentation techn.pdf:application/pdf},
}

@article{isensee_nnu-net_2021,
	title = {{nnU}-{Net}: a self-configuring method for deep learning-based biomedical image segmentation},
	volume = {18},
	issn = {1548-7091, 1548-7105},
	shorttitle = {{nnU}-{Net}},
	doi = {10.1038/s41592-020-01008-z},
	language = {en},
	number = {2},
	urldate = {2024-08-26},
	journal = {Nature Methods},
        author = {Isensee, Fabian and others},
	year = {2021},
	pages = {203--211},
	file = {Submitted Version:/Users/georgekolokolnikov/Zotero/storage/GK5IXAP8/Isensee et al. - 2021 - nnU-Net a self-configuring method for deep learni.pdf:application/pdf},
}

@misc{hantze_mrsegmentator_2024,
	title = {{MRSegmentator}: {Robust} {Multi}-{Modality} {Segmentation} of 40 {Classes} in {MRI} and {CT} {Sequences}},
	shorttitle = {{MRSegmentator}},
	url = {http://arxiv.org/abs/2405.06463},
	urldate = {2024-08-27},
	publisher = {arXiv},
        author = {Häntze, Hartmut and others},
	year = {2024},
	note = {arXiv:2405.06463 [cs, eess]},
	file = {arXiv Fulltext PDF:/Users/georgekolokolnikov/Zotero/storage/CSTFEKZ3/Häntze et al. - 2024 - MRSegmentator Robust Multi-Modality Segmentation .pdf:application/pdf;arXiv.org Snapshot:/Users/georgekolokolnikov/Zotero/storage/KYMLZCWK/2405.html:text/html},
}

@incollection{nguyen_deepedit_2022,
	address = {Cham},
	title = {{DeepEdit}: {Deep} {Editable} {Learning} for {Interactive} {Segmentation} of {3D} {Medical} {Images}},
	volume = {13567},
	isbn = {978-3-031-17026-3 978-3-031-17027-0},
	shorttitle = {{DeepEdit}},
	language = {en},
	urldate = {2024-08-30},
	booktitle = {Data {Augmentation}, {Labelling}, and {Imperfections}},
	publisher = {Springer Nature Switzerland},
        author = {Diaz-Pinto, Andres and others},
	editor = {Nguyen, Hien V. and Huang, Sharon X. and Xue, Yuan},
	year = {2022},
	doi = {10.1007/978-3-031-17027-0_2},
	note = {Series Title: Lecture Notes in Computer Science},
	pages = {11--21},
	file = {Submitted Version:/Users/georgekolokolnikov/Zotero/storage/AXK9ZL6F/Diaz-Pinto et al. - 2022 - DeepEdit Deep Editable Learning for Interactive S.pdf:application/pdf},
}

@article{aerts_decoding_2014,
	title = {Decoding tumour phenotype by noninvasive imaging using a quantitative radiomics approach},
	volume = {5},
	issn = {2041-1723},
	doi = {10.1038/ncomms5006},
	language = {en},
	number = {1},
	urldate = {2024-08-30},
	journal = {Nature Communications},
        author = {Aerts, Hugo J. W. L. and others},
	year = {2014},
	pages = {4006},
	file = {Full Text:/Users/georgekolokolnikov/Zotero/storage/NPYZAX44/Aerts et al. - 2014 - Decoding tumour phenotype by noninvasive imaging u.pdf:application/pdf},
}

@article{palmer_analysis_2004,
	title = {Analysis of neurofibromatosis 1 ({NF1}) lesions by body segment},
	volume = {125A},
	copyright = {http://onlinelibrary.wiley.com/termsAndConditions\#vor},
	issn = {1552-4825, 1552-4833},
	doi = {10.1002/ajmg.a.20354},
	language = {en},
	number = {2},
	urldate = {2024-08-30},
	journal = {American Journal of Medical Genetics Part A},
        author = {Palmer, Chana and others},
	year = {2004},
	pages = {157--161},
}

@misc{kirillov_segment_2023,
	title = {Segment {Anything}},
	url = {http://arxiv.org/abs/2304.02643},
	urldate = {2024-08-30},
	publisher = {arXiv},
        author = {Kirillov, Alexander and others},
	year = {2023},
	note = {arXiv:2304.02643 [cs]},
	keywords = {Computer Science - Computer Vision and Pattern Recognition, Computer Science - Machine Learning, Computer Science - Artificial Intelligence},
	annote = {Comment: Project web-page: https://segment-anything.com},
	file = {arXiv Fulltext PDF:/Users/georgekolokolnikov/Zotero/storage/I4SVNRG2/Kirillov et al. - 2023 - Segment Anything.pdf:application/pdf;arXiv.org Snapshot:/Users/georgekolokolnikov/Zotero/storage/SLHCQXDR/2304.html:text/html},
}

@article{ahlawat_current_2016,
	title = {Current whole-body {MRI} applications in the neurofibromatoses: {NF1}, {NF2}, and schwannomatosis},
	volume = {87},
	issn = {0028-3878, 1526-632X},
	shorttitle = {Current whole-body {MRI} applications in the neurofibromatoses},
	doi = {10.1212/WNL.0000000000002929},
	language = {en},
	number = {7\_Supplement\_1},
	urldate = {2024-08-30},
	journal = {Neurology},
        author = {Ahlawat, Shivani and others},
	year = {2016},
	file = {Full Text:/Users/georgekolokolnikov/Zotero/storage/EUALG7II/Ahlawat et al. - 2016 - Current whole-body MRI applications in the neurofi.pdf:application/pdf},
}

@misc{hatamizadeh_unetr_2021,
	title = {{UNETR}: {Transformers} for {3D} {Medical} {Image} {Segmentation}},
	shorttitle = {{UNETR}},
	url = {http://arxiv.org/abs/2103.10504},
	urldate = {2024-08-30},
	publisher = {arXiv},
        author = {Hatamizadeh, Ali and others},
	year = {2021},
	note = {arXiv:2103.10504 [cs, eess]},
	keywords = {Computer Science - Computer Vision and Pattern Recognition, Computer Science - Machine Learning, Electrical Engineering and Systems Science - Image and Video Processing},
	annote = {Comment: Accepted to IEEE Winter Conference on Applications of Computer Vision (WACV) 2022},
	file = {arXiv Fulltext PDF:/Users/georgekolokolnikov/Zotero/storage/TXWIH4Q5/Hatamizadeh et al. - 2021 - UNETR Transformers for 3D Medical Image Segmentat.pdf:application/pdf;arXiv.org Snapshot:/Users/georgekolokolnikov/Zotero/storage/8K7GIKNE/2103.html:text/html},
}

@incollection{crimi_swin_2022,
	address = {Cham},
	title = {Swin {UNETR}: {Swin} {Transformers} for {Semantic} {Segmentation} of {Brain} {Tumors} in {MRI} {Images}},
	volume = {12962},
	isbn = {978-3-031-08998-5 978-3-031-08999-2},
	shorttitle = {Swin {UNETR}},
	language = {en},
	urldate = {2024-08-30},
	booktitle = {Brainlesion: {Glioma}, {Multiple} {Sclerosis}, {Stroke} and {Traumatic} {Brain} {Injuries}},
	publisher = {Springer International Publishing},
        author = {Hatamizadeh, Ali and others},
	editor = {Crimi, Alessandro and Bakas, Spyridon},
	year = {2022},
	doi = {10.1007/978-3-031-08999-2_22},
	note = {Series Title: Lecture Notes in Computer Science},
	pages = {272--284},
	file = {Submitted Version:/Users/georgekolokolnikov/Zotero/storage/WJGYQAXH/Hatamizadeh et al. - 2022 - Swin UNETR Swin Transformers for Semantic Segment.pdf:application/pdf},
}

@article{ristow_evaluation_2022,
	title = {Evaluation of magnetic resonance imaging-based radiomics characteristics for differentiation of benign and malignant peripheral nerve sheath tumors in neurofibromatosis type 1},
	volume = {24},
	copyright = {https://creativecommons.org/licenses/by-nc/4.0/},
	issn = {1522-8517, 1523-5866},
	doi = {10.1093/neuonc/noac100},
	language = {en},
	number = {10},
	urldate = {2024-08-30},
	journal = {Neuro-Oncology},
        author = {Ristow, Inka and others},
	year = {2022},
	pages = {1790--1798},
	file = {Full Text:/Users/georgekolokolnikov/Zotero/storage/2AYDUFVG/Ristow et al. - 2022 - Evaluation of magnetic resonance imaging-based rad.pdf:application/pdf},
}

@article{jansma_preoperative_2024,
	title = {Preoperative {Classification} of {Peripheral} {Nerve} {Sheath} {Tumors} on {MRI} {Using} {Radiomics}},
	volume = {16},
	copyright = {https://creativecommons.org/licenses/by/4.0/},
	issn = {2072-6694},
	doi = {10.3390/cancers16112039},
	language = {en},
	number = {11},
	urldate = {2024-08-30},
	journal = {Cancers},
        author = {Jansma, Christianne Y. M. N. and others},
	year = {2024},
	pages = {2039},
}

@article{van_griethuysen_computational_2017,
	title = {Computational {Radiomics} {System} to {Decode} the {Radiographic} {Phenotype}},
	volume = {77},
	issn = {0008-5472, 1538-7445},
	doi = {10.1158/0008-5472.CAN-17-0339},
	language = {en},
	number = {21},
	urldate = {2024-08-30},
	journal = {Cancer Research},
  author = {Van Griethuysen, Joost J.M. and others},
	year = {2017},
	pages = {e104--e107},
	file = {Full Text:/Users/georgekolokolnikov/Zotero/storage/4CMGE4Q8/Van Griethuysen et al. - 2017 - Computational Radiomics System to Decode the Radio.pdf:application/pdf},
}

@misc{lavrova_review_2024,
	title = {A review of handcrafted and deep radiomics in neurological diseases: transitioning from oncology to clinical neuroimaging},
	shorttitle = {A review of handcrafted and deep radiomics in neurological diseases},
	url = {http://arxiv.org/abs/2407.13813},
	urldate = {2024-08-30},
	publisher = {arXiv},
        author = {Lavrova, Elizaveta and others},
	year = {2024},
	note = {arXiv:2407.13813 [cs, eess, q-bio]},
	keywords = {Electrical Engineering and Systems Science - Image and Video Processing, Computer Science - Artificial Intelligence, Quantitative Biology - Quantitative Methods},
	file = {arXiv Fulltext PDF:/Users/georgekolokolnikov/Zotero/storage/68ER99ZJ/Lavrova et al. - 2024 - A review of handcrafted and deep radiomics in neur.pdf:application/pdf;arXiv.org Snapshot:/Users/georgekolokolnikov/Zotero/storage/MNR7EFJF/2407.html:text/html},
}

@article{breiman_random_2001,
	title = {Random {Forests}},
	volume = {45},
	copyright = {2001 Kluwer Academic Publishers},
	issn = {1573-0565},
	doi = {10.1023/A:1010933404324},
	language = {en},
	number = {1},
	urldate = {2024-08-30},
	journal = {Machine Learning},
	author = {Breiman, Leo},
	year = {2001},
	pages = {5--32},
	file = {Full Text PDF:/Users/georgekolokolnikov/Zotero/storage/V493GTUB/Breiman - 2001 - Random Forests.pdf:application/pdf},
}

@article{noauthor_neurofibromatosis_1988,
        author = {{National Institutes of Health}},
	title = {Neurofibromatosis. {Conference} statement. {National} {Institutes} of {Health} {Consensus} {Development} {Conference}},
	volume = {45},
	issn = {0003-9942},
	language = {eng},
	number = {5},
	journal = {Archives of Neurology},
	year = {1988},
	pmid = {3128965},
	keywords = {Family, Humans, Molecular Biology, Neurofibromatosis 1, Research},
	pages = {575--578},
}

@article{yushkevich_user-guided_2006,
	title = {User-guided {3D} active contour segmentation of anatomical structures: {Significantly} improved efficiency and reliability},
	volume = {31},
	issn = {10538119},
	shorttitle = {User-guided {3D} active contour segmentation of anatomical structures},
	doi = {10.1016/j.neuroimage.2006.01.015},
	language = {en},
	number = {3},
	urldate = {2024-09-03},
	journal = {NeuroImage},
        author = {Yushkevich, Paul A. and others},
	year = {2006},
	pages = {1116--1128},
	file = {Submitted Version:/Users/georgekolokolnikov/Zotero/storage/ASE848HJ/Yushkevich et al. - 2006 - User-guided 3D active contour segmentation of anat.pdf:application/pdf},
}

@article{fedorov_3d_2012,
	title = {{3D} {Slicer} as an {Image} {Computing} {Platform} for the {Quantitative} {Imaging} {Network}},
	author = {Fedorov, Andriy and others},
	journal={Magnetic resonance imaging},
	volume = {30},
	number = {9},
	pages={1323--1341},
	year={2012},
	publisher={Elsevier},
	doi = {10.1016/j.mri.2012.05.001},
}

@misc{cardoso_monai_2022,
	title = {{MONAI}: {An} open-source framework for deep learning in healthcare},
	copyright = {Apache-2.0},
	shorttitle = {{MONAI}},
	url = {https://github.com/Project-MONAI/MONAI},
	abstract = {AI Toolkit for Healthcare Imaging},
	urldate = {2024-09-03},
	author = {Cardoso, M. Jorge and others},
	month = nov,
	year = {2022},
	doi = {https://doi.org/10.48550/arXiv.2211.02701}
}
