@inproceedings{RoboRay_hand,
  title={RoboRay hand: A highly backdrivable robotic hand with sensorless contact force measurements},
  author={Kim, Yong-Jae and Lee, Younbaek and Kim, Jiyoung and Lee, Ja-Woo and Park, Kang-Min and Roh, Kyung-Sik and Choi, Jung-Yun},
  booktitle={2014 IEEE International Conference on Robotics and Automation (ICRA)},
  pages={6712--6718},
  year={2014},
  organization={IEEE}
}

@article{SAQIEL,
  title={SAQIEL: Ultra-Light and Safe Manipulator with Passive 3D Wire Alignment Mechanism},
  author={Suzuki, Temma and Bando, Masahiro and Kawaharazuka, Kento and Okada, Kei and Inaba, Masayuki},
  journal={IEEE Robotics and Automation Letters},
  year={2024},
  publisher={IEEE}
}

@article{choi2024design,
  title={Design and Evaluation of a Cable-Actuated Palletizing Robot With Geared Rolling Joints},
  author={Choi, Wontae and Suh, Jungwook},
  journal={IEEE/ASME Transactions on Mechatronics},
  year={2024},
  publisher={IEEE}
}

@inproceedings{constant_length,
  title={Constant length tendon routing mechanism through axial joint},
  author={Shah, Divya and Parmiggiani, Alberto and Kim, Yong-Jae},
  booktitle={2020 IEEE/ASME International Conference on Advanced Intelligent Mechatronics (AIM)},
  pages={753--758},
  year={2020},
  organization={IEEE}
}

@article{jiang2018design,
  title={Design and modeling of motion-decoupling mechanism for cable-driven joints},
  author={Jiang, Surong and Hua, Daren and Wang, Yaoyao and Ju, Feng and Yin, Liang and Chen, Bai},
  journal={Advances in Mechanical Engineering},
  volume={10},
  number={5},
  pages={1687814018777428},
  year={2018},
  publisher={SAGE Publications Sage UK: London, England}
}

@article{kim,
  title={Anthropomorphic low-inertia high-stiffness manipulator for high-speed safe interaction},
  author={Kim, Yong-Jae},
  journal={IEEE Transactions on robotics},
  volume={33},
  number={6},
  pages={1358--1374},
  year={2017},
  publisher={IEEE}
}

@inproceedings{lee2008design,
  title={Design of a servomanipulator with tendon transmission},
  author={Lee, Jong Kwang and Choi, Chang Hwan and Yoon, Kwang Ho and Park, Byung Suk and Yoon, Ji Sup},
  booktitle={2008 International Conference on Control, Automation and Systems},
  pages={1653--1656},
  year={2008},
  organization={IEEE}
}

@inproceedings{wam,
  title={Mechanical design for whole-arm manipulation},
  author={Townsend, William T and Salisbury, J Kenneth},
  booktitle={Robots and Biological Systems: Towards a New Bionics?},
  pages={153--164},
  year={1993},
  organization={Springer}
}

