@article{lightweight_cb_manipulator,
  title={Design and stiffness analysis of a novel 7-DOF cable-driven manipulator},
  author={Pang, Shunxiang and Shang, Weiwei and Zhang, Fei and Zhang, Bin and Cong, Shuang},
  journal={IEEE Robotics and Automation Letters},
  volume={7},
  number={2},
  pages={2811--2818},
  year={2022},
  publisher={IEEE}
}

@inproceedings{motion_decoupled,
  title={Design and evaluation of cable-driven manipulator with motion-decoupled joints},
  author={Lee, Jong Kwang and Choi, Chang Hwan and Yoon, Kwang Ho and Lee, Hyo Jik and Park, Byung Suk and Yoon, Ji Sup},
  booktitle={2008 International Conference on Smart Manufacturing Application},
  pages={575--580},
  year={2008},
  organization={IEEE}
}

@inproceedings{snake,
  title={Twist Snake: Plastic table-top cable-driven robotic arm with all motors located at the base link},
  author={Tanaka, Kazutoshi and Hamaya, Masashi},
  booktitle={2023 IEEE International Conference on Robotics and Automation (ICRA)},
  pages={7345--7351},
  year={2023},
  organization={IEEE}
}

@article{bowden,
  title={A modular cable-driven humanoid arm with anti-parallelogram mechanisms and Bowden cables},
  author={Wang, Bin and Zhang, Tao and Chen, Jiazhen and Xu, Wang and Wei, Hongyu and Song, Yaowei and Guan, Yisheng},
  journal={Frontiers of Mechanical Engineering},
  volume={18},
  number={1},
  pages={6},
  year={2023},
  publisher={Springer}
}

@article{stiffness,
  title={Stiffness Optimization of Cable-Driven Humanoid Manipulators},
  author={Pang, Shunxiang and Shang, Weiwei and Dai, Shuqing and Deng, Jie and Zhang, Fei and Zhang, Bin and Cong, Shuang},
  journal={IEEE/ASME Transactions on Mechatronics},
  year={2024},
  publisher={IEEE}
}

@article{SAQIEL,
  title={SAQIEL: Ultra-Light and Safe Manipulator with Passive 3D Wire Alignment Mechanism},
  author={Suzuki, Temma and Bando, Masahiro and Kawaharazuka, Kento and Okada, Kei and Inaba, Masayuki},
  journal={IEEE Robotics and Automation Letters},
  year={2024},
  publisher={IEEE}
}

@article{Self-calibration,
  title={Self-calibration of a biologically inspired 7 DOF cable-driven robotic arm},
  author={Mustafa, Shabbir Kurbanhusen and Yang, Guilin and Yeo, Song Huat and Lin, Wei and Chen, I-Ming},
  journal={IEEE/ASME transactions on mechatronics},
  volume={13},
  number={1},
  pages={66--75},
  year={2008},
  publisher={IEEE}
}

@article{self-calibration_2,
  title={An integrated two-level self-calibration method for a cable-driven humanoid arm},
  author={Chen, Quanzhu and Chen, Weihai and Yang, Guilin and Liu, Rong},
  journal={IEEE Transactions on Automation Science and Engineering},
  volume={10},
  number={2},
  pages={380--391},
  year={2013},
  publisher={IEEE}
}

@article{kim,
  title={Anthropomorphic low-inertia high-stiffness manipulator for high-speed safe interaction},
  author={Kim, Yong-Jae},
  journal={IEEE Transactions on robotics},
  volume={33},
  number={6},
  pages={1358--1374},
  year={2017},
  publisher={IEEE}
}

@inproceedings{kim2018development,
  title={Development of low-inertia high-stiffness manipulator lims2 for high-speed manipulation of foldable objects},
  author={Song, Hansol and Kim, Yun-Soo and Yoon, Junsuk and Yun, Seong-Ho and Seo, Jiwon and Kim, Yong-Jae},
  booktitle={2018 IEEE/RSJ International Conference on Intelligent Robots and Systems (IROS)},
  pages={4145--4151},
  year={2018},
  organization={IEEE}
}

@inproceedings{constant_length,
  title={Constant length tendon routing mechanism through axial joint},
  author={Shah, Divya and Parmiggiani, Alberto and Kim, Yong-Jae},
  booktitle={2020 IEEE/ASME International Conference on Advanced Intelligent Mechatronics (AIM)},
  pages={753--758},
  year={2020},
  organization={IEEE}
}

@inproceedings{RoboRay_hand,
  title={RoboRay hand: A highly backdrivable robotic hand with sensorless contact force measurements},
  author={Kim, Yong-Jae and Lee, Younbaek and Kim, Jiyoung and Lee, Ja-Woo and Park, Kang-Min and Roh, Kyung-Sik and Choi, Jung-Yun},
  booktitle={2014 IEEE International Conference on Robotics and Automation (ICRA)},
  pages={6712--6718},
  year={2014},
  organization={IEEE}
}

@inproceedings{wam,
  title={Mechanical design for whole-arm manipulation},
  author={Townsend, William T and Salisbury, J Kenneth},
  booktitle={Robots and Biological Systems: Towards a New Bionics?},
  pages={153--164},
  year={1993},
  organization={Springer}
}


@inproceedings{scarcia2015towards,
  title={Towards simplicity: On the design of a 2-DOFs wrist mechanism for tendon-driven robotic hands},
  author={Scarcia, Umberto and Melchiorri, Claudio and Palli, Gianluca},
  booktitle={2015 IEEE International Conference on Robotics and Biomimetics (ROBIO)},
  pages={1317--1322},
  year={2015},
  organization={IEEE}
}

@inproceedings{lee2008design,
  title={Design of a servomanipulator with tendon transmission},
  author={Lee, Jong Kwang and Choi, Chang Hwan and Yoon, Kwang Ho and Park, Byung Suk and Yoon, Ji Sup},
  booktitle={2008 International Conference on Control, Automation and Systems},
  pages={1653--1656},
  year={2008},
  organization={IEEE}
}

@inproceedings{constant_tendon_length,
  title={Development of Fully Tendon-Driven Lightweight Manipulator with Constant Tendon-Length Routing},
  author={Sakurai, Shunichi and Katsura, Seiichiro},
  booktitle={2024 IEEE 18th International Conference on Advanced Motion Control (AMC)},
  pages={1--6},
  year={2024},
  organization={IEEE}
}

@article{choi2024design,
  title={Design and Evaluation of a Cable-Actuated Palletizing Robot With Geared Rolling Joints},
  author={Choi, Wontae and Suh, Jungwook},
  journal={IEEE/ASME Transactions on Mechatronics},
  year={2024},
  publisher={IEEE}
}

@article{jiang2018design,
  title={Design and modeling of motion-decoupling mechanism for cable-driven joints},
  author={Jiang, Surong and Hua, Daren and Wang, Yaoyao and Ju, Feng and Yin, Liang and Chen, Bai},
  journal={Advances in Mechanical Engineering},
  volume={10},
  number={5},
  pages={1687814018777428},
  year={2018},
  publisher={SAGE Publications Sage UK: London, England}
}

@article{ozawa2013analysis,
  title={Analysis, classification, and design of tendon-driven mechanisms},
  author={Ozawa, Ryuta and Kobayashi, Hiroaki and Hashirii, Kazunori},
  journal={IEEE transactions on robotics},
  volume={30},
  number={2},
  pages={396--410},
  year={2013},
  publisher={IEEE}
}

@INPROCEEDINGS{quternion,
  author={Kim, Yong-Jae and Kim, Jong-In and Jang, Wooseok},
  booktitle={2018 IEEE/RSJ International Conference on Intelligent Robots and Systems (IROS)}, 
  title={Quaternion Joint: Dexterous 3-DOF Joint Representing Quaternion Motion for High-Speed Safe Interaction}, 
  year={2018},
  volume={},
  number={},
  pages={935-942},
  keywords={Wires;Wrist;Manipulators;Quaternions;Pulleys;Kinematics},
  doi={10.1109/IROS.2018.8594301}}

@INPROCEEDINGS{low-cost,
  author={Quigley, Morgan and Asbeck, Alan and Ng, Andrew},
  booktitle={2011 IEEE International Conference on Robotics and Automation}, 
  title={A low-cost compliant 7-DOF robotic manipulator}, 
  year={2011},
  volume={},
  number={},
  pages={6051-6058},
  keywords={Manipulators;Joints;Robot sensing systems;Payloads;DC motors;Torque},
  doi={10.1109/ICRA.2011.5980332}}

@INPROCEEDINGS{6386236,
  author={Lens, Thomas and von Stryk, Oskar},
  booktitle={2012 IEEE/RSJ International Conference on Intelligent Robots and Systems}, 
  title={Investigation of safety in human-robot-interaction for a series elastic, tendon-driven robot arm}, 
  year={2012},
  volume={},
  number={},
  pages={4309-4314},
  keywords={Joints;Collision avoidance;Clamps;Safety;Force;Manipulators},
  doi={10.1109/IROS.2012.6386236}}

@article{jiang2013mechanism,
  title={Mechanism design and system control for humanoid space robot movement using a simple gravity-compensation system},
  author={Jiang, Zhihong and Liu, Shilong and Li, Hui and Dong, Que and Chen, Xiaopeng and Huang, Qiang},
  journal={International Journal of Advanced Robotic Systems},
  volume={10},
  number={11},
  pages={389},
  year={2013},
  publisher={SAGE Publications Sage UK: London, England}
}

@article{continuum1,
  title={Design and kinematic modeling of constant curvature continuum robots: A review},
  author={Webster III, Robert J and Jones, Bryan A},
  journal={The International Journal of Robotics Research},
  volume={29},
  number={13},
  pages={1661--1683},
  year={2010},
  publisher={SAGE Publications Sage UK: London, England}
}

@article{continuum2,
  title={A snake-inspired layer-driven continuum robot},
  author={Qin, Guodong and Ji, Aihong and Cheng, Yong and Zhao, Wenlong and Pan, Hongtao and Shi, Shanshuang and Song, Yuntao},
  journal={Soft Robotics},
  volume={9},
  number={4},
  pages={788--797},
  year={2022},
  publisher={Mary Ann Liebert, Inc., publishers 140 Huguenot Street, 3rd Floor New~â€¦}
}

@article{continuum3,
  title={Design and analysis of a bio-inspired wire-driven multi-section flexible robot},
  author={Li, Zheng and Du, Ruxu},
  journal={International Journal of Advanced Robotic Systems},
  volume={10},
  number={4},
  pages={209},
  year={2013},
  publisher={SAGE Publications Sage UK: London, England}
}

@INPROCEEDINGS{continuum4,
  author={Li, Wenshuo and Xu, Wenfu and Lin, Boyang and Yan, Lei},
  booktitle={2022 IEEE International Conference on Robotics and Biomimetics (ROBIO)}, 
  title={Design, Kinematics and Control of a Modular Cable-Driven Manipulator for Fine Manipulation}, 
  year={2022},
  volume={},
  number={},
  pages={833-838},
  keywords={Robust control;Kinematics;Mechanical cables;Robot sensing systems;Manipulators;Stability analysis;Hardware;Modular cable-driven manipulator;Kinematic model;Closed-loop control;Compliant control},
  doi={10.1109/ROBIO55434.2022.10011914}}


@INPROCEEDINGS{Parallel_Continuum,
  author={Gong, Zhenhua and Ning, Chuanxin and Liang, Jiejunyi and Zhang, Ting},
  booktitle={2024 IEEE International Conference on Robotics and Automation (ICRA)}, 
  title={Design, Modeling and Analysis of a Spherical Parallel Continuum Manipulator for Nursing Robots}, 
  year={2024},
  volume={},
  number={},
  pages={17431-17437},
  keywords={Solid modeling;Medical robotics;Service robots;Prototypes;Medical services;Kinematics;Manipulators;Continuum manipulator;Cable-driven Continuum Manipulator;Spherical Parallel Continuum Manipulator;Nursing robots},
  doi={10.1109/ICRA57147.2024.10610046}}

@ARTICLE{Dragon,
  author={Endo, Gen and Horigome, Atsushi and Takata, Atsushi},
  journal={IEEE Robotics and Automation Letters}, 
  title={Super Dragon: A 10-m-Long-Coupled Tendon-Driven Articulated Manipulator}, 
  year={2019},
  volume={4},
  number={2},
  pages={934-941},
  keywords={Tendons;Torque;Manipulators;Pulleys;Gravity;Actuators;Payloads;Tendon/wire mechanism;mechanism design;redundant robots;synthetic fiber rope},
  doi={10.1109/LRA.2019.2894855}}

@INPROCEEDINGS{6907730,
  author={Horigome, Atsushi and Yamada, Hiroya and Endo, Gen and Sen, Shin and Hirose, Shigeo and Fukushima, Edwardo F.},
  booktitle={2014 IEEE International Conference on Robotics and Automation (ICRA)}, 
  title={Development of a coupled tendon-driven 3D multi-joint manipulator}, 
  year={2014},
  volume={},
  number={},
  pages={5915-5920},
  keywords={Joints;Wires;Pulleys;Three-dimensional displays;Torque;Manipulators},
  doi={10.1109/ICRA.2014.6907730}}

@INPROCEEDINGS{8593679,
  author={Liu, Tianliang and Mu, Zonggao and Wang, Haomiao and Xu, Wenfu and Li, Yangmin},
  booktitle={2018 IEEE/RSJ International Conference on Intelligent Robots and Systems (IROS)}, 
  title={A Cable-Driven Redundant Spatial Manipulator with Improved Stiffness and Load Capacity}, 
  year={2018},
  volume={},
  number={},
  pages={6628-6633},
  keywords={Couplings;Kinematics;Springs;Task analysis;End effectors;Cable-driven;Redundant manipulator;Stiffness;Load capacity;Kinematic},
  doi={10.1109/IROS.2018.8593679}}

@ARTICLE{9349131,
  author={BÃ¶ttcher, Georg and Lilge, Sven and Burgner-Kahrs, Jessica},
  journal={IEEE Robotics and Automation Letters}, 
  title={Design of a Reconfigurable Parallel Continuum Robot With Tendon-Actuated Kinematic Chains}, 
  year={2021},
  volume={6},
  number={2},
  pages={1272-1279},
  keywords={Robots;Tendons;Kinematics;Bending;End effectors;Periodic structures;Couplings;Continuum robots;mechanical design;parallel robots},
  doi={10.1109/LRA.2021.3057557}}

@INPROCEEDINGS{9025998,
  author={Yeshmukhametov, Azamat and Koganezawa, Koichi and Seidakhmet, Askar and Yamamoto, Yoshio},
  booktitle={2020 IEEE/SICE International Symposium on System Integration (SII)}, 
  title={A Novel Passive Pretension Mechanism for Wire-Driven Discrete Continuum Manipulators}, 
  year={2020},
  volume={},
  number={},
  pages={1168-1173},
  keywords={Wires;Manipulators;Springs;Force;Shafts;Payloads},
  doi={10.1109/SII46433.2020.9025998}}

@INPROCEEDINGS{
iso1998,
title = {ISO 9283:1998, Manipulating industrial robotsâ€“Performance criteria and related test methods},
booktitle={Int. Org. Standardization. 1998. [Online].},
note = {Available: \url{https://www.iso.org/standard/22244.html}}
}

@article{xu2024design,
  title={Design and implementation of a 7-DOF cable-driven serial spray-painting robot with motion-decoupling mechanisms},
  author={Xu, Feng and Zi, Bin and Yu, Zhaoyi and Zhao, Jiahao and Ding, Huafeng},
  journal={Mechanism and Machine Theory},
  volume={192},
  pages={105549},
  year={2024},
  publisher={Elsevier}
}