@InProceedings{10.1007/978-3-031-63803-9_22,
author="Narteni, Sara
and Carlevaro, Alberto
and Guzzi, J{\'e}r{\^o}me
and Mongelli, Maurizio",
editor="Longo, Luca
and Lapuschkin, Sebastian
and Seifert, Christin",
title="Ensuring Safe Social Navigation via Explainable Probabilistic and Conformal Safety Regions",
booktitle="Explainable Artificial Intelligence",
year="2024",
publisher="Springer Nature Switzerland",
address="Cham",
pages="396--417",
isbn="978-3-031-63803-9"
}

@book{hatcher2005algebraic,
  title={Algebraic topology},
  author={Hatcher, Allen},
  year={2005},
  publisher={Cambridge University Press}
}

@book{jonsson2008simplicial,
  title={Simplicial complexes of graphs},
  author={Jonsson, Jakob},
  volume={1928},
  year={2008},
  publisher={Springer}
}

@book{munkres2018elements,
  title={Elements of algebraic topology},
  author={Munkres, James R},
  year={2018},
  publisher={CRC press}
}

@inproceedings{rucco2016characterisation,
  title={Characterisation of the idiotypic immune network through persistent entropy},
  author={Rucco, Matteo and Castiglione, Filippo and Merelli, Emanuela and Pettini, Marco},
  booktitle={Proceedings of ECCS 2014: European conference on complex systems},
  pages={117--128},
  year={2016},
  organization={Springer}
}

@article{chintakunta2015entropy,
  title={An entropy-based persistence barcode},
  author={Chintakunta, Harish and Gentimis, Thanos and Gonzalez-Diaz, Rocio and Jimenez, Maria-Jose and Krim, Hamid},
  journal={Pattern Recognition},
  volume={48},
  number={2},
  pages={391--401},
  year={2015},
  publisher={Elsevier}
}

@article{Pierson2017DeepLI,
  title={Deep learning in robotics: a review of recent research},
  author={Harry A. Pierson and Michael S. Gashler},
  journal={Advanced Robotics},
  year={2017},
  volume={31},
  pages={821 - 835},
  url={https://api.semanticscholar.org/CorpusID:25670768}
}

@article{DLrobotics,
  title={Deep Learning for Robotics},
  author={Mouha, R},
  journal={Journal of Data Analysis and Information Processing},
  year={2021},
  volume={9},
  pages={63 - 76},
  doi={10.4236/jdaip.2021.92005.}
}

@book{murphy2019introduction,
  title={Introduction to AI robotics},
  author={Murphy, Robin R},
  year={2019},
  publisher={MIT press}
}

@article{atakishiyev2024explainable,
  title={Explainable artificial intelligence for autonomous driving: A comprehensive overview and field guide for future research directions},
  author={Atakishiyev, Shahin and Salameh, Mohammad and Yao, Hengshuai and Goebel, Randy},
  journal={IEEE Access},
  year={2024},
  publisher={IEEE}
}

@article{saeed2023explainable,
  title={Explainable AI (XAI): A systematic meta-survey of current challenges and future opportunities},
  author={Saeed, Waddah and Omlin, Christian},
  journal={Knowledge-Based Systems},
  volume={263},
  pages={110273},
  year={2023},
  publisher={Elsevier}
}

@inproceedings{anjomshoae2019explainable,
  title={Explainable agents and robots: Results from a systematic literature review},
  author={Anjomshoae, Sule and Najjar, Amro and Calvaresi, Davide and Fr{\"a}mling, Kary},
  booktitle={18th International Conference on Autonomous Agents and Multiagent Systems (AAMAS 2019), Montreal, Canada, May 13--17, 2019},
  pages={1078--1088},
  year={2019},
  organization={International Foundation for Autonomous Agents and Multiagent Systems}
}

@INPROCEEDINGS{HLikeJerome,
  author={Guzzi, Jérôme and Giusti, Alessandro and Gambardella, Luca M. and Theraulaz, Guy and Di Caro, Gianni A.},
  booktitle={2013 IEEE International Conference on Robotics and Automation}, 
  title={Human-friendly robot navigation in dynamic environments}, 
  year={2013},
  volume={},
  number={},
  pages={423-430},
  keywords={Robot sensing systems;Collision avoidance;Navigation;Robot kinematics;Trajectory;Safety},
  doi={10.1109/ICRA.2013.6630610}}

@book{edelsbrunner2022computational,
  title={Computational topology: an introduction},
  author={Edelsbrunner, Herbert and Harer, John L},
  year={2022},
  publisher={American Mathematical Society}
}

@article{carlsson2020topological,
  title={Topological methods for data modelling},
  author={Carlsson, Gunnar},
  journal={Nature Reviews Physics},
  volume={2},
  number={12},
  pages={697--708},
  year={2020},
  publisher={Nature Publishing Group UK London}
}

@article{atienza2019persistent,
  title={Persistent entropy for separating topological features from noise in vietoris-rips complexes},
  author={Atienza, Nieves and Gonzalez-Diaz, Rocio and Rucco, Matteo},
  journal={Journal of Intelligent Information Systems},
  volume={52},
  pages={637--655},
  year={2019},
  publisher={Springer}
}

@article{rucco2017new,
  title={A new topological entropy-based approach for measuring similarities among piecewise linear functions},
  author={Rucco, Matteo and Gonzalez-Diaz, Rocio and Jimenez, Maria-Jose and Atienza, Nieves and Cristalli, Cristina and Concettoni, Enrico and Ferrante, Andrea and Merelli, Emanuela},
  journal={Signal Processing},
  volume={134},
  pages={130--138},
  year={2017},
  publisher={Elsevier}
}

@article{carlevaro2023probabilistic,
  title={Probabilistic Safety Regions Via Finite Families of Scalable Classifiers},
  author={Carlevaro, Alberto and Alamo, Teodoro and Dabbene, Fabrizio and Mongelli, Maurizio},
  journal={arXiv preprint arXiv:2309.04627},
  year={2023}
}

@inproceedings{ribeiro2018anchors,
  title={Anchors: High-precision model-agnostic explanations},
  author={Ribeiro, Marco Tulio and Singh, Sameer and Guestrin, Carlos},
  booktitle={Proceedings of the AAAI conference on artificial intelligence},
  volume={32},
  year={2018}
}

@article{hassija2024interpreting,
  title={Interpreting black-box models: a review on explainable artificial intelligence},
  author={Hassija, Vikas and Chamola, Vinay and Mahapatra, Atmesh and Singal, Abhinandan and Goel, Divyansh and Huang, Kaizhu and Scardapane, Simone and Spinelli, Indro and Mahmud, Mufti and Hussain, Amir},
  journal={Cognitive Computation},
  volume={16},
  number={1},
  pages={45--74},
  year={2024},
  publisher={Springer}
}

@article{dwivedi2023explainable,
  title={Explainable AI (XAI): Core ideas, techniques, and solutions},
  author={Dwivedi, Rudresh and Dave, Devam and Naik, Het and Singhal, Smiti and Omer, Rana and Patel, Pankesh and Qian, Bin and Wen, Zhenyu and Shah, Tejal and Morgan, Graham and others},
  journal={ACM Computing Surveys},
  volume={55},
  number={9},
  pages={1--33},
  year={2023},
  publisher={ACM New York, NY}
}

@article{carlevaro2024conformal,
  title={Conformal predictions for probabilistically robust scalable machine learning classification},
  author={Carlevaro, Alberto and Alamo, Teodoro and Dabbene, Fabrizio and Mongelli, Maurizio},
  journal={Machine Learning},
  volume={113},
  number={9},
  pages={6645--6661},
  year={2024},
  publisher={Springer}
}

@article{lum2013extracting,
  title={Extracting insights from the shape of complex data using topology},
  author={Lum, Pek Y and Singh, Gurjeet and Lehman, Alan and Ishkanov, Tigran and Vejdemo-Johansson, Mikael and Alagappan, Muthu and Carlsson, John and Carlsson, Gunnar},
  journal={Scientific reports},
  volume={3},
  number={1},
  pages={1236},
  year={2013},
  publisher={Nature Publishing Group UK London}
}

@Article{make6030101,
AUTHOR = {Rizzo, Lucas and Verda, Damiano and Berretta, Serena and Longo, Luca},
TITLE = {A Novel Integration of Data-Driven Rule Generation and Computational Argumentation for Enhanced Explainable AI},
JOURNAL = {Machine Learning and Knowledge Extraction},
VOLUME = {6},
YEAR = {2024},
NUMBER = {3},
PAGES = {2049--2073},
URL = {https://www.mdpi.com/2504-4990/6/3/101},
ISSN = {2504-4990},
DOI = {10.3390/make6030101}
}

@book{molnar2020interpretable,
  title      = {Interpretable Machine Learning},
  author     = {Christoph Molnar},
  year       = {2022},
  subtitle   = {A Guide for Making Black Box Models Explainable},
  edition    = {2},
  url        = {https://christophm.github.io/interpretable-ml-book},
  publisher={},
}

@article{longo2024explainable,
  title={Explainable Artificial Intelligence (XAI) 2.0: A manifesto of open challenges and interdisciplinary research directions},
  author={Longo, Luca and Brcic, Mario and Cabitza, Federico and Choi, Jaesik and Confalonieri, Roberto and Del Ser, Javier and Guidotti, Riccardo and Hayashi, Yoichi and Herrera, Francisco and Holzinger, Andreas and others},
  journal={Information Fusion},
  volume={106},
  pages={102301},
  year={2024},
  publisher={Elsevier},
 doi = {10.1016/j.inffus.2024.102301}
}

@article{ghrist2008barcodes,
  title={Barcodes: the persistent topology of data},
  author={Ghrist, Robert},
  journal={Bulletin of the American Mathematical Society},
  volume={45},
  number={1},
  pages={61--75},
  year={2008},
  doi={10.1090/S0273-0979-07-01191-3}
}

@article{garcia2015vision,
  title={Vision-based topological mapping and localization methods: A survey},
  author={Garcia-Fidalgo, Emilio and Ortiz, Alberto},
  journal={Robotics and Autonomous Systems},
  volume={64},
  pages={1--20},
  year={2015},
  publisher={Elsevier}
}

@book{rao2024artificial,
  title={Artificial intelligence: Principles and applications},
  author={Rao, Vemuri Sudarsan and Satish, Mr A and Prasad, Mr BBLV},
  year={2024},
  publisher={Leilani Katie Publication}
}

@article{vrontis2023artificial,
  title={Artificial intelligence, robotics, advanced technologies and human resource management: a systematic review},
  author={Vrontis, Demetris and Christofi, Michael and Pereira, Vijay and Tarba, Shlomo and Makrides, Anna and Trichina, Eleni},
  journal={Artificial intelligence and international HRM},
  pages={172--201},
  year={2023},
  publisher={Routledge}
}

@article{koopman2017autonomous,
  title={Autonomous vehicle safety: An interdisciplinary challenge},
  author={Koopman, Philip and Wagner, Michael},
  journal={IEEE Intelligent Transportation Systems Magazine},
  volume={9},
  number={1},
  pages={90--96},
  year={2017},
  publisher={IEEE}
}

@article{islam2020framework,
  title={A framework for topological based map building: A solution to autonomous robot navigation in smart cities},
  author={Islam, Naveed and Haseeb, Khalid and Almogren, Ahmad and Din, Ikram Ud and Guizani, Mohsen and Altameem, Ayman},
  journal={Future Generation Computer Systems},
  volume={111},
  pages={644--653},
  year={2020},
  publisher={Elsevier}
}

@article{kaur2022trustworthy,
  title={Trustworthy artificial intelligence: a review},
  author={Kaur, Davinder and Uslu, Suleyman and Rittichier, Kaley J and Durresi, Arjan},
  journal={ACM computing surveys (CSUR)},
  volume={55},
  number={2},
  pages={1--38},
  year={2022},
  publisher={ACM New York, NY}
}

@InProceedings{TopMapsRobotNavg,
author="de la Paz L{\'o}pez, F.
and {\'a}lvarez-S{\'a}nchez, J. R.",
editor="Mira, Jos{\'e}
and Prieto, Alberto",
title="Topological Maps for Robot's Navigation: A Conceptual Approach",
booktitle="Bio-Inspired Applications of Connectionism",
year="2001",
publisher="Springer Berlin Heidelberg",
address="Berlin, Heidelberg",
pages="459--467",
isbn="978-3-540-45723-7"
}

@article{ESTEVE2024101953,
title = {tramoTDA: A trajectory monitoring system using Topological Data Analysis},
journal = {SoftwareX},
volume = {28},
pages = {101953},
year = {2024},
issn = {2352-7110},
doi = {https://doi.org/10.1016/j.softx.2024.101953},
author = {Miriam Esteve and Antonio Falcó},
}

@inproceedings{TopoNav,
author = {Hossain, Jumman and Faridee, Abu Zaher Md and Roy, Nirmalya and Freeman, Jade and Gregory, Timothy and Trout, Theron},
year = {2024},
month = {10},
pages = {693-700},
title = {TopoNav: Topological Navigation for Efficient Exploration in Sparse Reward Environments},
doi = {10.1109/IROS58592.2024.10802380}
}

@article{vovk2015cross,
  title={Cross-conformal predictors},
  author={Vovk, Vladimir},
  journal={Annals of Mathematics and Artificial Intelligence},
  volume={74},
  pages={9--28},
  year={2015},
  publisher={Springer}
}