@Article{ChSe13-j,
  author    = {Deeparnab Chakrabarty and C. Seshadhri},
  title     = {An $o(n)$ monotonicity tester for {B}oolean functions over the hypercube},
  journal   = sicomp,
  volume = {45},
  number = {2},
  pages = {461--472},
  year      = {2014}
}

@Article{PRW22,
  author  = {Pallavoor, Ramesh Krishnan S. and Raskhodnikova, Sofya and Waingarten, Erik},
  journal = rsa,
  title   = {Approximating the distance to monotonicity of Boolean functions},
  year    = {2022},
  number  = {2},
  pages   = {233--260},
  volume  = {60}
}

