@String { aap             = {Advances in Applied Probability} }
@String { ac              = {Acta Cybernet.} }
@String { ACM             = {The OX Association for Computing Machinery} }
@String { acm-cs          = {ACM Computing Surveys} }
@String { acm-pls         = {ACM Trans.\ Programming Languages and Systems} }
@String { acm-tms         = {ACM Trans.\ Math.\ Software} }
@String { adm             = {Annals of Discrete Mathematics} }
@String { ai              = {Acta Informatica} }
@String { aistats         = {Proceedings, International Conference on Artificial Intelligence and Statistics (AISTATS)} }
@String { algo            = {Algorithmica} }
@String { alt             = {Proceedings, International Conference on Algorithmic Learning Theory (ALT)} }
@String { aml             = {Appl.\ Math.\ Lett.} }
@String { amm             = {Amer.\ Math.\ Monthly} }
@String { ams             = {Ann.\ Math.\ Statist.} }
@String { aor             = {Ann.\ Oper.\ Res.} }
@String { ap              = {Ann.\ Probab.} }
@String { approx          = {Proceedings, International Workshop on Approximation Algorithms for Combinatorial Optimization Problems (APPROX)} }
@String { as              = {Ann.\ Statist.} }
@String { ccc             = {Proceedings, IEEE Conference on Computational Complexity (CCC)} }
@String { cg              = {Comput.\ Geom.} }
@String { cjm             = {Canad.\ J.\ Math.} }
@String { cmp             = {Comm.\ Math.\ Phys.} }
@String { cocoon          = {Proceedings, International Computing and Combinatorics Conference} }
@String { comb            = {Combinatorica} }
@String { commacm         = {Comm.\ ACM} }
@String { comp            = {Computing} }
@String { cor             = {Comput.\ Oper.\ Res.} }
@String { cpc             = {Combin.\ Probab.\ Comput.} }
@String { crypto          = {Proceedings, Annual International Cryptology Conference (CRYPTO)}}
@String { cstm            = {Comm.\ Statist.\ Theory Methods} }
@String { dam             = {Discrete Applied Mathematics} }
@String { dcg             = {Discrete Computional Geometry} }
@String { discapplmath    = {Discrete Applied Mathematics} }
@String { discmath        = {Discrete Mathematics} }
@String { ejc             = {Electronic Journal on Combinatorics} }
@String { ejor            = {European Journal of Operation Research (EJOR) } }
@String { esa             = {Proceedings, European Symposium on Algorithms} }
@String { focs            = {Proceedings, IEEE Symposium on Foundations of Computer Science (FOCS)} }
@String { fsttcs          = {Proceedings, Foundations of Software Technology and Theoretical Computer Science. (FSTTCS)} }
@String { gafa            = {Geometric and Functional Analysis (GAFA)} }
@String { gc              = {Graphs Combin.} }
@String { icalp           = {Proceedings,  International Colloquium on Automata, Languages and Programming (ICALP)} }
@String { icdm            = {Proceedings,  SIAM International Conference on Data Mining (ICML)} }
@String { icml            = {Proceedings,  International Conference on Machine Learning (ICML)} }
@String { ieee-trans-comm = {IEEE Trans.\ Comm.} }
@String { infcomp         = {Information and Computation} }
@String { infcont         = {Inform.\ and Control} }
@String { infocom         = {Proceedings, IEEE INFOCOM} }
@String { invmath         = {Invent.\ Math.} }
@String { ipco            = {Proceedings, MPS Conference on Integer Programming and Combinatorial Optimization (IPCO)} }
@String { ipl             = {Inform.\ Process.\ Lett.} }
@String { IPL             = {Inform. Process. Lett.} }
@String { istcs           = {Proceedings, Israel Symposium on Theory and Computing Systems} }
@String { itcs           = {Innovations in Theoretical Computer Science (ITCS)} }
@String { jacm            = {Journal of the ACM} }
@String { jalgo           = {J.\ Algorithms} }
@String { jap             = {J.\ Appl.\ Probab.} }
@String { jasa            = {J.\ Amer.\ Statist.\ Assoc.} }
@String { jcombopt        = {J.\ Combinatorial Optimization} }
@String { jcss            = {J.\ Comput.\ System Sci.} }
@String { jcta            = {J.\ Combin.\ Theory Ser.\ A} }
@String { jctb            = {J.\ Combin.\ Theory Ser.\ B} }
@String { jda             = {J.\ Discrete Algorithms} }
@String { jgt             = {J.\ Graph Theory} }
@String { jma             = {J.\ Multivariate Anal.} }
@String { jssms           = {J.\ Systems Sci.\ Math.\ Sci} }
@String { jsymcomp        = {J.\ Symbolic Comput.} }
@String { kdd             = {ACM SIGKDD International Conference on Knowledge Discovery and Data Mining} }
@String { laappl          = {Linear Algebra Appl.} }
@String { latin           = {Proceedings, Latin American Theoretical Informatics Symposium} }
@String { lncs            = {Lecture Notes in Computer Science} }
@String { mansci          = {Management Sci.} }
@String { mathprog        = {Math.\ Programming} }
@String { mathprogs       = {Math.\ Programming Study} }
@String { mi              = {Machine Intelligence} }
@String { mn              = {Math.\ Nachr.} }
@String { mor             = {Math.\ Oper.\ Res.} }
@String { mpcps           = {Math.\ Proc.\ Cambridge Philos.\ Soc.} }
@String { mst             = {Math.\ Systems Theory} }
@String { net             = {Networks} }
@String { nips            = {Adv. in Neu. Inf. Proc. Sys. (NIPS)} }
@String { nm              = {Numer.\ Math.} }
@String { oms             = {Optimization Methods and Software} }
@String { opres           = {Oper.\ Res.} }
@String { orl             = {Operations Research Letters} }
@String { pami            = {IEEE Transactions on Pattern Analysis and Machine Intelligence (PAMI)} }
@String { pcps            = {Proc.\ Cambridge Philos.\ Soc.} }
@String { podc            = {Proceedings, ACM Symposium on Principles of Distributed Computing (PODC)} }
@String { pods            = {Proceedings, ACM Symposium on Principles of Database Systems (PODS)} }
@String { prdc            = {Proceedings, ACM Symposium on Principles of Distributed Computing} }
@String { random          = {Proceedings, International Workshop on Randomization and Computation (RANDOM)} }
@String { rims            = {Publ. RIMS, Kyoto Univ.} }
@String { rsa             = {Random Structures Algorithms} }
@String { sam             = {Stud.\ Appl.\ Math.} }
@String { siam-adm        = {SIAM J.\ Algebraic Discrete Methods} }
@String { siam-am         = {SIAM J.\ Appl.\ Math.} }
@String { siam-j          = {J.\ Soc.\ Indust.\ Appl.\ Math.} }
@String { siam-opt        = {SIAM Journal on Optimization (SIOPT)} }
@String { sicomp          = {SIAM Journal on Computing (SICOMP)} }
@String { sidma           = {SIAM Journal on Discrete Mathematics (SIDMA)} }
@String { sigcomm         = {Proceedings of SIGCOMM} }
@String { soda            = {Proceedings, ACM-SIAM Symposium on Discrete Algorithms (SODA)} }
@String { spaa            = {Proceedings, ACM Symposium on Parallelism in Algorithms and Architectures} }
@String { stoc            = {Proceedings, ACM Symposium on Theory of Computing (STOC)} }
@String { swat            = {Proceedings, Scandinavian Workshop on Algorithm Theory} }
@String { talg            = {ACM Trans. on Algorithms (TALG)} }
@String { tamc            = {Theory and Applications of Models of Computation (TAMC)} }
@String { tams            = {Trans.\ Amer.\ Math.\ Soc.} }
@String { tcc             = {Theory of Cryptography Conference (TCC)} }
@String { tcs             = {Theoretical Computer Science} }
@String { toc             = {Theory of Computing} }
@String { ton             = {IEEE/ACM Trans. Netw.} }
@String { vldb			  = {Proceedings, Very Large Databases (VLDB) Endowment} }
@String { wads            = {Proceedings, Workshop on Algorithms and Data Structures (WADS)} }
@String { waoa            = {Proceedings, Workshop on Approximation and Online Algorithms (WAOA)} }
@String { wine 			  =  {Proceedings, Workshop on Internet and Network Economics (WINE)} }
@String {www			  = {Proceedings, International World Wide Web Conference (WWW)}}

@inproceedings{DeMN19,
  author    = {Anindya De and
               Elchanan Mossel and
               Joe Neeman},
  title     = {Is your function low dimensional?},
  booktitle = {Conference on Learning Theory, {COLT} 2019, 25-28 June 2019, Phoenix,
               AZ, {USA}},
  pages     = {979--993},
  year      = {2019},
  crossref  = {DBLP:conf/colt/2019},
  url       = {http://proceedings.mlr.press/v99/de19a.html},
  timestamp = {Tue, 02 Jul 2019 19:44:24 +0200},
  biburl    = {https://dblp.org/rec/bib/conf/colt/DeMN19},
  bibsource = {dblp computer science bibliography, https://dblp.org}
}


@inproceedings{BrKh+23,
  author    = {Mark Braverman and
               Subhash Khot and
               Guy Kindler and
               Dor Minzer},
  title     = {Improved Monotonicity Testers via Hypercube Embeddings},
  booktitle = itcs,
  pages     = {25:1--25:24},
  year      = {2023}
}



@inproceedings{BlChSe23,
  author    = {Hadley Black and
               Deeparnab Chakrabarty and
               C. Seshadhri},
  title     = {Directed Isoperimetric Theorems for Boolean Functions on the Hypergrid and an $\widetilde{O}(n\sqrt{d})$ Monotonicity Tester},
  booktitle = stoc,
  year      = {2023}
}

@inproceedings{BlackCS18,
  author    = {Hadley Black and
               Deeparnab Chakrabarty and
               C. Seshadhri},
  title     = {A $o(d)\cdot\polylog(n)$ Monotonicity Tester
               for {B}oolean Functions over the Hypergrid $[n]^d$},
  booktitle = soda,
  year      = {2018}
}

@inproceedings{BlackCS20,
	author    = {Hadley Black and
	Deeparnab Chakrabarty and
	C. Seshadhri},
	title     = {Domain Reduction: A $o(d)$ Tester for Boolean Functions in $d$-Dimensions},
	booktitle = soda,
	year      = {2020}
}

@inproceedings{BlackCS23,
	author    = {Hadley Black and
	Deeparnab Chakrabarty and
	C. Seshadhri},
	title     = {Directed Isoperimetric Theorems for Boolean Functions on the
	Hypergrid and an $\widetilde{O}(n\sqrt{d})$ Monotonicity Tester},
	booktitle = stoc,
	year      = {2023}
}

@inproceedings{BlRY14,
  author    = {Eric Blais and
               Sofya Raskhodnikova and
               Grigory Yaroslavtsev},
  title     = {Lower Bounds for Testing Properties of Functions over Hypergrid Domains},
  booktitle = ccc,
  year      = {2014}
}

@article{BeBl16,
	title={A Polynomial Lower Bound for Testing Monotonicity},
	author={Belovs, Aleksandrs and Blais, Eric},
	journal=sicomp,
	volume={50},
	number={3},
	pages={406--433},
	year={2021}
}



@InProceedings{BeRaYa14,
  Title                    = {${L}_p$-testing},
  Author                   = {Piotr Berman and
 Sofya Raskhodnikova and
 Grigory Yaroslavtsev},
  Booktitle                = stoc,
  Year                     = {2014}
}

@InProceedings{ChenDST15,
  Title                    = {Boolean Function Monotonicity Testing Requires (Almost) ${O}(n^{1/2})$ Non-adaptive
 Queries},
  Author                   = {Xi Chen and
 Anindya De and
 Rocco A. Servedio and
 Li-Yang Tan},
  Booktitle                = stoc,
  Year                     = {2015}
}

@InProceedings{ChenST14,
  Title                    = {New Algorithms and Lower Bounds for Monotonicity Testing},
  Author                   = {Xi Chen and
 Rocco A. Servedio and
 Li-Yang. Tan},
  Booktitle                = focs,
  Year                     = {2014}
}

@article{Ras99,
		author = {Sofya Raskhodnikova},
		title = {Monotonicity Testing},
		journal = {Masters Thesis, MIT},
		year = {1999}
}

@article{Enc1,
	author = {Sofya Raskhodnikova},
	title = {Testing if an array is sorted},
	journal = {Encyclopedia of Algorithms},
	pages = {2219-2222},
	publisher = {Springer},
	year = {2016}
}

@article{Enc2,
	author = {Deeparnab Chakrabarty},
	title = {Monotonicity Testing},
	journal = {Encyclopedia of Algorithms},
	pages = {1352-1356},
	publisher = {Springer},
	year = {2016}
}


@article{ChSe14,
	author    = {Deeparnab Chakrabarty and
	C. Seshadhri},
	title     = {An Optimal Lower Bound for Monotonicity Testing over Hypergrids},
	journal   = toc,
	volume    = {10},
	pages     = {453--464},
	year      = {2014},
	url       = {http://dx.doi.org/10.4086/toc.2014.v010a017},
	doi       = {10.4086/toc.2014.v010a017},
	timestamp = {Mon, 05 Jan 2015 17:05:04 +0100},
	biburl    = {http://dblp.uni-trier.de/rec/bib/journals/toc/ChakrabartyS14},
	bibsource = {dblp computer science bibliography, http://dblp.org},
	    Note					   = {Prelim. version in Proc., RANDOM 2013} 
}

@article{Tal93,
	author = {Michel Talagrand},
	title = {Isoperimetry, logarithmic {S}obolev inequalities on the discrete cube, and {M}argulis’ graph connectivity theorem.},
	journal = {Geom. Func. Anal.},
	volume = {3},
	number = {3},
	pages = {295--314},
	year = {1993}
}

@InProceedings{Chen17,
  author    = {Xi Chen and Erik Waingarten and Jinyu Xie},
  booktitle = stoc,
  title     = {Beyond {T}alagrand: New Lower Bounds for Testing Monotonicity and Unateness},
  year      = {2017},
}

 

@Article{AE,
  Title                    = {Geometric Range Searching and its Relatives},
  Author                   = {P. Agarwal and J. Erickson},
  Journal                  = {Advances in Discrete and Computational Geometry},
  Year                     = {1999},
  Pages                    = {1-56}
}

@Article{AC04,
  Title                    = {Information Theory in Property Testing and Monotonicity Testing in Higher Dimension},
  Author                   = {Nir Ailon and Bernard Chazelle},
  Journal                  = {Information and Computation},
  Year                     = {2006},
  Number                   = {11},
  Pages                    = {1704-1717},
  Volume                   = {204}
}

@Article{ACCL2,
  Title                    = {Property-Preserving Data Reconstruction},
  Author                   = {Nir Ailon and Bernard Chazelle and Seshadhri Comandur and Ding Liu},
  Journal                  = {Algorithmica},
  Year                     = {2008},
  Number                   = {2},
  Pages                    = {160-182},
  Volume                   = {51}
}

@Article{ACCL04,
  Title                    = {Estimating the distance to a monotone function},
  Author                   = {Nir Ailon and Bernard Chazelle and Seshadhri Comandur and Ding Liu},
  Journal                  = rsa,
  Note					   = {Prelim. version in Proc., RANDOM 2004},
  Year                     = {2007},
  Number                   = {3},
  Pages                    = {371-383},
  Volume                   = {31}
}


@Article{AENS06,
  Title                    = {A Combinatorial Characterization of the Testable Graph Properties : it's all about Regularity},
  Author                   = {N. Alon and E. Fischer and I. Newman and A. Shapira},
  Journal                  = {SIAM Journal on Computing},
  Year                     = {2009},
  Number                   = {1},
  Pages                    = {143--167},
  Volume                   = {39}
}

@Article{AS05,
  Title                    = {A Charaterization of the (Natural) Graph Properties Testable with One-sided Error},
  Author                   = {N. Alon and A. Shapira},
  Journal                  = {SIAM Journal on Computing},
  Year                     = {2008},
  Number                   = {6},
  Pages                    = {1703--1727},
  Volume                   = {37}
}

@InProceedings{ALRS92,
  Title                    = {Reconstructing Algebraic Functions from Mixed Data},
  Author                   = {S. Ar and R. Lipton and R. Rubinfeld and M. Sudan},
  Booktitle                = focs,
  Year                     = {1992},
  Pages                    = {503--512}
}

@Article{AS97,
  Title                    = {Improved Low-Degree Testing and Its Applications},
  Author                   = {S. Arora and M. Sudan},
  Journal                  = {Combinatorica},
  Year                     = {2003},
  Number                   = {3},
  Pages                    = {365--426},
  Volume                   = {23}
}

@Article{AT09,
  Title                    = {Testability and repair of hereditary hypergraph properties},
  Author                   = {T. Austin and T. Tao},
  Journal                  = rsa,
  Year                     = {2010},
  Volume                   = {To appear}
}

@InProceedings{AJMS12,
  Title                    = {Testing {L}ipschitz Functions on Hypergrid Domains},
  Author                   = {P. Awasthi and M. Jha and M. Molinaro and S. Raskhodnikova},
  Booktitle                = random,
  Year                     = {2012}
}

@InProceedings{BFLS,
  Title                    = {Checking computations in polylogarithmic time},
  Author                   = {L. Babai and L. Fortnow and L. Levin and M. Szegedy},
  Booktitle                = stoc,
  Year                     = {1991},
  Pages                    = {21--31}
}

@Article{BFNW,
  Title                    = {{$\textrm{PP}$} has subexponential time simulations unless {$\textrm{EXP-TIME}$} has publishable proofs},
  Author                   = {L. Babai and L. Fortnow and N. Nisan and A. Wigderson},
  Journal                  = {Computational Complexity},
  Year                     = {1993},
  Pages                    = {307--318},
  Volume                   = {3}
}

@Article{BRW05,
  Title                    = {Fast Approximate {$PCP$}s for Multidimensional Bin-Packing Problems},
  Author                   = {T. Batu and R. Rubinfeld and P. White},
  Journal                  = {Information and Computation},
  Year                     = {2005},
  Number                   = {1},
  Pages                    = {42--56},
  Volume                   = {196}
}

@InProceedings{BRW99,
  Title                    = {Fast Approximate PCPs for Multidimensional Bin-Packing Problems},
  Author                   = {T. Batu and R. Rubinfeld and P. White},
  Booktitle                = {Proceedings of the 3rd International Workshop on Randomization and Approximation Techniques in Computer Science (RANDOM)},
  Year                     = {1999},
  Pages                    = {245-256}
}

@Article{Beckner,
  Title                    = {Inequalities in Fourier Analysis.},
  Author                   = {W. Beckner},
  Journal                  = {Annals of Mathematics.},
  Year                     = {1975},
  Pages                    = {159--182},
  Volume                   = {102}
}

@Article{BSS08,
  Title                    = {Every Minor-Closed Property of Sparse Graphs is Testable},
  Author                   = {I. Benjamini and O. Schramm and A. Shapira},
  Journal                  = {Advances in Mathematics},
  Year                     = {2010},
  Number                   = {6},
  Pages                    = {2200--2218},
  Volume                   = {223}
}

@TechReport{Bha08,
  Title                    = {A note on the distance to monotonicity of boolean functions},
  Author                   = {Arnab Bhattacharyya},
  Institution              = {Electronic Colloquium on Computational Complexity (ECCC)},
  Year                     = {2008},
  Number                   = {012},

  Volume                   = {15}
}

@Article{BGJ+12,
  Title                    = {Lower Bounds for Local Monotonicity Reconstruction from Transitive-Closure Spanners},
  Author                   = {Arnab Bhattacharyya and Elena Grigorescu and Madhav Jha and Kyoming Jung and Sofya Raskhodnikova and David Woodruff},
  Journal                  = sidma,
  Year                     = {2012},
  Number                   = {2},
  Pages                    = {618--646},
  Volume                   = {26},
    Note					   = {Prelim. version in Proc., RANDOM 2010} 
}

@InProceedings{BGJRW09,
  Title                    = {Transitive-closure spanners},
  Author                   = {Arnab Bhattacharyya and Elena Grigorescu and Kyoming Jung and Sofya Raskhodnikova and David Woodruff},
  Booktitle                = soda,
  Year                     = {2009},
  Pages                    = {531--540}
}

@Article{BBM11,
  Title                    = {Property testing lower bounds via communication complexity},
  Author                   = {Eric Blais and Joshua Brody and Kevin Matulef},
  Journal                  = {Computational Complexity},
  Year                     = {2012},
  Number                   = {2},
  Pages                    = {311--358},
  Volume                   = {21},
  Note					   = {Prelim. version in Proc., CCC 2011}
}

@Unpublished{BlJh+12,
  Title                    = {Testing Monotonicity and Related Properties},
  Author                   = {Eric Blais and Madhav Jha and Sofya Raskhodnikova and G. Yaroslavtsev},
  Note                     = {Manuscript},
  Year                     = {2012}
}

@Article{BLR93,
  Title                    = {Self-Testing/Correcting with Applications to Numerical Problems},
  Author                   = {Manuel Blum and Michael Luby and Ronitt Rubinfeld},
  Journal                  = {Journal of Computer and System Sciences},
  Year                     = {1993},
  Number                   = {3},
  Pages                    = {549--595},
  Volume                   = {47}
}

@Article{BLR,
  Title                    = {Self-testing/correcting with applications to numerical problems},
  Author                   = {M. Blum and M. Luby and R. Rubinfeld},
  Journal                  = {Proceedings of the 22nd Annual ACM Symposium on the Theory of Computing (STOC)},
  Year                     = {1990},
  Pages                    = {73-83}
}

@Article{BCG+10,
  Title                    = {Monotonicity testing and shortest-path routing on the cube},
  Author                   = {Jop Bri\"{e}t and Sourav Chakraborty and David Garc\'{i}a Soriano and Ari Matsliah},
  Journal                  = {Combinatorica},
  Year                     = {2012},
  Number                   = {1},
  Pages                    = {35--53},
  Volume                   = {32}
}

@Article{ChDi+15,
	title={Property testing on product distributions: Optimal testers for bounded derivative properties},
	author={Chakrabarty, Deeparnab and Dixit, Kashyap and Jha, Madhav and Seshadhri, C},
	journal=talg,
	volume={13},
	number={2},
	pages={1--30},
	year={2017},
    Note					   = {Prelim. version in Proc., SODA 2015}	
}

@Article{ChSe13-j,
  author    = {Deeparnab Chakrabarty and C. Seshadhri},
  title     = {An $o(n)$ monotonicity tester for {B}oolean functions over the hypercube},
  journal   = sicomp,
  volume = {45},
  number = {2},
  pages = {461--472},
  year      = {2014}
}

@InProceedings{ChSe13,
  Title                    = {Optimal bounds for monotonicity and {L}ipschitz testing over hypercubes and hypergrids},
  Author                   = {Deeparnab Chakrabarty and C. Seshadhri},
  Booktitle                = stoc,
  Year                     = {2013}
}

@InProceedings{CGLN11,
  Title                    = {Proving Programs Robust.},
  Author                   = {S. Chaudhuri and S. Gulwani and R. Lublinerman and S. Navidpour},
  Booktitle                = {Joint Meeting of the European Software Engineering Conference and the ACM SIGSOFT Symposium on the Foundations of Software Engineering (ESEC/FSE)},
  Year                     = {2011}
}

@InProceedings{CS06,
  Title                    = {Online Geometric Reconstruction},
  Author                   = {B. Chazelle and C. Seshadhri},
  Booktitle                = {Proceedings of the 22nd Annual Symposium on Computational Geometry (SOCG)},
  Year                     = {2006},
  Pages                    = {386--394}
}

@Article{CGKS98,
  Title                    = {Private information retrieval},
  Author                   = {B. Chor and O. Goldreich and E. Kushilevitz and M. Sudan},
  Journal                  = {Journal of the ACM},
  Year                     = {1998},
  Pages                    = {965--981},
  Volume                   = {45}
}

@Article{DGLRRS99,
  Title                    = {Improved Testing Algorithms for Monotonicity},
  Author                   = {Yevgeny Dodis and Oded Goldreich and Eric Lehman and Sofya Raskhodnikova and Dana Ron and Alex Samorodnitsky},
  Journal                  = random,
  Year                     = {1999}
}

@Article{OD2,
  Title                    = {Some Topics in Analysis of {B}oolean Functions.},
  Author                   = {R. O' Donnell},
  Journal                  = {Tutorial Talk at STOC 2008. Available at author's webpage},
  Year                     = {2008}
}

@Article{OD1,
  Title                    = {15-859S 2007: Analysis of Boolean Functions.},
  Author                   = {R. O' Donnell},
  Journal                  = {Course notes.},
  Year                     = {2007}
}

@Book{DuPa09,
  Title                    = {Concentration of measure for the analysis of randomized algorithms},
  Author                   = {D. P. Dubhashi and A. Panconesi},
  Publisher                = {Cambridge},
  Year                     = {2009},

  Owner                    = {scomand},
  Timestamp                = {2013.02.11}
}

@InProceedings{DMNS06,
  Title                    = {Calibrating Noise to Sensitivity in Private Data Analysis},
  Author                   = {C. Dwork and F. McSherry and K. Nissim and A. Smith},
  Booktitle                = {Proceedings of the Theory of Cryptography Conference (TCC)},
  Year                     = {2006}
}

@Article{EKK+00,
  Title                    = {Spot-checkers},
  Author                   = {Funda Ergun and Sampath Kannan and Ravi Kumar and Ronitt Rubinfeld and Mahesh Viswanathan},
  Journal                  = jcss,
  Year                     = {2000},
  Number                   = {3},
  Pages                    = {717--751},
  Volume                   = {60},
    Note					   = {Prelim. version in Proc., STOC 1998}
}

@Article{FR,
  Title                    = {Approximating the Distance to Monotonicity in High Dimensions},
  Author                   = {Shahar Fattal and Dana Ron},
  journal = talg,
  year = {2010},
  volume = {6},
  number = {3}
}

@Article{E04,
  Title                    = {On the strength of comparisons in property testing},
  Author                   = {Eldar Fischer},
  Journal                  = {Information and Computation},
  Year                     = {2004},
  Number                   = {1},
  Pages                    = {107--116},
  Volume                   = {189}
}

@Article{FischerSurvey,
  Title                    = {The Art of Uninformed Decisions: A Primer to Property Testing},
  Author                   = {Eldar Fischer},
  Journal                  = {Bulletin of EATCS},
  Year                     = {2001},
  Pages                    = {97-126},
  Volume                   = {75}
}

@Article{FLNRRS02,
  Title                    = {Monotonicity Testing over General Poset Domains},
  Author                   = {Eldar Fischer and Eric Lehman and Ilan Newman and Sofya Raskhodnikova and Ronitt Rubinfeld},
  Journal                  = stoc,
  Year                     = {2002}
}


@Article{FN05,
  Title                    = {Testing Versus Estimation of Graph Properties},
  Author                   = {E. Fischer and I. Newman},
  Journal                  = sicomp,
  Year                     = {2007},
  Number                   = {2},
  Pages                    = {482--501},
  Volume                   = {37}
}

@Article{Friedgut98,
  Title                    = {Boolean Functions with Low Average Sensitivity Depend on Few coordinates.},
  Author                   = {E. Friedgut},
  Journal                  = {Combinatorica},
  Year                     = {1998},
  Number                   = {1},
  Pages                    = {27--36},
  Volume                   = {18}
}

@InProceedings{GLRSW,
  Title                    = {Self-testing/correcting for polynomials and for approximate functions},
  Author                   = {P. Gemmell and R. Lipton and R. Rubinfeld and M. Sudan and A. Wigderson},
  Booktitle                = {Proceedings of the 23rd Annual Symposium on Theory of Computing (STOC)},
  Year                     = {1991},
  Pages                    = {32--42}
}

@book{Diestel,
  author = {R. Diestel},
  title = {Graph Theory},
  publisher = {Springer},
  year = {2010}
}

@book{Go-book,
  author = {Oded Goldreich},
  title = {Introduction to property testing},
  publisher = {Cambridge University Press},
  year = {2017}
}


@Book{Go-book-draft,
  Title                    = {Introduction to Property Testing (working draft)},
  Author                   = {O. Goldreich},
  Year                     = {2015},
  Note                     = {\url{www.wisdom.weizmann.ac.il/~oded/PDF/pt-v1.pdf}},

  Owner                    = {sesh},
  Timestamp                = {2016.08.26}
}

@Article{GoldreichSurvey,
  Title                    = {Combinatorial Property Testing - A survey},
  Author                   = {O. Goldreich},
  Journal                  = {Randomization Methods in Algorithm Design},
  Year                     = {1998},
  Pages                    = {45-60}
}

 

@Article{GGR98,
  Title                    = {Property Testing and its Connection to Learning and Approximation},
  Author                   = {Oded Goldreich and Shafi Goldwasser and Dana Ron},
  Journal                  = {Journal of the ACM},
  Year                     = {1998},
  Number                   = {4},
  Pages                    = {653-750},
  Volume                   = {45}
}

@InProceedings{GoRo09,
  Title                    = {On proximity oblivious testing},
  Author                   = {Oded Goldreich and Dana Ron},
  Booktitle                = {Proceedings of the 41st annual ACM Symposium on Theory of Computing},
  Year                     = {2009},
  Pages                    = {141-150},

  Owner                    = {scomand},
  Timestamp                = {2013.02.17}
}

@Article{HK04,
  Title                    = {Testing monotonicity over graph products},
  Author                   = {Shirley Halevy and Eyal Kushilevitz},
  Journal                  = rsa,
  Year                     = {2008},
  Number                   = {1},
  Pages                    = {44--67},
  Volume                   = {33},
     Note					   = {Prelim. version in Proc., ICALP 2004}
}

@Article{HalevyKushilevitz04,
  Title                    = {Testing Monotonicity over Graph Products},
  Author                   = {Shirley Halevy and Eyal Kushilevitz},
  Journal                  = icalp,
  Year                     = {2004}
}

@Article{HK03,
  Title                    = {Distribution-free Property Testing},
  Author                   = {Shirley Halevy and Eyal Kushilevitz},
  Journal                  = random,
  Year                     = {2003}
}

@Article{Har66,
  Title                    = {Optimal numberings and isoperimetric problems on graphs},
  Author                   = {K. H. Harper},
  Journal                  = {Journal of Combinatorial Theory},
  Year                     = {1966},
  Pages                    = {385-393},
  Volume                   = {1},

  Owner                    = {scomand},
  Timestamp                = {2013.06.25}
}

@Article{EKK98,
  Title                    = {Towards implementing robust geometric computations},
  Author                   = {C. M. Hoffman and J. E. Hopcroft and M. S. Karasick},
  Journal                  = {Proceedings of the 4th Annual Symposium on Computational Geometry (SoCG)},
  Year                     = {1988},
  Pages                    = {106-117}
}

@Article{HHK,
  Title                    = {Towards implementing robust geometric computations},
  Author                   = {C. M. Hoffman and J. E. Hopcroft and M. S. Karasick},
  Journal                  = {Proceedings of the 4th Annual Symposium on Computational Geometry (SoCG)},
  Year                     = {1988},
  Pages                    = {106-117}
}

@InProceedings{JR11,
  Title                    = {Testing and Reconstruction of {L}ipschitz Functions with Applications to Data Privacy},
  Author                   = {M. Jha and S. Raskhodnikova},
  Booktitle                = {Proceedings of the 52nd Annual Symposium on Foundations of Computer Science (FOCS)},
  Year                     = {2011},
  Pages                    = {433--442}
}

@InProceedings{KPS08,
  Title                    = {Noise Tolerance of Expanders and Sublinear Expander Reconstruction},
  Author                   = {S. Kale and Y. Peres and C. Seshadhri},
  Booktitle                = {Proceedings of the 49th Foundations of Computer Science (FOCS)},
  Year                     = {2008},
  Pages                    = {719--728}
}

@InProceedings{KT00,
  Title                    = {On the efficiency of local decoding procedures for error-correcting codes},
  Author                   = {J. Katz and L. Trevisan},
  Booktitle                = {Proceedings of the 32th Annual Symposium on Theory of Computing (STOC)},
  Year                     = {2000},
  Pages                    = {80--86}
}

@InProceedings{KhSh16,
  Title                    = {An $\otilde(n)$ Queries Adaptive Tester for Unateness},
  Author                   = {S. Khot and I. Shinkar},
  Booktitle                = {RANDOM},
  Year                     = {2016},
  Note                     = {To appear, Arxiv report 1608.02451},

  Institution              = {Arxiv},
  Owner                    = {sesh},
  Timestamp                = {2016.08.22}
}

@Article{LR01,
  Title                    = {On disjoint chains of subsets},
  Author                   = {Eric Lehman and Dana Ron},
  Journal                  = {Journal of Combinatorial Theory, Series A},
  Year                     = {2001},
  Number                   = {2},
  Pages                    = {399--404},
  Volume                   = {94}
}

@Article{LMN92,
  Title                    = {Constant Depth Circuits, Fourier Transform, and Learnability},
  Author                   = {N. Linial and Y. Mansour and N. Nisan},
  Journal                  = {Journal of the ACM},
  Year                     = {1993},
  Number                   = {3},
  Volume                   = {40}
}

@Article{Mar74,
  Title                    = {Probabilistic Characteristics of Graphs with Large Connectivity},
  Author                   = {Grigory A. Margulis},
  Journal                  = {Problemy Peredachi Informatsii},
  Year                     = {1974},
  Number                   = {2},
  Pages                    = {101-108},
  Volume                   = {10},

  Owner                    = {scomand},
  Timestamp                = {2013.06.25}
}

@InProceedings{MOP01,
  Title                    = {Sublinear time approximate clustering},
  Author                   = {N. Mishra and D. Oblinger and L. Pitt},
  Booktitle                = {Proceedings of 12th Annual Symposium on Discrete Algorithms (SODA)},
  Year                     = {2001},
  Pages                    = {439--447}
}

@Book{MR,
  Title                    = {Randomized Algorithms},
  Author                   = {R. Motwani and P. Raghavan},
  Publisher                = {Cambridge University Press},
  Year                     = {1995}
}

@Article{PRR04,
  Title                    = {Tolerant Property Testing and Distance Approximation},
  Author                   = {Michal Parnas and Dana Ron and Ronitt Rubinfeld},
  Journal                  = {Journal of Computer and System Sciences},
  Year                     = {2006},
  Number                   = {72},
  Pages                    = {1012-1042},
  Volume                   = {6}
}

@Article{Reed03,
  Title                    = {The Height of a Random Binary Search Tree},
  Author                   = {B. Reed},
  Journal                  = {Journal of the ACM},
  Year                     = {2003},
  Pages                    = {306-332},
  Volume                   = {50}
}

@Article{RonSurvey,
  Title                    = {Algorithmic and analysis techniques in property testing},
  Author                   = {D. Ron},
  Journal                  = {Foundations and Trends in Theoretical Computer Science},
  Year                     = {2009},
  Number                   = {2},
  Pages                    = {73--205},
  Volume                   = {5}
}

@Article{PR07,
  Title                    = {Approximating the minimum vertex cover in sublinear time and a connection to distributed algorithms},
  Author                   = {Dana Ron and Michal Parnas},
  Journal                  = {Theoretical Computer Science},
  Year                     = {2007},
  Pages                    = {183--196},
  Volume                   = {381}
}




@Article{RRSW11,
 author    = {Dana Ron and
	Ronitt Rubinfeld and
	Muli Safra and
	Alex Samorodnitsky and
	Omri Weinstein},
title     = {Approximating the Influence of Monotone Boolean Functions in {$O(\sqrt{n})$}
	Query Complexity},
journal   = {{ACM} Trans. Comput. Theory},
volume    = {4},
number    = {4},
pages     = {11:1--11:12},
year      = {2012},
note = {Prelim. version in Proc., RANDOM 2011}
}

@Article{RS96,
  Title                    = {Robust Characterization of Polynomials with Applications to Program Testing},
  Author                   = {R. Rubinfeld and M. Sudan},
  Journal                  = {SIAM Journal of Computing},
  Year                     = {1996},
  Pages                    = {647-668},
  Volume                   = {25}
}

@Article{RubinfeldSudan96,
  Title                    = {Robust Characterization of Polynomials with Applications to Program Testing},
  Author                   = {R. Rubinfeld and M. Sudan},
  Journal                  = {SIAM Journal of Computing},
  Year                     = {1996},
  Pages                    = {647-668},
  Volume                   = {25}
}

@inproceedings{SS08,
  author    = {Michael E. Saks and
               C. Seshadhri},
  title     = {Parallel monotonicity reconstruction},
  booktitle = soda,
  year      = {2008}
}

@Article{SSG,
  Title                    = {Epsilon geometry: building robust algorithms from imprecise computations},
  Author                   = {S. Salesin and J. Stolfi and L. J. Guibas},
  Journal                  = {Proceedings of the 5th Annual Symposium on Computational Geometry (SoCG)},
  Year                     = {1989},
  Pages                    = {208-217}
}

@Article{STV01,
  author  = {M. Sudan and L. Trevisan and S. Vadhan},
  journal = {Journal of Computer and System Sciences},
  title   = {Pseudorandom Generators without the {$XOR$} Lemma},
  year    = {2001},
  number  = {2},
  pages   = {236--266},
  volume  = {62},
}

@Article{AT08,
  Year                     = {1993},
  Pages                    = {307--318},
  Volume                   = {3}
}

@article{DeMoNe18,
	title={Is your data low-dimensional?},
	author={De, Anindya and Mossel, Elchanan and Neeman, Joe},
	journal={arXiv preprint arXiv:1806.10057},
	year={2018}
}

@book{Nelson,
	title={A user-friendly introduction to Lebesgue measure and integration},
	author={Nelson, Gail S.},
	volume={78},
	year={2015},
	publisher={American Mathematical Soc.}
}

@book{Pollard,
	title={A user's guide to measure theoretic probability},
	author={Pollard, David},
	volume={8},
	year={2002},
	publisher={Cambridge University Press}
}

@Book{StSh-book,
  title     = {Real Analysis: Measure Theory, Integration, and Hilbert Spaces},
  publisher = {Princeton University Press},
  year      = {2005},
  author    = {Elias Stein and Rami Shakarchi},
}


@Article{PRW22,
  author  = {Pallavoor, Ramesh Krishnan S. and Raskhodnikova, Sofya and Waingarten, Erik},
  journal = rsa,
  title   = {Approximating the distance to monotonicity of Boolean functions},
  year    = {2022},
  number  = {2},
  pages   = {233--260},
  volume  = {60}
}

@InProceedings{HY22,
  author    = {Nathaniel Harms and Yuichi Yoshida},
  booktitle = icalp,
  title     = {Downsampling for Testing and Learning in Product Distributions},
  year      = {2022},
  pages     = {71:1--71:19},
  volume    = {229},
}

@InProceedings{CaChGa+21,
  author    = {Cl{\'{e}}ment L. Canonne and Xi Chen and Gautam Kamath and Amit Levi and Erik Waingarten},
  booktitle = soda,
  title     = {Random Restrictions of High Dimensional Distributions and Uniformity Testing with Subcube Conditioning},
  year      = {2021},
  pages     = {321--336},
}

@InProceedings{Abdullah2015,
  author    = {Amirali Abdullah and Suresh Venkatasubramanian},
  booktitle = stoc,
  title     = {A Directed Isoperimetric Inequality with application to Bregman Near Neighbor Lower Bounds},
  year      = {2015},
}

@Article{BKR20,
  author  = {Hadley Black and Iden Kalemaj and Sofya Raskhodnikova},
  journal = {arXiv},
  title   = {Isoperimetric Inequalities for Real-Valued Functions with Applications to Monotonicity Testing},
  year    = {2020},
  volume  = {abs/2011.09441},
}

@Article{PaRaVa18,
  author  = {Ramesh Krishnan S. Pallavoor and Sofya Raskhodnikova and Nithin Varma},
  journal = {{ACM} Trans. Comput. Theory},
  title   = {Parameterized Property Testing of Functions},
  year    = {2018},
  number  = {4},
  pages   = {17:1--17:19},
  volume  = {9},
      Note					   = {Prelim. version in Proc., ITCS 2017}
}

@Article{Chakrabarty2016,
  author  = {D. Chakrabarty and C. Seshadhri},
  journal = {Electronic Colloquium on Computational Complexity {(ECCC)}},
  title   = {A $\tilde{O}(n)$ Non-Adaptive Tester for Unateness},
  year    = {2016},
  pages   = {133},
  volume  = {23},
  url     = {http://eccc.hpi-web.de/report/2016/133},
}

@techreport{GGR97,
  author    = {O. Goldreich and S. Goldwasser and S. Ron},
  title     = {A Note of Testing Monotonicity},
  url       = {https://www.wisdom.weizmann.ac.il/~oded/p_testMON.html},
  note	    = {Available at \href{https://www.wisdom.weizmann.ac.il/~oded/PSX/testMON.pdf}; accessed Aug 21, 2024},
  year      = {1997}
}

@InProceedings{ChSe19,
  author    = {Deeparnab Chakrabarty and C. Seshadhri},
  booktitle = itcs,
  title     = {Adaptive Boolean Monotonicity Testing in Total Influence Time},
  year      = {2019},
  pages     = {20:1--20:7},
}

@book{MarshallOA11,
  title={Inequalities: theory of majorization and its applications},
  author={Marshall, Albert W and Olkin, Ingram and Arnold, Barry C},
  volume={143},
  year={2011},
  edition={2nd},
  publisher={Springer}
}

@misc{gaussian-wiki,
  title = {Normal distribution},
  howpublished = {\url{https://en.wikipedia.org/wiki/Normal_distribution}}
}

@


Comment{jabref-meta: databaseType:bibtex;}
