@String{AAAI2024         = {Proceedings of the 38th Conference on Artificial Intelligence ({AAAI} '2024)}}
@String{acmcs            = {{ACM} Computing Surveys}}
@String{actamath         = {Acta Mathematica}}
@String{agms             = {Analysis and Geometry in Metric Spaces}}
@String{ai               = {Artificial Intelligence}}
@String{aistats2017      = {Proceedings of the 20th International Conference on Artificial Intelligence and Statistics ({AISTATS}~'2017)}}
@String{aistats2018      = {Proceedings of the 21st International Conference on Artificial Intelligence and Statistics ({AISTATS}~'2018)}}
@String{aistats2019      = {Proceedings of the 22nd International Conference on Artificial Intelligence and Statistics ({AISTATS}~'2019)}}
@String{aistats2020      = {Proceedings of the 23rd International Conference on Artificial Intelligence and Statistics ({AISTATS}~'2020)}}
@String{aistats2024      = {Proceedings of the 27rd International Conference on Artificial Intelligence and Statistics ({AISTATS}~'2024)}}
@String{algorithmica     = {Algorithmica}}
@String{alt1999          = {Proceedings of the 10th International Conference on Algorithmic Learning Theory ({ALT}~'1999)}}
@String{alt2016          = {Proceedings of the 27th International Conference on Algorithmic Learning Theory ({ALT}~'2016)}}
@String{ams              = {American Mathematical Society}}
@String{aop              = {Annals of Probability}}
@String{approxrandom     = {Approximation, Randomization and Combinatorial Optimization. Algorithms and Techniques}}
@String{approxrandom1999 = {Approximation, Randomization and Combinatorial Optimization. Algorithms and Techniques}}
@String{approxrandom2007 = {Approximation, Randomization and Combinatorial Optimization. Algorithms and Techniques}}
@String{approxrandom2008 = {Approximation, Randomization and Combinatorial Optimization. Algorithms and Techniques}}
@String{approxrandom2009 = {Approximation, Randomization and Combinatorial Optimization. Algorithms and Techniques}}
@String{approxrandom2011 = {Approximation, Randomization and Combinatorial Optimization. Algorithms and Techniques}}
@String{approxrandom2012 = {Approximation, Randomization and Combinatorial Optimization. Algorithms and Techniques}}
@String{approxrandom2016 = {Approximation, Randomization and Combinatorial Optimization. Algorithms and Techniques}}
@String{APPROXRANDOM2015 = {Approximation, Randomization and Combinatorial Optimization. Algorithms and Techniques}}
@String{approxrandom2017 = {Approximation, Randomization and Combinatorial Optimization. Algorithms and Techniques}}
@String{approxrandom2018 = {Approximation, Randomization and Combinatorial Optimization. Algorithms and Techniques}}
@String{approxrandom2019 = {Approximation, Randomization and Combinatorial Optimization. Algorithms and Techniques}}
@String{APPROXRANDOM2023 = {Approximation, Randomization and Combinatorial Optimization. Algorithms and Techniques ({APPROX/RANDOM}~'2023)}}
@String{APPROXRANDOM2024 = {Approximation, Randomization and Combinatorial Optimization. Algorithms and Techniques ({APPROX/RANDOM}~2024)}}
@String{arxiv            = {arXiv preprint arXiv:}}
@String{cacm             = {Communications of the {ACM}}}
@String{cc               = {Computational Complexity}}
@String{ccc2005          = {Proceedings of the 20th Conference on Computational Complexity ({CCC}~'2005)}}
@String{ccc2014          = {Proceedings of the 29th Conference on Computational Complexity ({CCC}~'2014)}}
@String{ccc2015          = {Proceedings of the 30th Conference on Computational Complexity ({CCC}~'2015)}}
@String{ccc2016          = {Proceedings of the 31st Conference on Computational Complexity ({CCC}~'2016)}}
@String{ccc2017          = {Proceedings of the 32nd Conference on Computational Complexity ({CCC}~'2017)}}
@String{cccg2015         = {Proceedings of the 27th Canadian Conference on Computational Geometry ({CCCG~'2015})}}
@String{cikm2004         = {Proceedings of the 13th {ACM} Conference on Information and Knowledge Management ({CIKM}~'2004)}}
@String{cikm2008         = {Proceedings of the 17th {ACM} Conference on Information and Knowledge Management ({CIKM}~'2008)}}
@String{cjtcs            = {Chicago Journal of Theoretical Computer Science}}
@String{colt2003         = {Proceedings of the 16th Annual Conference on Learning Theory ({COLT}~'2003)}}
@String{colt2008         = {Proceedings of the 21st Annual Conference on Learning Theory ({COLT}~'2008)}}
@String{colt2013         = {Proceedings of the 26th Annual Conference on Learning Theory ({COLT}~'2013)}}
@String{colt2015         = {Proceedings of the 28th Annual Conference on Learning Theory ({COLT}~'2015)}}
@String{colt2016         = {Proceedings of the 29th Annual Conference on Learning Theory ({COLT}~'2016)}}
@String{colt2017         = {Proceedings of the 30th Annual Conference on Learning Theory ({COLT}~'2017)}}
@String{colt2018         = {Proceedings of the 31st Annual Conference on Learning Theory ({COLT}~'2018)}}
@String{colt2019         = {Proceedings of the 32nd Annual Conference on Learning Theory ({COLT}~'2019)}}
@String{colt2020         = {Proceedings of the 33rd Annual Conference on Learning Theory ({COLT}~'2020)}}
@String{colt2021         = {Proceedings of the 34th Annual Conference on Learning Theory ({COLT}~'2021)}}
@String{colt2023         = {Proceedings of the 36th Annual Conference on Learning Theory ({COLT}~'2023)}}
@String{combinatorica    = {Combinatorica}}
@String{compnet          = {Computer Networks and {ISDN} Systems}}
@String{cpc              = {Combinatorics, Probability, and Computing}}
@String{crypto2015       = {Proceedings of the 35th International Cryptology Conference ({CRYPTO}~'2015)}}
@String{cvpr2008         = {Proceedings of {IEEE} Computer Society Conference on Computer Vision and Pattern Recognition ({CVPR}~'2008)}}
@String{cvpr2016         = {Proceedings of {IEEE} Computer Society Conference on Computer Vision and Pattern Recognition ({CVPR}~'2016)}}
@String{cvpr2019         = {Proceedings of the {IEEE} Computer Society Conference on Computer Vision and Pattern Recognition ({CVPR}~'2019)}}
@String{dcg              = {Discrete and Computational Geometry}}
@String{eccc             = {ECCC preprint:}}
@String{emnlp2014        = {Proceedings of the 2014 Conference on Empirical Methods in Natural Language Processing ({EMNLP}~'2014)}}
@String{esa2000          = {Proceedings of the 8th European Symposium on Algorithms ({ESA}~'2000)}}
@String{esa2001          = {Proceedings of the 9th European Symposium on Algorithms ({ESA}~'2001)}}
@String{esa2016          = {Proceedings of the 24th European Symposium Of Algorithms ({ESA}~'2016)}}
@String{esa2022          = {Proceedings of the 30th European Symposium Of Algorithms ({ESA}~'2022)}}
@String{esa2023          = {Proceedings of the 31st European Symposium of Algorithms ({ESA}~'2023)}}
@String{eurocrypt2015    = {Proceedings 34th Annual International Conference on the Theory and Applications of Cryptographic Techniques ({EUROCRYPT}~'2015)}}
@String{focs1975         = {Proceedings of the 16th Annual {IEEE} Symposium on Foundations of Computer Science ({FOCS}~'1975)}}
@String{focs1983         = {Proceedings of the 24th Annual {IEEE} Symposium on Foundations of Computer Science ({FOCS}~'1983)}}
@String{focs1996         = {Proceedings of the 37th Annual {IEEE} Symposium on Foundations of Computer Science ({FOCS}~'1996)}}
@String{focs1998         = {Proceedings of the 39th Annual {IEEE} Symposium on Foundations of Computer Science ({FOCS}~'1998)}}
@String{focs2000         = {Proceedings of the 41st Annual {IEEE} Symposium on Foundations of Computer Science ({FOCS}~'2000)}}
@String{focs2001         = {Proceedings of the 42nd Annual {IEEE} Symposium on Foundations of Computer Science ({FOCS}~'2001)}}
@String{focs2003         = {Proceedings of the 44th Annual {IEEE} Symposium on Foundations of Computer Science ({FOCS}~'2003)}}
@String{focs2004         = {Proceedings of the 45th Annual {IEEE} Symposium on Foundations of Computer Science ({FOCS}~'2004)}}
@String{focs2006         = {Proceedings of the 47th Annual {IEEE} Symposium on Foundations of Computer Science ({FOCS}~'2006)}}
@String{focs2007         = {Proceedings of the 48th Annual {IEEE} Symposium on Foundations of Computer Science ({FOCS}~'2007)}}
@String{focs2008         = {Proceedings of the 49th Annual {IEEE} Symposium on Foundations of Computer Science ({FOCS}~'2008)}}
@String{focs2009         = {Proceedings of the 50th Annual {IEEE} Symposium on Foundations of Computer Science ({FOCS}~'2009)}}
@String{focs2010         = {Proceedings of the 51st Annual {IEEE} Symposium on Foundations of Computer Science ({FOCS}~'2010)}}
@String{focs2011         = {Proceedings of the 52nd Annual {IEEE} Symposium on Foundations of Computer Science ({FOCS}~'2011)}}
@String{focs2013         = {Proceedings of the 54th Annual {IEEE} Symposium on Foundations of Computer Science (FOCS~'2013)}}
@String{focs2014         = {Proceedings of the 55th Annual {IEEE} Symposium on Foundations of Computer Science ({FOCS}~'2014)}}
@String{focs2015         = {Proceedings of the 56th Annual {IEEE} Symposium on Foundations of Computer Science ({FOCS}~'2015)}}
@String{focs2016         = {Proceedings of the 57th Annual {IEEE} Symposium on Foundations of Computer Science ({FOCS}~'2016)}}
@String{focs2017         = {Proceedings of the 58th Annual {IEEE} Symposium on Foundations of Computer Science ({FOCS}~'2017)}}
@String{focs2018         = {Proceedings of the 59th Annual {IEEE} Symposium on Foundations of Computer Science ({FOCS}~'2018)}}
@String{focs2019         = {Proceedings of the 60th Annual {IEEE} Symposium on Foundations of Computer Science ({FOCS}~'2019)}}
@String{focs2020         = {Proceedings of the 61st Annual {IEEE} Symposium on Foundations of Computer Science ({FOCS}~'2020)}}
@String{focs2021         = {Proceedings of the 62nd Annual {IEEE} Symposium on Foundations of Computer Science ({FOCS}~'2021)}}
@String{focs2022         = {Proceedings of the 63rd Annual {IEEE} Symposium on Foundations of Computer Science ({FOCS}~'2022)}}
@String{focs2023         = {Proceedings of the 64th Annual {IEEE} Symposium on Foundations of Computer Science ({FOCS}~'2023)}}
@String{FOCS2024         = {Proceedings of the 65th Annual {IEEE} Symposium on Foundations of Computer Science ({FOCS}~'2024)}}
@String{fsttcs2004       = {Proceedings of the 24th International Conference on Foundations of Software Technology and Theoretical Computer Science ({FSTTCS}~'2004)}}
@String{fsttcs2005       = {Proceedings of the 25th International Conference on Foundations of Software Technology and Theoretical Computer Science ({FSTTCS}~'2005)}}
@String{fsttcs2012       = {Proceedings of the 32nd International Conference on Foundations of Software Technology and Theoretical Computer Science ({FSTTCS}~'2012)}}
@String{ftd              = {Foundations and Trends{\textregistered} in Databases}}
@String{ftml             = {Foundations and Trends{\textregistered} in Machine Learning}}
@String{fttcs            = {Foundations and Trends{\textregistered} in Theoretical Computer Science}}
@String{gafa             = {Geometric and Functional Analysis}}
@String{icalp2002        = {Proceedings of the 29th International Colloquium on Automata, Languages and Programming ({ICALP}~'2002)}}
@String{icalp2005        = {Proceedings of the 32nd International Colloquium on Automata, Languages, and Programming ({ICALP}~'2005)}}
@String{icalp2008        = {Proceedings of the 35th International Colloquium on Automata, Languages, and Programming ({ICALP}~'2008)}}
@String{icalp2012        = {Proceedings of the 39th International Colloquium on Automata, Languages and Programming ({ICALP}~'2012)}}
@String{icalp2013        = {Proceedings of the 40th International Colloquium on Automata, Languages and Programming ({ICALP}~'2013)}}
@String{icalp2014        = {Proceedings of the 41st International Colloquium on Automata, Languages and Programming ({ICALP}~'2014)}}
@String{icalp2016        = {Proceedings of the 43rd International Colloquium on Automata, Languages and Programming ({ICALP}~'2016)}}
@String{icalp2017        = {Proceedings of the 44th International Colloquium on Automata, Languages and Programming ({ICALP}~'2017)}}
@String{icalp2022        = {Proceedings of the 49th International Colloquium on Automata, Languages and Programming ({ICALP}~'2022)}}
@String{ICALP2023        = {Proceedings of the 50th International Colloquium on Automata, Languages and Programming ({ICALP}~'2023)}}
@String{iccv2011         = {Proceedings of the 13th International Conference on Computer Vision ({ICCV}~'2011)}}
@String{iclr2020         = {Proceedings of the 8th International Conference on Learning Representation ({ICLR}~'2020)}}
@String{iclr2022         = {Proceedings of the 10th International Conference on Learning Representations ({ICLR}~'2022)}}
@String{icm2000          = {Proceedings of the International Congress of Mathematicians ({ICM}~'2000)}}
@String{icm2018          = {Proceedings of the International Congress of Mathematicians ({ICM}~'2018)}}
@String{icml2003         = {Proceedings of the 20th International Conference on Machine Learning ({ICML}~'2003)}}
@String{icml2006         = {Proceedings of the 23rd International Conference on Machine Learning ({ICML}~'2006)}}
@String{icml2009         = {Proceedings of the 26th International Conference on Machine Learning ({ICML}~'2009)}}
@String{icml2010         = {Proceedings of the 27th International Conference on Machine Learning ({ICML}~'2010)}}
@String{icml2015         = {Proceedings of the 32nd International Conference on Machine Learning ({ICML}~'2015)}}
@String{icml2017         = {Proceedings of the 34th International Conference on Machine Learning ({ICML}~'2017)}}
@String{icml2018         = {Proceedings of the 35th International Conference on Machine Learning ({ICML}~'2018)}}
@String{icml2019         = {Proceedings of the 36th International Conference on Machine Learning ({ICML}~'2019)}}
@String{icml2020         = {Proceedings of the 37th International Conference on Machine Learning ({ICML}~'2020)}}
@String{icml2021         = {Proceedings of the 38th International Conference on Machine Learning ({ICML}~'2021)}}
@String{ics2011          = {Proceedings of the 2nd Symposium on Innovations in Computer Science ({ICS}~'2011)}}
@String{ieeep            = {Proceedings of the {IEEE}}}
@String{ijar             = {International Journal of Approximate Reasoning}}
@String{ijcv             = {International Journal of Computer Vision}}
@String{infcomp          = {Information and Computation}}
@String{ipec2015         = {Proceedings of the 10th International Symposium on Parameterized and Exact Computation ({IPEC}~'2015)}}
@String{ipl              = {Information Processing Letters}}
@String{itcs2017         = {Proceedings of the 2017 ACM Conference on Innovations in Theoretical Computer Science ({ITCS}~'2017)}}
@String{itcs2018         = {Proceedings of the 2018 ACM Conference on Innovations in Theoretical Computer Science ({ITCS}~'2018)}}
@String{itcs2019         = {Proceedings of the 2019 ACM Conference on Innovations in Theoretical Computer Science ({ITCS}~'2019)}}
@String{ITCS2020         = {Proceedings of the 2020 ACM Conference on Innovations in Theoretical Computer Science ({ITCS}~'2020)}}
@String{itcs2022         = {Proceedings of the 2022 Conference on Innovations in Theoretical Computer Science ({ITCS}~'2022)}}
@String{ITCS2023         = {Proceedings of the 2023 Conference on Innovations in Theoretical Computer Science ({ITCS}~'2023)}}
@String{itit             = {IEEE Transactions on Information Theory}}
@String{jacm             = {Journal of the ACM}}
@String{jasa             = {Journal of the American Statistical Association}}
@String{jcb              = {Journal of Computational Biology}}
@String{jcc              = {Computational Complexity}}
@String{jcg              = {Journal of Computational Geometry}}
@String{jcss             = {Journal of Computer and System Sciences}}
@String{jctb             = {}}
@String{jmlr             = {Journal of Machine Learning Research}}
@String{joa              = {Journal of Algorithms}}
@String{kdd2014          = {Proceedings of the 20th {ACM-SIGKDD} International Conference on Knowledge Discovery and Data Mining ({KDD}~'2014)}}
@String{mathann          = {Mathematische Annalen}}
@String{mfcs2023         = {Proceedings of the 48th International Symposium on Mathematical Foundations of Computer Science ({MFCS}~'2023)}}
@String{neurips2010      = {Proceedings of Advances in Neural Information Processing Systems~23 ({NeurIPS}~'2010)}}
@String{neurips2017      = {Proceedings of Advances in Neural Information Processing Systems~30 ({NeurIPS}'2017)}}
@String{neurips2018      = {Proceedings of Advances in Neural Information Processing Systems~31 ({NeurIPS}~'2018)}}
@String{neurips2019      = {Proceedings of Advances in Neural Information Processing Systems~32 ({NeurIPS}~'2019)}}
@String{neurips2020      = {Proceedings of Advances in Neural Information Processing Systems~33 ({NeurIPS}~'2020)}}
@String{neurips2021      = {Proceedings of Advances in Neural Information Processing Systems~34 ({NeurIPS}~'2021)}}
@String{neurips2022      = {Proceedings of Advances in Neural Information Processing Systems~35 ({NeurIPS}~'2022)}}
@String{nips2008         = {Proceedings of Advances in Neural Information Processing Systems~21 ({NIPS}~'2008)}}
@String{nips2009         = {Proceedings of Advances in Neural Information Processing Systems~22 ({NIPS}~'2009)}}
@String{nips2011         = {Proceedings of Advances in Neural Information Processing Systems~24 ({NIPS}~'2011)}}
@String{nips2012         = {Proceedings of Advances in Neural Information Processing Systems~25 ({NIPS}~'2012)}}
@String{nips2013         = {Proceedings of Advances in Neural Information Processing Systems ({NIPS}~'2013)}}
@String{nips2014         = {Proceedings of Advances in Neural Information Processing Systems~25 ({NIPS}~'2014)}}
@String{nips2015         = {Proceedings of Advances in Neural Information Processing Systems~28 ({NIPS}~'2015)}}
@String{nips2016         = {Proceedings of Advances in Neural Information Processing Systems ({NeurIPS}~'2016)}}
@String{nips2017         = {Proceedings of Advances in Neural Information Processing Systems ({NeurIPS}~'2017)}}
@String{nips2018         = {Proceedings of Advances in Neural Information Processing Systems~ ({NeurIPS}~'2018)}}
@String{nips2019         = {Proceedings of Advances in Neural Information Processing Systems~ ({NeurIPS}~'2019)}}
@String{pnas             = {Proceedings of the National Academy of Sciences}}
@String{pods2002         = {Proceedings of the 21st {ACM} Symposium on Principles of Database Systems ({PODS}~'2002)}}
@String{pods2011         = {Proceedings of the 30th {ACM} Symposium on Principles of Database Systems ({PODS}~'2011)}}
@String{pods2015         = {Proceedings of the 34th {ACM} Symposium on Principles of Database Systems ({PODS}~'2015)}}
@String{pods2016         = {Proceedings of the 35th {ACM} Symposium on Principles of Database Systems ({PODS}~'2016)}}
@String{rsa              = {Random Structures \& Algorithms}}
@String{sequences97      = {Proceedings of the Compression and Complexity of Sequences ({SEQUENCES}~'1997)}}
@String{sicomp           = {{SIAM} Journal on Computing}}
@String{sidm             = {{SIAM} Journal on Discrete Mathematics}}
@String{sigir2008        = {Proceedings of the 31st Annual International {ACM} {SIGIR} Conference on Research and Development in Information Retrieval ({SIGIR}'2008)}}
@String{SIGMOD           = {{ACM} SIGMOD Record}}
@String{sigspatial       = {Proceedings of the 19th {ACM} SIGSPATIAL international conference on advances in geographic information systems}}
@String{sjam             = {{SIAM} Journal of Applied Mathematics}}
@String{sjmaa            = {{SIAM} Journal of Matrix Analysis and Applications}}
@String{socg1999         = {Proceedings of the 15th {ACM} Symposium on Computational Geometry ({SoCG}~'1999)}}
@String{socg2002         = {Proceedings of the 18th {ACM} Symposium on Computational Geometry ({SoCG}~'2002)}}
@String{socg2004         = {Proceedings of the 20th {ACM} Symposium on Computational Geometry ({SoCG}~'2004)}}
@String{socg2005         = {Proceedings of the 21st {ACM} Symposium on Computational Geometry ({SoCG}~'2005)}}
@String{socg2012         = {Proceedings of the 28th International Symposium on Computational Geometry ({SoCG}~'2012)}}
@String{socg2015         = {Proceedings of the 31st International Symposium on Computational Geometry ({SoCG}~'2015)}}
@String{socg2016         = {Proceedings of the 32nd International Symposium on Computational Geometry ({SoCG}~'2016)}}
@String{socg2017         = {Proceedings of the 33rd International Symposium on Computational Geometry ({SOCG}~'2017)}}
@String{socg2019         = {Proceedings of the 35th International Symposium on Computational Geometry ({SoCG}~'2019)}}
@String{socg2021         = {Proceedings of the 37th International Symposium on Computational Geometry ({SOCG}~'2021)}}
@String{socg2024         = {Proceedings of the 40th International Symposium on Computational Geometry ({SoCG}~'2024)}}
@String{soda2003         = {Proceedings of the 14th {ACM-SIAM} Symposium on Discrete Algorithms ({SODA}~'2003)}}
@String{soda2004         = {Proceedings of the 15th {ACM-SIAM} Symposium on Discrete Algorithms ({SODA}~'2004)}}
@String{soda2005         = {Proceedings of the 16th {ACM-SIAM} Symposium on Discrete Algorithms ({SODA}~'2005)}}
@String{soda2006         = {Proceedings of the 17th {ACM-SIAM} Symposium on Discrete Algorithms ({SODA}~'2006)}}
@String{soda2007         = {Proceedings of the 18th {ACM-SIAM} Symposium on Discrete Algorithms ({SODA}~'2007)}}
@String{soda2008         = {Proceedings of the 19th {ACM-SIAM} Symposium on Discrete Algorithms ({SODA}~'2008)}}
@String{soda2009         = {Proceedings of the 20th {ACM-SIAM} Symposium on Discrete Algorithms ({SODA}~'2009)}}
@String{soda2010         = {Proceedings of the 21st {ACM-SIAM} Symposium on Discrete Algorithms ({SODA}~'2010)}}
@String{soda2012         = {Proceedings of the 33rd {ACM-SIAM} Symposium on Discrete Algorithms ({SODA}~'2012)}}
@String{soda2013         = {Proceedings of the 24th {ACM-SIAM} Symposium on Discrete Algorithms ({SODA}~'2013)}}
@String{soda2014         = {Proceedings of the 25th {ACM-SIAM} Symposium on Discrete Algorithms ({SODA}~'2014)}}
@String{soda2015         = {Proceedings of the 26th {ACM-SIAM} Symposium on Discrete Algorithms ({SODA}~'2015)}}
@String{soda2016         = {Proceedings of the 27th {ACM-SIAM} Symposium on Discrete Algorithms ({SODA}~'2016)}}
@String{soda2017         = {Proceedings of the 28th {ACM-SIAM} Symposium on Discrete Algorithms ({SODA}~'2017)}}
@String{soda2018         = {Proceedings of the 29th {ACM-SIAM} Symposium on Discrete Algorithms ({SODA}~'2018)}}
@String{soda2019         = {Proceedings of the 30th {ACM-SIAM} Symposium on Discrete Algorithms ({SODA}~'2019)}}
@String{soda2020         = {Proceedings of the 31st {ACM-SIAM} Symposium on Discrete Algorithms ({SODA}~'2020)}}
@String{soda2021         = {Proceedings of the 32nd {ACM-SIAM} Symposium on Discrete Algorithms ({SODA}~'2021)}}
@String{soda2023         = {Proceedings of the 34th {ACM-SIAM} Symposium on Discrete Algorithms ({SODA}~'2023)}}
@String{soda2024         = {Proceedings of the 35th {ACM-SIAM} Symposium on Discrete Algorithms ({SODA}~'2024)}}
@String{sosa2019         = {Proceedings of the 2nd Sympisum on Simplicity in Algorithms ({SOSA}'2019)}}
@String{spaa2016         = {Proceedings of the 28th {ACM} Symposium on Parallelism in Algorithms and Architectures ({SPAA}~'2016)}}
@String{stacs2017        = {Proceedings of the 34th Symposium on Theoretical Aspects of Computer Science ({STACS}~'2017)}}
@String{stoc1995         = {Proceedings of the 27th {ACM} Symposium on the Theory of Computing ({STOC}~'1995)}}
@String{stoc1998         = {Proceedings of the 30th {ACM} Symposium on the Theory of Computing ({STOC}~'1998)}}
@String{stoc1999         = {Proceedings of the 31st {ACM} Symposium on the Theory of Computing ({STOC}~'1999)}}
@String{stoc2001         = {Proceedings of the 33rd {ACM} Symposium on the Theory of Computing ({STOC}~'2001)}}
@String{stoc2002         = {Proceedings of the 34th {ACM} Symposium on the Theory of Computing ({STOC}~'2002)}}
@String{stoc2003         = {Proceedings of the 35th {ACM} Symposium on the Theory of Computing ({STOC}~'2003)}}
@String{stoc2004         = {Proceedings of the 36th {ACM} Symposium on the Theory of Computing ({STOC}~'2004)}}
@String{stoc2005         = {Proceedings of the 37th {ACM} Symposium on the Theory of Computing ({STOC}~'2005)}}
@String{stoc2008         = {Proceedings of the 40th {ACM} Symposium on the Theory of Computing ({STOC}~'2008)}}
@String{stoc2009         = {Proceedings of the 41st {ACM} Symposium on the Theory of Computing ({STOC}~'2009)}}
@String{stoc2010         = {Proceedings of the 42nd {ACM} Symposium on the Theory of Computing ({STOC}~'2010)}}
@String{stoc2011         = {Proceedings of the 43rd {ACM} Symposium on the Theory of Computing ({STOC}~'2011)}}
@String{stoc2012         = {Proceedings of the 44th {ACM} Symposium on the Theory of Computing ({STOC}~'2012)}}
@String{stoc2013         = {Proceedings of the 45th {ACM} Symposium on the Theory of Computing ({STOC}~'2013)}}
@String{stoc2014         = {Proceedings of the 46th {ACM} Symposium on the Theory of Computing ({STOC}~'2014)}}
@String{stoc2015         = {Proceedings of the 47th {ACM} Symposium on the Theory of Computing ({STOC}~'2015)}}
@String{stoc2016         = {Proceedings of the 48th {ACM} Symposium on the Theory of Computing ({STOC}~'2016)}}
@String{stoc2017         = {Proceedings of the 50th {ACM} Symposium on the Theory of Computing ({STOC}~'2017)}}
@String{stoc2018         = {Proceedings of the 50th {ACM} Symposium on the Theory of Computing ({STOC}~'2018)}}
@String{stoc2019         = {Proceedings of the 51th {ACM} Symposium on the Theory of Computing ({STOC}~'2019)}}
@String{stoc2020         = {Proceedings of the 52nd {ACM} Symposium on the Theory of Computing ({STOC}~'2020)}}
@String{stoc2021         = {Proceedings of the 53rd {ACM} Symposium on the Theory of Computing ({STOC}~'2021)}}
@String{stoc2022         = {Proceedings of the 54th {ACM} Symposium on the Theory of Computing ({STOC}~'2022)}}
@String{stoc2023         = {Proceedings of the 55th {ACM} Symposium on the Theory of Computing ({STOC}~'2023)}}
@String{stoc2024         = {Proceedings of the 56th {ACM} Symposium on the Theory of Computing ({STOC}~'2024)}}
@String{talg             = {{ACM} Transactions on Algorithms}}
@String{tams             = {Transactions of the American Mathematical Society}}
@String{tcs              = {Theoretical Computer Science}}
@String{tit              = {{IEEE} Transactions on Information Theory}}
@String{toc              = {Theory of Computing}}
@String{tocs             = {Theory of Computing Systems}}
@String{toct             = {{ACM} Transactions on Computation Theory}}
@String{tods             = {{ACM} Transactions on Database Systems}}
@String{tpa              = {Theory of Probability \& Its Applications}}
@String{tpami            = {{IEEE} Transactions on Pattern Analysis and Machine Intelligence}}
@String{uai2009          = {Proceedings of the 25th Conference on Uncertainty in Artificial Intelligence ({UAI}~'2009)}}
@String{visapp2009       = {Proceedings of the 4th International Conference on Computer Vision Theory and Applications ({VISAPP}~`2009)}}
@String{vldb1999         = {Proceedings of the 25th International Conference on Very Large Data Bases ({VLDB}~'1999)}}
@String{vldb2007         = {Proceedings of the 33rd International Conference on Very Large Data Bases ({VLDB}~'2007)}}
@String{wads2007         = {Proceedings of the 10th International Workshop on Algorithms and Data Structures ({WADS}~'2007)}}
@String{www2005          = {Proceedings of the 14th international conference on World Wide Web ({WWW}~'2005)}}

@incollection{andoni16-bigData,
	author = {Alexandr Andoni},
	bibsource = {dblp computer science bibliography, http://dblp.org},
	biburl = {http://dblp.uni-trier.de/rec/bib/books/crc/p/Andoni16},
	booktitle = {Handbook of Big Data.},
	crossref = {DBLP:books/crc/hbd2016},
	pages = {105--123},
	timestamp = {Fri, 20 May 2016 11:28:39 +0200},
	title = {High-Dimensional Computational Geometry},
	url = {http://www.crcnetbase.com/doi/abs/10.1201/b19567-11},
	year = {2016},
	bdsk-url-1 = {http://www.crcnetbase.com/doi/abs/10.1201/b19567-11}}


@InProceedings{KNT21,
  author        = {Deepanshu Kush and Aleksandar Nikolov and Haohua Tang},
  booktitle     = SOCG2021,
  title         = {Near Neighbor Search via Efficient Average Distortion Embeddings},
  year          = {2021},
  date-added    = {2024-09-03 16:35:59 -0400},
  date-modified = {2024-09-03 16:36:35 -0400},
}

@incollection{J48,
	author = {Fritz John},
	booktitle = {Studies and {E}ssays {P}resented to {R}. {C}ourant on his 60th {B}irthday, {J}anuary 8, 1948},
	mrclass = {49.0X},
	mrnumber = {0030135},
	mrreviewer = {J. E. Wilkins, Jr.},
	pages = {187--204},
	publisher = {Interscience Publishers Inc. New York, N. Y.},
	title = {Extremum problems with inequalities as subsidiary conditions},
	year = {1948}}

@inproceedings{AAKK14,
	author = {Amirali Abdullah and Alexandr Andoni and Ravindran Kannan and Robert Krauthgamer},
	booktitle = FOCS2014,
	pages = {581--590},
	title = {Spectral Approaches to Nearest Neighbor Search},
	year = {2014}}

@inproceedings{AV15,
	author = {Amirali Abdullah and Suresh Venkatasubramanian},
	booktitle = STOC2015,
	pages = {509--518},
	title = {A Directed Isoperimetric Inequality with application to {Bregman} Near Neighbor Lower Bounds},
	year = {2015}}

@inproceedings{AMV12,
	author = {Amirali Abdullah and John Moeller and Suresh Venkatasubramanian},
	booktitle = SOCG2012,
	organization = {ACM},
	pages = {31--40},
	title = {Approximate Bregman near neighbors in sublinear time: beyond the triangle inequality},
	year = {2012}}

@inproceedings{APRS16,
	author = {Thomas D. Ahle and Rasmus Pagh and Ilya Razenshteyn and Francesco Silvestri},
	booktitle = PODS2016,
	note = {Available as arXiv:1510.02824},
	pages = {151--164},
	title = {On the Complexity of Inner Product Similarity Join},
	year = {2016}}

@article{AC09,
	author = {Nir Ailon and Bernard Chazelle},
	journal = SICOMP,
	number = {1},
	pages = {302--322},
	title = {The Fast {J}ohnson--{L}indenstrauss Transform and Approximate Nearest Neighbors},
	volume = {39},
	year = {2009}}

@article{AR14,
	author = {Nir Ailon and Holger Rauhut},
	journal = DCG,
	number = {4},
	pages = {780--798},
	title = {Fast and {RIP}-Optimal Transforms},
	volume = {52},
	year = {2014}}

@inproceedings{AGR15,
	author = {Zeyuan {Allen-Zhu} and Rati Gelashvili and Ilya Razenshteyn},
	booktitle = SOCG2015,
	note = {Available as arXiv:1407.2178},
	pages = {451--460},
	title = {Restricted Isometry Property for General p-Norms},
	year = {2015}}

@unpublished{AYS16,
	author = {Zeyuan {Allen-Zhu} and Yang Yuan and Karthik Sridharan},
	note = {Available as arXiv:1602.02151},
	title = {Exploiting the Structure: Stochastic Gradient Methods Using Raw Clusters},
	year = {2016}}

@inproceedings{ACW16,
	author = {Josh Alman and Timothy M. Chan and Ryan Williams},
	booktitle = FOCS2016,
	pages = {467--476},
	title = {Polynomial Representations of Threshold Functions with Applications},
	year = {2016}}

@phdthesis{A09,
	author = {Alexandr Andoni},
	school = {MIT},
	title = {Nearest Neighbor Search: the Old, the New, and the Impossible},
	year = {2009}}

@inproceedings{ACP08,
	author = {Alexandr Andoni and Dorian Croitoru and Mihai Patrascu},
	booktitle = FOCS2008,
	pages = {424--433},
	title = {Hardness of Nearest Neighbor under {L}-infinity},
	year = {2008}}

@incollection{ADIIM06,
	author = {Alexandr Andoni and Mayur Datar and Nicole Immorlica and Piotr Indyk and Vahab S. Mirrokni},
	booktitle = {Nearest Neighbor Methods in Learning and Vision: Theory and Practice},
	editor = {Gregory Shakhnarovich and Trevor Darrell and Piotr Indyk},
	pages = {61--72},
	publisher = {MIT Press},
	title = {Locality-sensitive hashing using stable distributions},
	year = {2006}}

@article{AI08,
	author = {Alexandr Andoni and Piotr Indyk},
	journal = CACM,
	number = {1},
	pages = {117--122},
	title = {Near-optimal hashing algorithms for approximate nearest neighbor in high dimensions},
	volume = {51},
	year = {2008}}

@inproceedings{AI06,
	author = {Alexandr Andoni and Piotr Indyk},
	booktitle = FOCS2006,
	pages = {459--468},
	title = {Near-Optimal Hashing Algorithms for Approximate Nearest Neighbor in High Dimensions},
	year = {2006}}

@misc{AI05,
	author = {Alexandr Andoni and Piotr Indyk},
	howpublished = {Available as \texttt{http://web.mit.edu/andoni/www/LSH/index.html}},
	title = {{E2LSH}: {Exact} {Euclidean} Locality-Sensitive Hashing},
	year = {2005}}

@InProceedings{CCK24,
  author    = {Diptarka Chakraborty and Sourav Chakraborty and Gunjan Kumar},
  booktitle = SODA2024,
  title     = {Tight lower bound on equivalence testing in conditional sampling model},
  year      = {2024},
}

@InProceedings{CCKM24,
  author    = {Diptarka Chakraborty and Sourav Chakraborty and Gunjan Kuman and Kuldeep Meel},
  booktitle = AISTATS2024,
  title     = {Equivalence testing: the power of bounded adaptivity},
  year      = {2024},
}


@inproceedings{AILRS15,
	author = {Alexandr Andoni and Piotr Indyk and Thijs Laarhoven and Ilya Razenshteyn and Ludwig Schmidt},
	booktitle = NIPS2015,
	note = {Available as arXiv:1509.02897},
	pages = {1225--1233},
	title = {Practical and Optimal {LSH} for Angular Distance},
	year = {2015}}

@inproceedings{AINR14,
	author = {Alexandr Andoni and Piotr Indyk and Huy L. Nguyen and Ilya Razenshteyn},
	booktitle = SODA2014,
	pages = {1018--1028},
	title = {Beyond Locality-Sensitive Hashing},
	year = {2014}}

@inproceedings{AIP06,
	author = {Alexandr Andoni and Piotr Indyk and Mihai Patrascu},
	booktitle = FOCS2006,
	pages = {449--458},
	title = {On the Optimality of the Dimensionality Reduction Method},
	year = {2006}}

@inproceedings{AKR15,
	author = {Alexandr Andoni and Robert Krauthgamer and Ilya Razenshteyn},
	booktitle = STOC2015,
	pages = {479--488},
	title = {Sketching and Embedding are Equivalent for Norms},
	year = {2015}}

@inproceedings{ALRW17,
	author = {Alexandr Andoni and Thijs Laarhoven and Ilya Razenshteyn and Erik Waingarten},
	booktitle = SODA2017,
	pages = {47--66},
	title = {Optimal Hashing-based Time--Space Trade-offs for Approximate Near Neighbors},
	year = {2017}}

@unpublished{ALRW16,
	author = {Alexandr Andoni and Thijs Laarhoven and Ilya Razenshteyn and Erik Waingarten},
	note = {Available as arXiv:1605.02701},
	title = {Lower Bounds on Time--Space Trade-Offs for Approximate Near Neighbors},
	year = {2016}}

@inproceedings{AR16,
	author = {Alexandr Andoni and Ilya Razenshteyn},
	booktitle = SOCG2016,
	note = {Available as arXiv:1507.04299},
	pages = {9:1--9:11},
	title = {Tight Lower Bounds for Data-Dependent Locality-Sensitive Hashing},
	year = {2016}}

@inproceedings{AR15,
	author = {Alexandr Andoni and Ilya Razenshteyn},
	booktitle = STOC2015,
	pages = {793--801},
	title = {Optimal Data-Dependent Hashing for Approximate Near Neighbors},
	year = {2015}}

@inproceedings{ARS17,
	author = {Alexandr Andoni and Ilya Razenshteyn and Negev {Shekel Nosatzki}},
	booktitle = SODA2017,
	title = {{LSH} Forest: Practical Algorithms Made Theoretical},
	year = {2017}}

@inproceedings{BIRW16,
	author = {Arturs Backurs and Piotr Indyk and Ilya Razenshteyn and David P. Woodruff},
	booktitle = SODA2016,
	note = {Available as arXiv:1504.01076},
	pages = {318--337},
	title = {Nearly-optimal bounds for sparse recovery in generic norms, with applications to $k$-median sketching},
	year = {2016}}

@article{BR02,
	author = {Omer Barkol and Yuval Rabanit},
	journal = JCSS,
	number = {4},
	pages = {873--896},
	title = {Tighter Lower Bounds for Nearest Neighbor Search and Related Problems in the Cell Probe Model},
	volume = {64},
	year = {2002}}

@article{BJKS04,
	author = {Ziv Bar-Yossef and T.S. Jayram and Ravi Kumar and D. Sivakumar},
	journal = JCSS,
	number = {4},
	pages = {702--732},
	title = {An information statistics approach to data stream and communication complexity},
	volume = {68},
	year = {2004}}

@inproceedings{BCG05,
	author = {Mayank Bawa and Tyson Condie and Prasanna Ganesan},
	booktitle = WWW2005,
	pages = {651--660},
	title = {{LSH} forest: self-tuning indexes for similarity search},
	year = {2005}}

@inproceedings{BDGL16,
	author = {Anja Becker and L{\'{e}}o Ducas and Nicolas Gama and Thijs Laarhoven},
	booktitle = SODA2016,
	pages = {10--24},
	title = {New directions in nearest neighbor searching with applications to lattice sieving},
	year = {2016}}

@article{BDVJ03,
	author = {Yoshua Bengio and R\'{e}jean Ducharme and Pascal Vincent and Christian Janvin},
	journal = JMLR,
	pages = {1137--1155},
	title = {A neural probabilistic language model},
	volume = {3},
	year = {2003}}

@article{B75,
	author = {Jon Bentley},
	journal = CACM,
	number = {9},
	pages = {509--517},
	title = {Multidimensional binary search trees used for associative searching},
	volume = {18},
	year = {1975}}

@book{BCKO08,
	author = {Mark de Berg and Otfried Cheong and Marc van Kreveld and Mark Overmars},
	edition = {third},
	publisher = {Springer},
	title = {Computational Geometry: Algorithms and Applications},
	year = {2008}}

@misc{B13,
	author = {Erik Bernhardsson},
	note = {Available as \texttt{https://github.com/spotify/annoy}},
	title = {{ANNOY}: Approximate Nearest Neighbors in {C}++/{P}ython optimized for memory usage and loading/saving to disk},
	year = {2013}}

@inproceedings{BKL06,
	author = {Alina Beygelzimer and Sham Kakade and John Langford},
	booktitle = ICML2006,
	pages = {97--104},
	title = {Cover trees for nearest neighbor},
	year = {2006}}

@inproceedings{BOR99,
	author = {Allan Borodin and Rafail Ostrovsky and Yuval Rabani},
	booktitle = STOC1999,
	pages = {312--321},
	title = {Lower Bounds for High Dimensional Nearest Neighbor Search and Related Problems},
	year = {1999}}

@inproceedings{B97,
	author = {Andrei Z. Broder},
	booktitle = SEQUENCES97,
	pages = {21--29},
	title = {On the Resemblance and Containment of Documents},
	year = {1997}}

@article{BGMZ97,
	author = {Andrei Z. Broder and Steven C. Glassman and Mark S. Manasse and Geoffrey Zweig},
	journal = COMPNET,
	number = {8--13},
	pages = {1157--1166},
	title = {Syntactic clustering of the Web},
	volume = {29},
	year = {1997}}

@article{B03,
	author = {Jeremy Buhler},
	journal = JCB,
	number = {3/4},
	pages = {399--417},
	title = {Provably Sensitive Indexing Strategies for Biosequence Similarity Search},
	volume = {10},
	year = {2003}}

@article{CNBM01,
	author = {Edgar Ch{\'{a}}vez and Gonzalo Navarro and Ricardo A. Baeza{-}Yates and Jos{\'{e}} L. Marroqu{\'{\i}}n},
	journal = ACMCS,
	number = {3},
	pages = {273--321},
	title = {Searching in metric spaces},
	volume = {33},
	year = {2001}}

@inproceedings{CCGL99,
	author = {Amit Chakrabarti and Bernard Chazelle and Benjamin Gum and Alexey Lvov},
	booktitle = STOC1999,
	pages = {305--311},
	title = {A Lower Bound on the Complexity of Approximate Nearest-Neighbor Searching on the Hamming Cube},
	year = {1999}}

@article{CR10,
	author = {Amit Chakrabarti and Oded Regev},
	journal = SICOMP,
	number = {5},
	pages = {1919--1940},
	title = {An Optimal Randomized Cell Probe Lower Bound for Approximate Nearest Neighbor Searching},
	volume = {39},
	year = {2010}}

@inproceedings{C02,
	author = {Moses Charikar},
	booktitle = STOC2002,
	pages = {380--388},
	title = {Similarity estimation techniques from rounding algorithms},
	year = {2002}}

@article{CCF04,
	author = {Moses Charikar and Kevin Chen and Martin Farach{-}Colton},
	journal = TCS,
	number = {1},
	pages = {3--15},
	title = {Finding Frequent Items in Data Streams},
	volume = {312},
	year = {2004}}

@unpublished{CFGMSA16,
	author = {Krzysztof Choromanski and Francois Fagan and Cedric Gouy{-}Paille and Anne Morvan and Tamas Sarlos and Jamal Atif},
	note = {Available as arXiv:1605.0904},
	title = {{TripleSpin} -- a generic compact paradigm for fast machine learning computations},
	year = {2016}}

@incollection{C06,
	author = {Kenneth L. Clarkson},
	booktitle = {Nearest-Neighbor Methods in Learning and Vision: Theory and Practice},
	editor = {Gregory Shakhnarovich and Trevor Darrell and Piotr Indyk},
	pages = {15--59},
	publisher = {MIT Press},
	title = {Nearest-Neighbor Searching and Metric Space Dimensions},
	year = {2006}}

@article{C88,
	author = {Kenneth L. Clarkson},
	journal = SICOMP,
	number = {4},
	pages = {830--847},
	title = {A Randomized Algorithm for Closest-Point Queries},
	volume = {17},
	year = {1988}}

@book{NRC13,
	address = {Washington, DC},
	author = {National Research Council},
	isbn = {978-0-309-28778-4},
	publisher = {The National Academies Press},
	title = {Frontiers in Massive Data Analysis},
	year = {2013}}

@inproceedings{DF08,
	author = {Sanjoy Dasgupta and Yoav Freund},
	booktitle = STOC2008,
	pages = {537--546},
	title = {Random projection trees and low dimensional manifolds},
	year = {2008}}

@inproceedings{DS13,
	author = {Sanjoy Dasgupta and Kaushik Sinha},
	booktitle = COLT2013,
	pages = {317--337},
	title = {Randomized partition trees for exact nearest neighbor search},
	year = {2013}}

@inproceedings{DIIM04,
	author = {Mayur Datar and Nicole Immorlica and Piotr Indyk and Vahab S. Mirrokni},
	booktitle = SOCG2004,
	pages = {253--262},
	title = {Locality-sensitive hashing scheme based on p-stable distributions},
	year = {2004}}

@inproceedings{DRT11,
	author = {Inderjit S. Dhillon and Pradeep Ravikumar and Ambuj Tewari},
	booktitle = NIPS2011,
	pages = {2160--2168},
	title = {Nearest Neighbor based Greedy Coordinate Descent},
	year = {2011}}

@misc{D09,
	author = {Wei Dong},
	howpublished = {Available as \texttt{http://lshkit.sourceforge.net/}},
	title = {{LSHKIT}: {A} {C++} Locality Sensitive Hashing Library},
	year = {2009}}

@article{FKS84,
	author = {Michael L. Fredman and J\'{a}nos Koml\'{o}s and Endre Szemer\'{e}di},
	journal = JACM,
	number = {3},
	pages = {538--544},
	title = {Storing a Sparse Table with {$O(1)$} Worst Case Access Time},
	volume = {31},
	year = {1984}}

@article{MJ05,
	author = {Matteo Frigo and Steven G. Johnson},
	journal = IEEEP,
	number = {2},
	pages = {216--231},
	title = {The Design and Implementation of {FFTW3}},
	volume = {93},
	year = {2005}}

@inproceedings{GIM99,
	author = {Aristides Gionis and Piotr Indyk and Rajeev Motwani},
	booktitle = VLDB1999,
	pages = {518--529},
	title = {Similarity Search in High Dimensions via Hashing},
	year = {1999}}

@article{HIM12,
	author = {Sariel Har{-}Peled and Piotr Indyk and Rajeev Motwani},
	journal = TOC,
	number = {1},
	pages = {321--350},
	title = {Approximate Nearest Neighbor: Towards Removing the Curse of Dimensionality},
	volume = {8},
	year = {2012}}

@inproceedings{HLLM15,
	author = {Thomas Hofmann and Aur{\'{e}}lien Lucchi and Simon Lacoste{-}Julien and Brian McWilliams},
	booktitle = NIPS2015,
	pages = {2305--2313},
	title = {Variance Reduced Stochastic Gradient Descent with Neighbors},
	year = {2015}}

@article{I06,
	author = {Piotr Indyk},
	journal = JACM,
	number = {3},
	pages = {307--323},
	title = {Stable distributions, pseudorandom generators, embeddings, and data stream computation},
	volume = {53},
	year = {2006}}

@article{I01,
	author = {Piotr Indyk},
	journal = JCSS,
	number = {4},
	pages = {627--638},
	title = {On Approximate Nearest Neighbors under $\ell_{\infty}$ Norm},
	volume = {63},
	year = {2001}}

@phdthesis{I01a,
	author = {Piotr Indyk},
	school = {Stanford University},
	title = {High-Dimensional Computational Geometry},
	year = {2001}}

@inproceedings{IM98,
	author = {Piotr Indyk and Rajeev Motwani},
	booktitle = STOC1998,
	pages = {604--613},
	title = {Approximate Nearest Neighbors: Towards Removing the Curse of Dimensionality},
	year = {1998}}

@article{IN07,
	author = {Piotr Indyk and Assaf Naor},
	journal = TALG,
	number = {3},
	title = {Nearest-neighbor-preserving embeddings},
	volume = {3},
	year = {2007}}

@inproceedings{IR13,
	author = {Piotr Indyk and Ilya Razenshteyn},
	booktitle = ICALP2013,
	note = {Available as arXiv:1304.3604},
	pages = {564--575},
	title = {On Model-Based {RIP-1} Matrices},
	year = {2013}}

@article{JKKR04,
	author = {T. S. Jayram and Subhash Khot and Ravi Kumar and Yuval Rabani},
	journal = JCSS,
	number = {3},
	pages = {435--447},
	title = {Cell-probe lower bounds for the partial match problem},
	volume = {69},
	year = {2004}}

@incollection{JL84,
	author = {William Johnson and Joram Lindenstrauss},
	booktitle = {Conference in modern analysis and probability ({N}ew {H}aven, {C}onn., 1982)},
	pages = {189--206},
	series = {Contemporary Mathematics},
	title = {Extensions of {L}ipschitz mappings into a {H}ilbert space},
	volume = {26},
	year = {1984}}

@inproceedings{K15,
	author = {Michael Kapralov},
	booktitle = PODS2015,
	pages = {329--342},
	title = {Smooth Tradeoffs between Insert and Query Complexity in Nearest Neighbor Search},
	year = {2015}}

@inproceedings{KP12,
	author = {Michael Kapralov and Rina Panigrahy},
	booktitle = ICALP2012,
	pages = {545--556},
	title = {{NNS} Lower Bounds via Metric Expansion for $\ell_\infty$ and {EMD}},
	year = {2012}}

@inproceedings{KR02,
	author = {David R. Karger and Matthias Ruhl},
	booktitle = STOC2002,
	pages = {741--750},
	title = {Finding nearest neighbors in growth-restricted metrics},
	year = {2002}}

@inproceedings{KKK16,
	author = {Matti Karppa and Petteri Kaski and Jukka Kohonen},
	booktitle = SODA2016,
	pages = {1288--1305},
	title = {A Faster Subquadratic Algorithm for Finding Outlier Correlations},
	year = {2016}}

@article{KKKO16,
	author = {Karppa, Matti and Kaski, Petteri and Kohonen, Jukka and {{\'O} Cath{\'a}in}, Padraig},
	journal = ALGORITHMICA,
	number = {11},
	pages = {3306--3337},
	title = {Explicit correlation amplifiers for finding outlier correlations in deterministic subquadratic time},
	volume = {82},
	year = {2020}}

@article{KU11,
	author = {Kiran Kedlaya and Christopher Umans},
	journal = SICOMP,
	number = {6},
	pages = {1767--1802},
	title = {Fast Polynomial Factorization and Modular Composition},
	volume = {40},
	year = {2011}}

@unpublished{KW16,
	author = {Christopher Kennedy and Rachel Ward},
	note = {Available as arXiv:1602.06922},
	title = {Fast Cross-Polytope Locality-Sensitive Hashing},
	year = {2016}}

@inproceedings{KL04,
	author = {Robert Krauthgamer and James R. Lee},
	booktitle = SODA2004,
	pages = {798--807},
	title = {Navigating nets: simple algorithms for proximity search},
	year = {2004}}

@article{KOR00,
	author = {Eyal Kushilevitz and Rafail Ostrovsky and Yuval Rabani},
	journal = SICOMP,
	number = {2},
	pages = {457--474},
	title = {Efficient Search for Approximate Nearest Neighbor in High Dimensional Spaces},
	volume = {30},
	year = {2000}}

@inproceedings{L15,
	author = {Thijs Laarhoven},
	booktitle = CRYPTO2015,
	pages = {3--22},
	title = {Sieving for Shortest Vectors in Lattices Using Angular Locality-Sensitive Hashing},
	year = {2015}}

@unpublished{L15a,
	author = {Thijs Laarhoven},
	note = {Available as arXiv:1511.07527},
	title = {Tradeoffs for nearest neighbors on the sphere},
	year = {2015}}

@phdthesis{L15b,
	author = {Thijs Laarhoven},
	school = {Eindhoven University of Technology},
	title = {Search problems in cryptography: From fingerprinting to lattice sieving},
	year = {2015}}

@book{LRU14,
	author = {Jure Lescovec and Anand Rajaraman and Jeffrey David Ullman},
	edition = {second},
	publisher = {Cambridge University Press},
	title = {Mining of Massive Datasets},
	year = {2014}}

@article{LLR95,
	author = {Nathan Linial and Eran London and Yuri Rabinovich},
	journal = COMBINATORICA,
	number = {2},
	pages = {215--245},
	title = {The geometry of graphs and some of its algorithmic applications},
	volume = {15},
	year = {1995}}

@article{L04,
	author = {Ding Liu},
	journal = IPL,
	number = {1},
	pages = {23--29},
	title = {A strong lower bound for approximate nearest neighbor searching},
	volume = {92},
	year = {2004}}

@inproceedings{LPY16,
	author = {Mingmou Liu and Xiaoyin Pan and Yitong Yin},
	booktitle = SPAA2016,
	pages = {23--33},
	title = {Randomized Approximate Nearest Neighbor Search with Limited Adaptivity},
	year = {2016}}

@inproceedings{LJWCL07,
	author = {Qin Lv and William Josephson and Zhe Wang and Moses Charikar and Kai Li},
	booktitle = VLDB2007,
	pages = {950--961},
	title = {Multi-Probe {LSH}: Efficient Indexing for High-Dimensional Similarity Search},
	year = {2007}}

@inproceedings{MO15,
	author = {Alexander May and Ilya Ozerov},
	booktitle = EUROCRYPT2015,
	pages = {203--228},
	title = {On Computing Nearest Neighbors with Applications to Decoding of Binary Linear Codes},
	year = {2015}}

@article{M01,
	author = {James McNames},
	journal = TPAMI,
	number = {9},
	pages = {964--976},
	title = {A fast nearest-neighbor algorithm based on a principal axis search tree},
	volume = {23},
	year = {2001}}

@article{M93,
	author = {Stefan Meiser},
	journal = INFCOMP,
	number = {2},
	pages = {286--303},
	title = {Point Location in Arrangements of Hyperplanes},
	volume = {106},
	year = {1993}}

@inproceedings{M99,
	author = {Peter Bro Miltersen},
	booktitle = {Advances in Data Structures},
	title = {Cell probe complexity -- a survey},
	year = {1999}}

@inproceedings{MNSW95,
	author = {Peter Bro Miltersen and Noam Nisan and Shmuel Safra and Avi Wigderson},
	booktitle = STOC1995,
	pages = {103--111},
	title = {On data structures and asymmetric communication complexity},
	year = {1995}}

@article{MNP07,
	author = {Rajeev Motwani and Assaf Naor and Rina Panigrahy},
	journal = SIDM,
	number = {4},
	pages = {930--935},
	title = {Lower Bounds on Locality Sensitive Hashing},
	volume = {21},
	year = {2007}}

@inproceedings{ML09,
	author = {Marius Muja and David G. Lowe},
	booktitle = VISAPP2009,
	pages = {331--340},
	title = {Fast Approximate Nearest Neighbors with Automatic Algorithm Configuration},
	year = {2009}}

@article{OWZ14,
	author = {Ryan O'Donnell and Yi Wu and Yuan Zhou},
	journal = TOCT,
	number = {1},
	pages = {5},
	title = {Optimal Lower Bounds for Locality-Sensitive Hashing (Except When $q$ is Tiny)},
	volume = {6},
	year = {2014}}

@article{OL81,
	author = {Mark H. Overmars and Jan van Leeuwen},
	journal = IPL,
	number = {1},
	pages = {49--53},
	title = {Some principles for dynamizing decomposable searching problems},
	volume = {12},
	year = {1981}}

@inproceedings{P16,
	author = {Rasmus Pagh},
	booktitle = SODA2016,
	pages = {1--9},
	title = {Locality-sensitive Hashing without False Negatives},
	year = {2016}}

@inproceedings{P06,
	author = {Rina Panigrahy},
	booktitle = SODA2006,
	pages = {1186--1195},
	title = {Entropy based nearest neighbor search in high dimensions},
	year = {2006}}

@inproceedings{PTW10,
	author = {Rina Panigrahy and Kunal Talwar and Udi Wieder},
	booktitle = FOCS2010,
	pages = {805--814},
	title = {Lower Bounds on Near Neighbor Search via Metric Expansion},
	year = {2010}}

@inproceedings{PTW08,
	author = {Rina Panigrahy and Kunal Talwar and Udi Wieder},
	booktitle = FOCS2008,
	pages = {414--423},
	title = {A Geometric Approach to Lower Bounds for Approximate Near-Neighbor Search and Partial Match},
	year = {2008}}

@article{P11,
	author = {Mihai Patrascu},
	journal = SICOMP,
	number = {3},
	pages = {827--847},
	title = {Unifying the Landscape of Cell-Probe Lower Bounds},
	volume = {40},
	year = {2011}}

@article{PT09,
	author = {Mihai Patrascu and Mikkel Thorup},
	journal = SICOMP,
	number = {2},
	pages = {730--741},
	title = {Higher Lower Bounds for Near-Neighbor and Further Rich Problems},
	volume = {39},
	year = {2009}}

@misc{RS15,
	author = {Ilya Razenshteyn and Ludwig Schmidt},
	howpublished = {Available as \texttt{https://falconn-lib.org/}},
	title = {{FALCONN}: Similarity Search over High-Dimensional Data},
	year = {2015}}

@misc{RS15a,
	author = {Ilya Razenshteyn and Ludwig Schmidt},
	howpublished = {Available as \texttt{https://github.com/FALCONN-LIB/FFHT}},
	title = {{FFHT}: a {C}99 implementation of the {F}ast {H}adamard {T}ransform},
	year = {2015}}

@inproceedings{RSW16,
	author = {Ilya Razenshteyn and Zhao Song and David P. Woodruff},
	booktitle = STOC2016,
	pages = {250--263},
	title = {Weighted low rank approximations with provable guarantees},
	year = {2016}}

@article{RTG00,
	author = {Yossi Rubner and Carlo Tomasi and Leonidas J. Guibas},
	journal = IJCV,
	number = {2},
	pages = {99--121},
	title = {The {E}arth {M}over's {D}istance as a Metric for Image Retrieval},
	volume = {40},
	year = {2000}}

@article{SH09,
	author = {Ruslan Salakhutdinov and Geoffrey Hinton},
	journal = IJAR,
	number = {7},
	pages = {969--978},
	title = {Semantic Hashing},
	volume = {50},
	year = {2009}}

@book{SDI06,
	author = {Gregory Shakhnarovich and Trevor Darrell and Piotr Indyk},
	publisher = {MIT Press},
	title = {Nearest-Neighbor Methods in Learning and Vision: Theory and Practice},
	year = {2006}}

@inproceedings{SH08,
	author = {Chanop Silpa{-}Anan and Richard Hartley},
	booktitle = CVPR2008,
	pages = {1--8},
	title = {Optimised {KD}-trees for fast image descriptor matching},
	year = {2008}}

@unpublished{SS16,
	author = {Ryan Spring and Anshumali Shrivastava},
	note = {Available as arXiv:1602.08194},
	title = {Scalable and Sustainable Deep Learning via Randomized Hashing},
	year = {2016}}

@article{S91,
	author = {Robert F. Sproull},
	journal = ALGORITHMICA,
	number = {1--6},
	pages = {579--589},
	title = {Refinements to nearest-neighbor searching in $k$-dimensional trees},
	volume = {6},
	year = {1991}}

@inproceedings{SJ03,
	author = {Nathan Srebro and Tommi Jaakkola},
	booktitle = ICML2003,
	owner = {ilyaraz},
	pages = {720--727},
	timestamp = {2016.10.13},
	title = {Weighted Low-Rank Approximations},
	year = {2003}}

@inproceedings{TT07,
	author = {Kengo Terasawa and Yuzuru Tanaka},
	booktitle = WADS2007,
	pages = {27--38},
	title = {Spherical {LSH} for Approximate Nearest Neighbor Search on Unit Hypersphere},
	year = {2007}}

@article{V15,
	author = {Gregory Valiant},
	journal = JACM,
	number = {2},
	pages = {13:1--13:45},
	title = {Finding Correlations in Subquadratic Time, with Applications to Learning Parities and the Closest Pair Problem},
	volume = {62},
	year = {2015}}

@inproceedings{VKS09,
	author = {Nakul Verma and Samory Kpotufe and Sanjoy},
	booktitle = UAI2009,
	title = {Which Spatial Partition Trees are Adaptive to Intrinsic Dimension?},
	year = {2009}}

@inproceedings{WKC10,
	author = {Jun Wang and Sanjiv Kumar and Shih{-}Fu Chang},
	booktitle = ICML2010,
	pages = {1127--1134},
	title = {Sequential Projection Learning for Hashing with Compact Codes},
	year = {2010}}

@unpublished{WLKC15,
	author = {Jun Wang and Wei Liu and Sanjiv Kumar and Shih-Fu Chang},
	note = {Available as arXiv:1509.05472},
	title = {Learning to Hash for Indexing Big Data - A Survey},
	year = {2015}}

@unpublished{WSSJ14,
	author = {Jingdong Wang and Heng Tao Shen and Kingkuan Song and Jianqiu Ji},
	note = {Available as arXiv:1408.2927},
	title = {Hashing for Similarity Search: a Survey},
	year = {2014}}

@inproceedings{WDLSA09,
	author = {Kilian Weinberger and Anirban Dasgupta and John Langford and Alex Smola and Josh Attenberg},
	booktitle = ICML2009,
	pages = {1113--1120},
	title = {Feature Hashing for Large Scale Multitask Learning},
	year = {2009}}

@inproceedings{WTF08,
	author = {Yair Weiss and Antonio Torralba and Rob Fergus},
	booktitle = NIPS2008,
	pages = {1753--1760},
	title = {Spectral Hashing},
	year = {2008}}

@inproceedings{W15,
	author = {{Virginia Vassilevska} Williams},
	booktitle = IPEC2015,
	pages = {17--29},
	title = {Hardness of Easy Problems: Basing Hardness on Popular Conjectures such as the Strong Exponential Time Hypothesis (Invited Talk)},
	year = {2015}}

@inproceedings{YSRL11,
	author = {Jay Yagnik and Dennis Strelow and David Ross and Ruei-Sung Lin},
	booktitle = ICCV2011,
	title = {The Power of Comparative Reasoning},
	year = {2011}}

@book{Y12,
	author = {Sergey Yekhanin},
	number = {3},
	publisher = {Now Publishers},
	series = {Foundations and Trends in Theoretical Computer Science},
	title = {Locally Decodable Codes},
	volume = {6},
	year = {2012}}

@unpublished{Y16,
	author = {Yitong Yin},
	note = {Available as arXiv:1602.05391},
	title = {Simple average-case lower bounds for approximate near-neighbor from isoperimetric inequalities},
	year = {2016}}

@misc{T,
	howpublished = {Available as \texttt{https://twitter.com/}},
	title = {Twitter}}

@inproceedings{IP11,
	author = {Piotr Indyk and Eric Price},
	booktitle = STOC2011,
	pages = {627--636},
	title = {K-median clustering, model-based compressive sensing, and sparse recovery for earth mover distance},
	year = {2011}}

@inproceedings{DIPW10,
	author = {Khanh {Do Ba} and Piotr Indyk and Eric Price and David P. Woodruff},
	booktitle = SODA2010,
	pages = {1190--1197},
	title = {Lower Bounds for Sparse Recovery},
	year = {2010}}

@article{CRT06,
	author = {Emmanuel J. Candes and Justin K. Romberg and Terence Tao},
	journal = TIT,
	number = {2},
	pages = {489--509},
	title = {Robust uncertainty principles: exact signal reconstruction from highly incomplete frequency information},
	volume = {52},
	year = {2006}}

@inproceedings{AIK09,
	author = {Alexandr Andoni and Piotr Indyk and Robert Krauthgamer},
	booktitle = SODA2009,
	pages = {865--874},
	title = {Overcoming the $\ell_1$ Non-Embeddability Barrier: Algorithms for Product Metrics},
	year = {2009}}

@book{MOA11,
	author = {Albert W. Marshall and Ingram Olkin and Barry C. Arnold},
	publisher = {Academic press},
	title = {Inequalities: theory of majorization and its applications},
	year = {2011}}

@inproceedings{I02,
	author = {Piotr Indyk},
	booktitle = SOCG2002,
	pages = {102-106},
	title = {Approximate nearest neighbor algorithms for Fr{\'e}chet distance via product metrics},
	year = {2002}}

@book{B97a,
	author = {Keith Ball},
	publisher = {Cambridge University Press},
	series = {MSRI Publications},
	title = {An Elementary Introduction to Modern Convex Geometry},
	volume = {31},
	year = {1997}}

@inproceedings{I04,
	author = {Piotr Indyk},
	booktitle = SODA2004,
	pages = {646--650},
	title = {Approximate Nearest Neighbor under edit distance via product metrics},
	year = {2004}}

@inproceedings{BO10,
	author = {Vladimir Braverman and Rafail Ostrovsky},
	booktitle = STOC2010,
	pages = {281--290},
	title = {Zero-one frequency laws},
	year = {2010}}

@inproceedings{AFS12,
	author = {Andreas Argyriou and Rina Foygel and Nathan Srebro},
	booktitle = NIPS2012,
	pages = {944--952},
	title = {Sparse Prediction with the $k$-Support Norm},
	year = {2012}}

@inproceedings{MPS14,
	author = {Andrew M. McDonald and Massimiliano Pontil and Dimitris Stamos},
	booktitle = NIPS2014,
	pages = {3644--3652},
	title = {Spectral $k$-Support Norm Regularization},
	year = {2014}}

@article{DM93,
	author = {S. J. Dilworth and S. J. Montgomery-Smith},
	journal = AOP,
	number = {4},
	pages = {2046--2052},
	title = {The distribution of vector-valued {Rademacher} series},
	volume = {21},
	year = {1993}}

@article{KW16a,
	author = {Felix Krahmer and Rachel Ward},
	journal = {RIM},
	number = {1},
	pages = {209--231},
	title = {A Unified Framework for Linear Dimensionality Reduction in {L1}},
	volume = {70},
	year = {2016}}

@article{KNR99,
	author = {Ilan Kremer and Noam Nisan and Dana Ron},
	journal = JCC,
	pages = {21--49},
	title = {On randomized one-round communication complexity},
	year = {1999}}

@book{W91,
	author = {Przemys\l{}aw Wojtaszczyk},
	publisher = {Cambridge University Press},
	title = {Banach Spaces for Analysts},
	year = {1991}}

@book{DBLP:books/crc/hbd2016,
	bibsource = {dblp computer science bibliography, http://dblp.org},
	biburl = {http://dblp.uni-trier.de/rec/bib/books/crc/hbd2016},
	editor = {Peter B{\"{u}}hlmann and Petros Drineas and Michael Kane and Mark J. van der Laan},
	isbn = {978-1-4822-4907-1},
	publisher = {Chapman and Hall/CRC},
	timestamp = {Fri, 20 May 2016 11:19:40 +0200},
	title = {Handbook of Big Data},
	url = {http://www.crcnetbase.com/isbn/978-1-4822-4908-8},
	year = {2016},
	bdsk-url-1 = {http://www.crcnetbase.com/isbn/978-1-4822-4908-8}}

@article{Cl3,
	author = {Ken Clarkson},
	journal = {Discrete Comput. Geom.},
	note = {Previously in SoCG97},
	number = 1,
	pages = {63--93},
	title = {Nearest Neighbor Queries in Metric Spaces},
	volume = 22,
	year = 1999}

@inproceedings{GKL03,
	author = {Gupta, Anupam and Krauthgamer, Robert and Lee, James R.},
	booktitle = FOCS2003,
	pages = {534--543},
	title = {Bounded Geometries, Fractals, and Low-Distortion Embeddings},
	year = {2003}}

@book{BS88,
	author = {Colin Bennett and Robert Sharpley},
	publisher = {Academic Press},
	series = {Pure and Applied Mathematics},
	title = {Interpolation of Operators},
	volume = {129},
	year = {1988}}

@article{AMNSW99,
	author = {Sunil Arya and David M. Mount and Nathan S. Netanyahu and Ruth Silverman and Angela Y. Wu},
	journal = JACM,
	number = {6},
	pages = {891--923},
	title = {An Optimal Algorithm for Approximate Nearest Neighbor Searching in Fixed Dimensions},
	volume = {45},
	year = {1999}}

@inproceedings{CW15,
	author = {Kenneth L. Clarkson and David P. Woodruff},
	booktitle = SODA2015,
	pages = {921--939},
	title = {Sketching for $M$-Estimators: A Unified Approach to Robust Regression},
	year = {2015}}

@article{NS07,
	author = {Assaf Naor and Gideon Schechtman},
	journal = sicomp,
	note = {An extended abstract appeared in FOCS'06.},
	number = 3,
	pages = {804--826},
	title = {Planar Earthmover is not in {$L_1$}},
	volume = 37,
	year = 2007}

@unpublished{NR06,
	author = {Assaf Naor and Yuval Rabani},
	note = {Manuscript},
	title = {On approximate nearest neighbor search in $\ell_p$, $p > 2$},
	year = {2006}}

@article{Mat96,
	author = {Ji\v{r}\'{i} Matou\v{s}ek},
	journal = {Israel Journal of Mathematics},
	pages = {333--344},
	title = {On the distortion required for embedding finite metric spaces into normed spaces},
	volume = {93},
	year = 1996}

@article{BCELR16,
	author = {Eric Blais and Cl{\'e}ment L. Canonne and Talya Eden and Amit Levi and Dana Ron},
	journal = ARXIV # {1607.03938},
	title = {Tolerant junta testing and the connection to submodular optimization and function isomorphism},
	year = {2016}}

@inproceedings{STW15,
	author = {Rocco A Servedio and Li-Yang Tan and John Wright},
	booktitle = CCC2015,
	pages = {264--279},
	title = {Adaptivity helps for testing juntas},
	year = {2015}}

 

@inproceedings{B09,
	author = {Eric Blais},
	booktitle = STOC2009,
	pages = {151--158},
	title = {Testing juntas nearly optimally},
	year = {2009}}

@incollection{B08,
	author = {Eric Blais},
	booktitle = APPROXRANDOM2008,
	pages = {317--330},
	publisher = {Springer},
	title = {Improved bounds for testing juntas},
	year = {2008}}

@article{CG04,
	author = {Hana Chockler and Dan Gutfreund},
	journal = {Information Processing Letters},
	pages = {301--305},
	title = {A lower bound for testing juntas},
	year = {2004}}

@inproceedings{DKT15,
	author = {Constantinos Daskalakis and Gautam Kamath and Christos Tzamos},
	booktitle = FOCS2015,
	organization = {IEEE},
	pages = {1203--1217},
	title = {On the Structure, CovCover, and Learning of Poisson Multinomial Distributions},
	year = {2015}}

@article{CS16b,
	author = {Deeparnab Chakrabarty and C. Seshadhri},
	journal = ARXIV # {1608.06980},
	title = {A {$\widetilde{O}(n)$} non-adaptive tester for unateness},
	url = {http://arxiv.org/abs/1608.06980},
	year = {2016},
	bdsk-url-1 = {http://arxiv.org/abs/1608.06980}}

@inproceedings{PM11,
	author = {Jia Pan and Dinesh Manocha},
	booktitle = SIGSPATIAL,
	organization = {ACM},
	pages = {211--220},
	title = {Fast GPU-based locality sensitive hashing for k-nearest neighbor computation},
	year = {2011}}

@article{GB16,
	author = {Arnab Bhattacharyya and Sivakanth Gopi},
	journal = ECCC # { TR16-189},
	title = {Lower bounds for 2-query LCCs over large alphabet},
	year = {2016}}

@article{N17,
	author = {Assaf Naor},
	journal = SOCG2017,
	title = {A spectral gap precludes low-dimensional embeddings},
	year = {2017}}

@article{AJ06,
	author = {Adell, Jos{\'e} A and Jodr{\'a}, Pedro},
	journal = {Journal of Inequalities and Applications},
	number = {1},
	pages = {1--8},
	title = {Exact Kolmogorov and total variation distances between some familiar discrete distributions},
	volume = {2006},
	year = {2006}}

@inproceedings{BB16,
	author = {Aleksandrs Belovs and Eric Blais},
	booktitle = STOC2016,
	pages = {1021-1032},
	title = {A polynomial lower bound for testing monotonicity},
	year = {2016}}

@article{AEPS16,
	author = {Georgia Avarikioti and Ioannis Z. Emiris and Ioannis Psarros and Georgios Samaras},
	journal = ARXIV # {1612.07405},
	title = {Practical linear-space approximate near neighbor in high dimension},
	year = {2016}}

@article{KW04,
	author = {Iordanis Kerenidis and Ronald de Wolf},
	journal = {Journal of Computer and System Sciences},
	number = {3},
	pages = {395--420},
	title = {Exponential lower bound for 2-query locally decodable codes via a quantum argument},
	volume = {69},
	year = {2004}}

@inproceedings{C17,
	author = {Tobias Christiani},
	booktitle = SODA2017,
	title = {A framework for similarity search with space-time tradeoffs using locality-sensitive filtering},
	year = {2017}}

@article{L93,
	author = {Philippe Laroche},
	journal = {Comptes rendus de l'academie des sciences serie I-Mathematique},
	number = {4},
	pages = {389--392},
	title = {Planar 1-in-3 Satisfiability is NP-complete},
	volume = {316},
	year = {1993}}

@inproceedings{N17b,
	author = {Assaf Naor},
	booktitle = SODA2017,
	pages = {690-709},
	title = {Probabilistic clustering of high dimensional norms},
	year = {2017}}

@inproceedings{WWSL16,
	author = {Patrick Wieschollek and Oliver Wang and Alexander Sorkine-Hornung and Hendrik P.A. Lensch},
	booktitle = CVPR2016,
	title = {Efficient Large-scale Approximate Nearest Neighbor Search on the GPU},
	year = {2016}}

@inproceedings{T14,
	author = {Avishay Tal},
	booktitle = FOCS2014,
	pages = {551--560},
	title = {Shrinkage of de Morgan Formulae by Spectral Techniques},
	year = {2014}}

@article{ABS15,
	author = {Sanjeev Arora and Boaz Barak and David Steurer},
	journal = {JACM},
	number = {5},
	pages = {42},
	title = {Subexponential algorithms for unique games and related problems},
	volume = {62},
	year = {2015}}

@inproceedings{GKK08,
	author = {Parikshit Gopalan and Adam Tauman Kalai and Adam R. Klivans},
	booktitle = STOC2008,
	pages = {527--536},
	title = {Agnostically learning decision trees},
	year = {2008}}

@article{AM08,
	author = {Jan Arpe and Elchanan Mossel},
	journal = ARXIV # {0806.4210},
	title = {Agnostically learning juntas from random walks},
	year = {2008}}

@article{NS94,
	author = {Noam Nisan and Mario Szegedy},
	journal = CC,
	month = dec,
	number = {4},
	pages = {301--313},
	title = {On the degree of boolean functions as real polynomials},
	volume = {4},
	year = {1994}}

@inproceedings{GSTW16,
	author = {Parikshit Gopalan and Rocco A. Servedio and Avishay Tal and Avi Wigderson},
	booktitle = CCC2016,
	title = {Degree and sensitivity: tails of two distributions},
	year = {2016}}

@article{LTZ16,
	author = {Shachar Lovett and Avishay Tal and Jiapeng Zhang},
	journal = ECCC # { TR16-161},
	title = {Robust Sensitivity},
	year = {2016}}

@inproceedings{ANNRW17,
	author = {Alexandr Andoni and Huy L. Nguyen and Aleksandar Nikolov and Ilya Razenshteyn and Erik Waingarten},
	booktitle = STOC2017,
	title = {Approximate near neighbor for general symmetric norms},
	year = {2017}}

@inproceedings{CWX17,
	author = {Xi Chen and Erik Waingarten and Jinyu Xie},
	booktitle = STOC2017,
	pages = {523--536},
	title = {Beyond {Talagrand} functions: new lower bounds for testing monotonicity and unateness},
	year = {2017}}

@inproceedings{DGLRRS99,
	author = {Yevgeniy Dodis and Oded Goldreich and Eric Lehman and Sofya Raskhodnikova and Dana Ron and Alex Samorodnitsky},
	booktitle = APPROXRANDOM1999,
	title = {Improved testing algorithms for monotonocity},
	year = {1999}}

@article{GGLRS00,
	author = {Oded Goldreich and Shafi Goldwasser and Eric Lehman and Dana Ron and Alex Samordinsky},
	journal = {Combinatorica},
	number = {3},
	pages = {301--337},
	title = {Testing Monotonicity},
	volume = {20},
	year = {2000}}

@inproceedings{FLNRRS02,
	author = {Eldar Fischer and Eric Lehman and Ilan Newman and Sofya Raskhodnikova and Ronitt Rubinfeld and Alex Samorodnitsky},
	booktitle = STOC2002,
	pages = {474--483},
	title = {Monotonicity testing over general poset domains},
	year = {2002}}

@article{F04,
	author = {Eldar Fischer},
	journal = {Information and Computation},
	number = {1},
	pages = {107--116},
	title = {On the strength of comparisons in property testing},
	volume = {189},
	year = {2004}}

@inproceedings{BKR04,
	author = {Tugkan Batu and Ravi Kumar and Ronitt Rubinfeld},
	booktitle = STOC2004,
	pages = {381--390},
	title = {Sublinear algorithms for testing monotone and unimodal distributions},
	year = {2004}}

@article{ACCL07,
	author = {Nir Ailon and Bernard Chazelle and Seshadhri Comandur and Ding Liu},
	journal = {Random Structures and Algorithms},
	number = {3},
	pages = {371--383},
	title = {Estimating the distance to a monotone function},
	volume = {31},
	year = {2007}}

@article{HK08,
	author = {Shirley Halevy and Eyal Kushilevitz},
	journal = {Random Structures and Algorithms},
	number = {1},
	pages = {44--67},
	title = {Testing monotonicity over graph products},
	volume = {33},
	year = {2008}}

@article{RS09,
	author = {Ronitt Rubinfeld and Rocco A. Servedio},
	journal = {Random Structures and Algorithms},
	number = {1},
	pages = {24--44},
	title = {Testing monotone high-dimensional distributions},
	volume = {34},
	year = {2009}}

@article{BBM12,
	author = {Eric Blais and Joshua Brody and Kevin Matulef},
	journal = CC,
	number = {2},
	pages = {311--358},
	title = {Property testing lower bounds via communication complexity},
	volume = {21},
	year = {2012}}

@article{BCGM12,
	author = {Jop Bri{\"e}t and Sourav Chakraborty and David Garc\'{\i}a-Soriano and Arie Matsliah},
	journal = {Combinatorica},
	number = {1},
	pages = {35--53},
	title = {Monotonicity testing and shortest-path routing on the cube},
	volume = {32},
	year = {2012}}

@article{RRSW12,
	author = {Dana Ron and Ronitt Rubinfeld and Muli Safra and Alex Samorodnitsky and Omri Weinstein},
	journal = TOCT,
	number = {4},
	pages = {1--12},
	title = {Approximating the influence of monotone boolean functions in ${O}(\sqrt{n})$ query complexity},
	volume = {4},
	year = {2012}}

@article{CS16,
	author = {Deeparnab Chakrabarty and Seshadhri Comandur},
	journal = SICOMP,
	number = {2},
	pages = {461--472},
	title = {An o(n) monotonicity tester for boolean functions over the hypercube},
	volume = {45},
	year = {2016}}

@inproceedings{BRY14a,
	author = {Eric Blais and Sofya Raskhodnikova and Grigory Yaroslavtsev},
	booktitle = CCC2014,
	pages = {309--320},
	title = {Lower bounds for testing properties of functions over hypergrid domains},
	year = {2014}}

@inproceedings{CDST15,
	author = {Xi Chen and Anindya De and Rocco A. Servedio and Li-Yang Tan},
	booktitle = STOC2015,
	pages = {519--528},
	title = {Boolean function monotonicity testing requires (almost) {$n^{1/2}$} non-adaptive queries},
	year = {2015}}

@inproceedings{BBCKY17,
	author = {Jaroslaw Blasiok and Vladimir Braverman and Stephen R. Chestnut and Robert Krauthgamerand Lin F. Yang},
	booktitle = STOC2017,
	title = {Streaming symmetric norms via measure concentration},
	year = {2017}}

@inproceedings{CST14,
	author = {Xi Chen and Rocco A. Servedio and Li-Yang Tan},
	booktitle = FOCS2014,
	pages = {285--295},
	title = {New algorithms and lower bounds for monotonicity testing},
	year = {2014}}

@article{BMPR16,
	author = {Roksana Baleshzar and Meiram Murzabulatov and Ramesh Krishnan S. Pallavoor and Sofya Raskhodnikova},
	journal = ARXIV # {1608.07652},
	title = {Testing unateness of real-valued functions},
	year = {2016}}

@inproceedings{KS16,
	author = {Subhash Khot and Igor Shinkar},
	booktitle = APPROXRANDOM2016,
	pages = {37:1--37:7},
	title = {An {$\widetilde{O}(n)$} queries adaptive tester for unateness},
	year = {2016}}

@article{AC06,
	author = {Nir Ailon and Bernard Chazelle},
	journal = {Information and Computation},
	pages = {1704--1717},
	title = {Information theory in property testing and monotonicity testing in higher dimension},
	volume = {204},
	year = {2006}}

@article{BB15,
	author = {Eric Blais and Aleksandrs Belovs},
	journal = TOC,
	number = {16},
	pages = {403--412},
	title = {Quantum algorithm for monotonicity testing on the hypercube},
	volume = {11},
	year = {2015}}

@inproceedings{BRY14b,
	author = {Piotr Berman and Sofya Raskhodnikova and Grigory Yaroslavtsev},
	booktitle = STOC2014,
	title = {{$L_p$}-testing},
	year = {2014}}

@inbook{C14,
	author = {Deeparnab Chakrabarty},
	booktitle = {Encyclopedia of Algorithms},
	editor = {Ming-Yang Kao},
	pages = {1--5},
	publisher = {Springer Berlin Heidelberg},
	title = {Monotonicity Testing},
	year = {2014}}

@article{CDJS17,
	author = {Deeparnab Chakrabarty and Kashyap Dixit and Madhav Jha and C. Seshadhri},
	journal = TALG,
	number = {2},
	pages = {20:1--20:30},
	title = {Property testing on product distributions: optimal testers for bounded derivative properties},
	volume = {13},
	year = {2017}}

@inproceedings{CS13,
	author = {Deeparnab Chakrabarty and C. Seshadhri},
	booktitle = STOC2013,
	pages = {419--428},
	title = {Optimal bounds for monotonicity and lipschitz testing over hypercubes and hypergrids},
	year = {2013}}

@article{CS14b,
	author = {Deeparnab Chakrabarty and C. Seshadhri},
	journal = TOC,
	number = {17},
	pages = {453--464},
	title = {An optimal lower bound for monotonicity testing over hypergrids},
	volume = {10},
	year = {2014}}

@article{GGR98,
	author = {Oded Goldreich and Shafi Goldwasser and Dana Ron},
	journal = JACM,
	number = {4},
	pages = {653--750},
	title = {Property testing and its connection to learning and approximation},
	volume = {45},
	year = {1998}}

@article{JR13,
	author = {Madhav Jha and Sofya Raskhodnikova},
	journal = SICOMP,
	number = {2},
	pages = {700--731},
	title = {Testing and reconstruction of Lipschitz functions with applications to data privacy},
	volume = {42},
	year = {2013}}

@article{EKKRV00,
	author = {Funda Erg\"un and Sampath Kannan and S. Ravi Kumar and Ronitt Rubinfeld and Mahesh Vishwanthan},
	journal = {Journal of Computer and System Sciences},
	number = {3},
	pages = {717--751},
	title = {Spot-checkers},
	volume = {60},
	year = {2000}}

@inproceedings{CGGKW17,
	author = {Cl\'{e}ment L. Canonne and Elena Grigorescu and Siyao Guo and Akash Kumar and Karl Wimmer},
	booktitle = ITCS2017,
	title = {Testing $k$-monotonicity},
	year = {2017}}

@inproceedings{CSTWX17,
	author = {Xi Chen and Rocco A. Servedio and Li-Yang Tan and Erik Waingarten and Jinyu Xie},
	booktitle = CCC2017,
	title = {Settling the query complexity of non-adaptive junta testing},
	year = {2017}}

@article{CG17,
	author = {Cl\'{e}ment L. Canonne and Tom Gur},
	journal = ARXIV # {1702.05678},
	title = {An adaptivity hierarchy theorem for property testing},
	year = {2017}}

@article{R08,
	author = {Dana Ron},
	journal = FTML,
	number = {3},
	pages = {307--402},
	publisher = {Now Publishers, Inc.},
	title = {Property testing: A learning theory perspective},
	volume = {1},
	year = {2008}}

@article{R10,
	author = {Dana Ron},
	journal = FTTCS,
	number = {2},
	pages = {73--205},
	publisher = {Now Publishers, Inc.},
	title = {Algorithmic and analysis techniques in property testing},
	volume = {5},
	year = {2010}}

@article{T96,
	author = {Michel Talagrand},
	journal = COMBINATORICA,
	number = {2},
	pages = {243--258},
	publisher = {Springer},
	title = {How much are increasing sets positively correlated?},
	volume = {16},
	year = {1996}}

@article{MO03,
	author = {Elchanan Mossel and Ryan O'Donnell},
	journal = {Random Structures and Algorithms},
	number = {3},
	pages = {33-50},
	publisher = {Wiley Online Library},
	title = {On the noise sensitivity of monotone functions},
	volume = {23},
	year = {2003}}

@book{G10,
	editor = {Oded Goldreich},
	publisher = {Springer-Verlag Berlin Heidelberg},
	title = {Property Testing: Current Research and Surveys},
	volume = {6390},
	year = {2010}}

@inproceedings{GGLR98,
	author = {Oded Goldreich and Shafi Goldwasser and Eric Lehman and Dana Ron},
	booktitle = FOCS1998,
	pages = {426--435},
	title = {Testing Monotonicity},
	year = {1998}}

@article{GG10,
	author = {Anna Gal and Parikshit Gopalan},
	journal = {SICOMP},
	number = {8},
	pages = {3463--3479},
	title = {Lower bounds on streaming algorithms for approximating the length of the longest increasing subsequence},
	volume = {39},
	year = {2010}}

@techreport{M13,
	author = {Ji\v{r}{\'\i} Matou\v{s}ek},
	institution = {ETH Z{\"u}rich},
	title = {Lecture notes on metric embeddings},
	year = {2013}}

@inproceedings{BCPRS17,
	author = {Roksana Baleshzar and Deeparnab Chakrabarty and Ramesh Krishnan S. Pallavoor and Sofya Raskhodnikova and C. Seshadhri},
	booktitle = ICALP2017,
	title = {Optimal Unateness Testers for Real-Values Functions: Adaptivity Helps},
	year = {2017}}

@article{LWY17,
	author = {Kasper Green Larsen and Omri Weinstein and Huacheng Yu},
	journal = ECCC # { TR17-047},
	title = {Crossing the logarithmic barrier for dynamic boolean data structure lower bounds},
	year = {2017}}

@inproceedings{NS14,
	author = {Timothy Naumovitz and Michael Saks},
	booktitle = SODA2014,
	title = {A polylogarithmic space deterministic streaming algorithm for approximating distance to monotonicity},
	year = {2014}}

@article{BCPRS17b,
	author = {Roksana Baleshzar and Deeparnab Chakrabarty and Ramesh Krishnan S. Pallavoor and Sofya Raskhodnikova and C. Seshadhri},
	journal = ARXIV # {1706.00053},
	title = {A lower bound for nonadaptive, one-sided error testing of unateness of Boolean functions over the hypercube},
	year = {2017}}

@article{T93,
	author = {Michel Talagrand},
	journal = {Geometric {\&} Functional Analysis},
	number = {3},
	pages = {295--314},
	title = {Isoperimetry, logarithmic Sobolev inequalities on the discrete cube, and Margulis' graph connectivity theorem},
	volume = {3},
	year = {1993}}

@inproceedings{ABIW09,
	author = {Alexandr Andoni and Khanh Do Ba and Piotr Indyk and David Woodruff},
	booktitle = FOCS2009,
	pages = {324--330},
	title = {Efficient sketches for earth-mover distance, with applications},
	year = {2009}}

@inproceedings{IW05,
	author = {Piotr Indyk and David Woodruff},
	booktitle = STOC2005,
	pages = {202--208},
	title = {Optimal approximations of the frequency moments of data streams},
	year = {2005}}

@inproceedings{AKO10,
	author = {Alexandr Andoni and Robert Krauthgamer and Krzysztof Onak},
	booktitle = FOCS2010,
	title = {Polylogarithmic approximation for edit distance and the asymmetric query complexity},
	year = {2010}}

@article{RS03,
	author = {Ran Raz and Amir Shpilka},
	journal = SICOMP,
	title = {Lower bounds for matrix product in bounded depth circuits with arbitrary gates},
	year = {2003}}

@inproceedings{AIK08,
	author = {Alexandr Andoni and Piotr Indyk and Robert Krauthgamer},
	booktitle = SODA2008,
	pages = {343--352},
	title = {Earth mover distance over high-dimensional spaces},
	year = {2008}}

@inproceedings{AHIK13,
	author = {Alexandr Andoni and Haitham Hassanieh and Piotr Indyk and Dina Katabi},
	booktitle = SODA2013,
	title = {Shift Finding in Sub-Linear Time},
	year = {2013}}

@inproceedings{AGMP13,
	author = {Alexandr Andoni and Assaf Goldberger and Andrew McGregor and Ely Porat},
	booktitle = STOC2013,
	title = {Homomorphic fingerprints under misalignments: sketching edit and shift distances},
	year = {2013}}

@article{FS83,
	author = {Ralph J Faudree and Mikl{\'o}s Simonovits},
	journal = COMBINATORICA,
	title = {On a class of degenerate extremal graph problems},
	year = {1983}}

@article{CRS15,
	author = {Cl\'{e}ment L. Canonne and Dana Ron and Rocco A. Servedio},
	journal = SICOMP,
	number = {3},
	pages = {540--616},
	title = {Testing probability distributions using conditional samples},
	volume = {44},
	year = {2015}}

@article{CFGM16,
	author = {Sourav Chakraborty and Eldar Fischer and Yonatan Goldhirsh and Arie Matsliah},
	journal = SICOMP,
	number = {4},
	pages = {1261-1296},
	title = {On the power of conditional samples in distribution testing},
	volume = {45},
	year = {2016}}

@inproceedings{GTZ17,
	author = {Themistoklis Gouleakis and Christos Tzamos and Manolis Zampetakis},
	booktitle = SODA2017,
	title = {Faster sublinear algorithms using conditional sampling},
	year = {2017}}

@article{GR16,
	author = {Oded Goldreich and Dana Ron},
	journal = TOCT,
	number = {2},
	title = {On sample-based testers},
	volume = {8},
	year = {2016}}

@article{FF06,
	author = {Eldar Fischer and Lance Fortnow},
	journal = TOC,
	number = {9},
	pages = {173---183},
	title = {Tolerant versus intolerant testing for Boolean properties},
	volume = {2},
	year = {2006}}

@inproceedings{ST17,
	author = {Rocco A. Servedio and Li-Yang Tan},
	booktitle = FOCS2017,
	title = {Fooling intersections of low-weight halfspaces},
	year = {2017}}

@inproceedings{ST17b,
	author = {Rocco A. Servedio and Li-Yang Tan},
	booktitle = FOCS2017,
	title = {Deterministic search for CNF satisfying assignments in almost polynomial time},
	year = {2017}}

@inproceedings{BC17,
	author = {Tugkan Batu and Cl\'{e}ment L. Canonne},
	booktitle = FOCS2017,
	title = {Generalized Uniformity Testing},
	year = {2017}}

@inproceedings{CS17,
	author = {Moses Charikar and Paris Siminelakis},
	booktitle = FOCS2017,
	pages = {1032--1043},
	title = {Hashing-based-estimators for kernel density in high dimensions},
	year = {2017}}

@inproceedings{CSTW17,
	author = {Xi Chen and Rocco A. Servedio and Li-Yang Tan and Erik Waingarten},
	booktitle = APPROXRANDOM2017,
	title = {Adaptivity is exponentially powerful for testing monotonicity of halfspaces},
	year = {2017}}

@inproceedings{CWX17b,
	author = {Xi Chen and Erik Waingarten and Jinyu Xie},
	booktitle = FOCS2017,
	title = {Boolean unateness testing with $\widetilde{\Omega}(n^{3/4})$ adaptive queries},
	year = {2017}}

@article{PRR06,
	author = {Michal Parnas and Dana Ron and Ronitt Rubinfeld},
	journal = JCSS,
	number = {6},
	pages = {1012--1042},
	title = {Tolerant property testing and distance approximation},
	volume = {72},
	year = {2006}}

@article{RS96,
	author = {Ronitt Rubinfeld and Madhu Sudan},
	journal = SICOMP,
	number = {2},
	pages = {252---271},
	title = {Robust characterization of polynomials with applications to program testing},
	volume = {25},
	year = {1996}}

@phdthesis{R17,
	author = {Ilya Razenshteyn},
	school = {Massachusetts Institute of Technology},
	title = {High-Dimensional Similarity Search and Sketching: Algorithms and Hardness},
	year = {2017}}

@incollection{AI17,
	author = {Alexandr Andoni and Piotr Indyk},
	booktitle = {Handbook of Discrete and Computational Geometry},
	editor = {Jacob E. Goodman and Joseph O'Rourke and Csaba D. T\'{o}th},
	pages = {1133--1153},
	publisher = {CRC Press LLC},
	title = {Nearest neighbors in high-dimensional spaces},
	year = {2017}}

@article{R16,
	author = {Thomas Rothvoss},
	journal = ARXIV # {1607.00854},
	title = {Lecture notes on the ARV algorithm for spsparse cut},
	year = {2016}}

@article{N14,
	author = {Assaf Naor},
	journal = AGMS,
	number = {1},
	title = {Comparison of metric spectral gaps},
	volume = {2},
	year = {2014}}

@article{OR07,
	author = {Rafail Ostrovsky and Yuval Rabani},
	journal = JACM,
	number = {4},
	pages = {23},
	title = {Low distortion embeddings for edit distance},
	volume = {54},
	year = {2007}}

@inproceedings{L05,
	author = {James R. Lee},
	booktitle = SODA2005,
	title = {Distance scales, embeddings, and metrics of negative type},
	year = {2005}}

@inproceedings{R99,
	author = {Satish Rao},
	booktitle = SOCG1999,
	pages = {300--306},
	title = {Small distortion and volume preserving embeddings for planar and Euclidean metrics},
	year = {1999}}

@article{EGMR17,
	author = {Christian Engels and Mohit Garg and Kazuhisa Makino and Anup Rao},
	journal = ECCC # { TR17-174},
	title = {On expressing majority as a majority of majorities},
	year = {2017}}

@inproceedings{KP17,
	author = {Alexander S. Kulikov and Vladimir Podolskii},
	booktitle = STACS2017,
	title = {Computing majority by constant depth majority circuits with low fan-in gates},
	year = {2017}}

@book{BL98,
	author = {Yoav Benyamini and Joram Lindenstrauss},
	publisher = AMS,
	title = {Geometric Nonlinear Functional Analysis},
	volume = {1},
	year = {1998}}

@article{CKL17,
	author = {Diptarka Chakraborty and Lior Kamma and Kasper Green Larsen},
	journal = ARXIV # {1711.04467},
	title = {Tight Cell Probe Bounds for Succinct Boolean Matrix-Vector Multiplication},
	year = {2017}}

@inproceedings{SS13,
	author = {Michael Saks and C. Seshadhri},
	booktitle = SODA2013,
	title = {Space efficient streaming algorithms for the distance to monotonicity and asymmetric edit distance},
	year = {2013}}

@inproceedings{SS10,
	author = {Michael Saks and C. Seshadhri},
	booktitle = FOCS2010,
	title = {Estimating the longest increasing sequence in polylogarithmic time},
	year = {2010}}

@inproceedings{KKSV17,
	author = {Michael Kapralov and Sanjeev Khanna and Madhu Sudan and Ameya Velingker},
	booktitle = SODA2017,
	title = {$(1 + \Omega(1))$-approximation to MAX-CUT requires linear space},
	year = {2017}}

@inproceedings{BGMNW16,
	author = {Mark Braverman and Ankit Garg and Tengyu Ma and Huy L. Nguyen and David Woodruff},
	booktitle = STOC2016,
	title = {Communication Lower Bounds for Statistical Estimation Problems via a Distributed Data Processing Inequality},
	year = {2016}}

@inproceedings{LNW14,
	author = {Yi Li and Huy L. Nguyen and David Woodruff},
	booktitle = STOC2014,
	title = {Turnstile streaming algorithms might as well be linear sketches},
	year = {2014}}

@inproceedings{AKO11,
	author = {Alexandr Andoni and Robert Krauthgamer and Krzysztof Onak},
	booktitle = FOCS2011,
	title = {Streaming algorithms from precision sampling},
	year = {2011}}

@inproceedings{ACNN11,
	author = {Alexandr Andoni and Moses Charikar and Ofer Neiman and Huy L. Nguyen},
	booktitle = FOCS2011,
	title = {Near linear lower bound for dimension reduction in l1},
	year = {2011}}

@inproceedings{NPS18,
	author = {Assaf Naor and Gilles Pisier and Gideon Schechtman},
	booktitle = SODA2018,
	title = {Impossibility of dimension reduction in the nuclear norm},
	year = {2018}}

@inproceedings{LN17,
	author = {Kasper Green Larsen and Jelani Nelson},
	booktitle = FOCS2017,
	pages = {633--638},
	title = {Optimality of the {Johnson-Lindenstrauss} lemma},
	year = {2017}}

@article{BL15,
	author = {Joshua Brody and Kasper Green Larsen},
	journal = TOC,
	number = {19},
	pages = {471--489},
	title = {Adapt or die: polynomial lower bounds for non-adaptive dynamic data structures},
	volume = {11},
	year = {2015}}

@inproceedings{LNN15,
	author = {Kasper Green Larsen and Jelani Nelson and Huy L. Nguyen},
	booktitle = STOC2015,
	title = {Time lower bounds for nonadaptive turnstile streaming algorithms},
	year = {2015}}

@inproceedings{WY16,
	author = {Omri Weinstein and Huacheng Yu},
	booktitle = FOCS2016,
	title = {Amortized dynamic cell-probe lower bounds from four-party communication},
	year = {2016}}

@inproceedings{Y16a,
	author = {Huacheng Yu},
	booktitle = STOC2016,
	title = {Cell-Probe Lower Bounds for Dynamic Problems via a New Communication Model},
	year = {2016}}

@article{AWY17,
	author = {Josh Alman and Joshua R. Wang and Huacheng Yu},
	journal = ARXIV # {1704.06185},
	title = {Cell-probe lower bounds from online communication complexity},
	year = {2017}}

@article{LN04,
	author = {James R. Lee and Assaf Naor},
	journal = GAFA,
	number = {4},
	pages = {745--747},
	title = {Embedding the diamond graph in Lp and dimension reduction in L1},
	volume = {14},
	year = {2004}}

@book{G17,
	author = {Oded Goldreich},
	publisher = {Cambridge University Press},
	title = {Introduction to property testing},
	year = {2017}}

@unpublished{AK08,
	author = {Alexandr Andoni and Robert Krauthgamer},
	title = {Distance estimation protocols for general metrics},
	year = {2008}}

@inproceedings{LW17b,
	author = {Kasper Green Larsen and Ryan Williams},
	booktitle = SODA2017,
	title = {Faster online matrix-vector multiplication},
	year = {2017}}

@inproceedings{AK07,
	author = {Alexandr Andoni and Robert Krauthgamer},
	booktitle = FOCS2007,
	title = {The computational hardness of estimating edit distance},
	year = {2007}}

@article{GP17,
	author = {Dmitry Gavinsky and Pavel Pudl\'{a}k},
	journal = TOCS,
	number = {3},
	pages = {378--395},
	title = {Partition Expanders},
	volume = {60},
	year = {2017}}

@inproceedings{NRRS17,
	author = {Ilan Newman and Yuri Rabinovich and Deepak Rajendraprasad and Christian Sohler},
	booktitle = SODA2017,
	title = {Testing for forbidden order patterns in an array},
	year = {2017}}

@book{BL76,
	author = {J\"{o}ran Bergh and J\"{o}rgen L\"{o}fstr\"{o}m},
	publisher = {Springer-Verlag},
	title = {Interpolation Spaces},
	year = {1976}}

@article{RR18,
	author = {Sivaramakrishnan Natarajan Ramamoorthy and Anup Rao},
	journal = ECCC # { TR17-040},
	title = {Lower bounds on non-adaptive data structures maintaining sets of numbers, from sunflowers},
	year = {2018}}

@article{KKR04,
	author = {Tali Kaufman and Michael Krivelevich and Dana Ron},
	journal = SICOMP,
	number = {6},
	pages = {1441--1483},
	title = {Tight bounds for testing bipartiteness in general graphs},
	volume = {33},
	year = {2004}}

@article{PR02,
	author = {Michal Parnas and Dana Ron},
	journal = RSA,
	number = {2},
	pages = {165--183},
	title = {Testing the diameter of graphs},
	volume = {20},
	year = {2002}}

@article{GR02,
	author = {Oded Goldreich and Dana Ron},
	journal = ALGORITHMICA,
	pages = {302--343},
	title = {Property testing in bounded degree graphs},
	volume = {32},
	year = {2002}}

@article{MN13,
	author = {Mandel Manor and Assaf Naor},
	journal = PNAS,
	number = {48},
	pages = {19256--19262},
	title = {Ultrametric skeletons},
	volume = {110},
	year = {2013}}

@article{FKRSS04,
	author = {Eldar Fischer and Guy Kindler and Dana Ron and Shmuel Safra and Alex Samordinsky},
	journal = JCSS,
	number = {4},
	pages = {753--787},
	title = {Testing juntas},
	volume = {68},
	year = {2004}}

@article{BGMdW13,
	author = {Harry Buhrman and David Garc\'{\i}a-Soriano and Arie Matsliah and Ronald de Wolf},
	journal = CJTCS,
	pages = {1--11},
	title = {The non-adaptive query complexity of testing $k$-parities},
	volume = {6},
	year = {2013}}

@misc{S14,
	author = {C. Seshadhri},
	month = {February},
	title = {Property Testing Review: Open Problem for February 2014},
	url = {http://ptreview.sublinear.info/?p=250},
	year = {2014},
	bdsk-url-1 = {http://ptreview.sublinear.info/?p=250}}

@article{C18,
	author = {Tobias Christiani},
	title = {Fast Locality-Sensitive Hashing FFramework for Approximate Near Neighbor Search},
	year = {2018}}

@unpublished{M18,
	author = {Sean Moran},
	title = {A Primer on Machine Learning Models for Hashing-based Approximate Nearest Neighbor Search}}

@inproceedings{RL09,
	author = {Maxim Raginsky and Svetlana Lazebnik},
	booktitle = NIPS2009,
	title = {Locality-sensitive binary codes from shift-invariant kernels},
	year = {2009}}

@article{JW13,
	author = {Thathachar S. Jayram and David P. Woodruff},
	journal = TALG,
	number = {3},
	pages = {26},
	title = {Optimal bounds for Johnson-Lindenstrauss transforms and streaming problems with subconstant error},
	volume = {9},
	year = {2013}}

@article{Y18,
	author = {Grigory Yaroslavtsev},
	title = {Approximate $\mathbb{F}_2$-Sketching of Valuation Functions},
	year = {2018}}

@article{HK18,
	author = {William M. Hoza and Adam R. Klivans},
	journal = ARXIV # {1611.00783},
	title = {Preserving Randomness for Adaptive Algorithms},
	year = {2018}}

@inproceedings{AJP10,
	author = {Alexandr Andoni and Jayram, T. S. and Mihai Patrascu},
	booktitle = SODA2010,
	pages = {184--192},
	title = {Lower bounds for edit distance and product metrics via Poincar\'{e}-type inequalities},
	year = {2010}}

@inproceedings{LW17,
	author = {Yi Li and David Woodruff},
	booktitle = ICALP2017,
	title = {Embeddings pf Schatten Norms with Applications to Data Streams},
	year = {2017}}

@inproceedings{LW16,
	author = {Yi Li and David Woodruff},
	booktitle = APPROXRANDOM2016,
	title = {Tight bounds for sketching the operator norm, Schatten norms, and subspace embeddings},
	year = {2016}}

@inproceedings{JW09,
	author = {Thathachar S. Jayram and David Woodruff},
	booktitle = FOCS2009,
	title = {The data stream complexity of cascaded norms},
	year = {2009}}

@article{NS15,
	author = {Assaf Naor and Gideon Schechtman},
	journal = ARXIV # {1501.05213},
	title = {Pythagorean power of hypercubes},
	year = {2015}}

@inproceedings{FGV17,
	author = {Vitaly Feldman and Crist\'{o}bal Guzm\'{a}n and Santosh Vempala},
	booktitle = SODA2017,
	title = {Statistical query algorithms for mean vector estimation and stochastic convex optimization},
	year = {2017}}

@article{KMP96,
	author = {Anna Kami\'{n}ska and Lech Maligranda and Lars Erik Persson},
	title = {Type, cotype, and convexity properties of Orlicz spaces},
	year = {1996}}

@book{MS86,
	author = {Vitali Milman and Gideon Schechtman},
	publisher = {Springer},
	title = {Asymptotic theory of finite dimensional normed spaces},
	year = {1986}}

@inproceedings{SVW16,
	author = {Jacob Steinhardt and Gregory Valiant and Stefan Wager},
	booktitle = COLT2016,
	title = {Memory, Communication, and Statistical Queries},
	year = {2016}}

@inproceedings{SYKM17,
	author = {Ananda Theertha Suresh and Felix X. Yu and Sanjiv Kumar and H. Brendan McMahan},
	booktitle = ICML2017,
	pages = {3329--3337},
	title = {Distributed Mean Estimation with Limited Communication},
	year = {2017}}

@article{BN09,
	author = {Niv Buchbinder and Joseph (Seffi) Naor},
	journal = FTTCS,
	number = {2--3},
	pages = {93--263},
	title = {The Design of Competitive Online Algorithms via a Primal-Dual Approach},
	volume = {3},
	year = {2009}}

@article{HSSS18,
	author = {MohammadTaghi HajiAghayi and Masoud Seddighin and Saeed Seddighin and Xiaorui Sun},
	title = {Approximating LCS in Linear Time: Beating the $\sqrt{n}$ Barrier},
	year = {2018}}

@article{K18,
	author = {William Kuszmaul},
	title = {Dynamic Time Warping in Strongly Subquadratic Time: Algorithms for the Low-Distance Regime and Approximate Evaluation},
	year = {2018}}

@inproceedings{BEGHS18,
	author = {Mahdi Boroujeni and Soheil Ehsani and Mohammad Ghodsi and MohammadTaghi HajiAghayi and Saeed Seddighin},
	booktitle = SODA2018,
	title = {Approximating Edit Distance in Truly Subquadratic Time: Quantum and MapReduce},
	year = {2018}}

@inproceedings{ZDJW13,
	author = {Yuchen Zhang and John C. Duchi and Michael I. Jordan and Martin J. Wainwright},
	booktitle = NIPS2013,
	title = {Information-theoretic lower bounds for distributed statistical estimation with communication constraints},
	year = {2013}}

@article{S85,
	author = {Joel Spencer},
	journal = TAMS,
	number = {2},
	pages = {679--706},
	title = {Six standard deviations suffice},
	volume = {289},
	year = {1985}}

@inproceedings{IT03,
	author = {Piotr Indyk and Nitin Thaper},
	booktitle = {Workshop on Statistical and Computational Theories of Vision (at ICCV)},
	title = {Fast Color Image Retrieval via Embeddings},
	year = {2003}}

@inproceedings{ANNRW18,
	author = {Alexandr Andoni and Assaf Naor and Aleksandar Nikolov and Ilya Razenshteyn and Erik Waingarten},
	booktitle = STOC2018,
	pages = {787--800},
	title = {Data-dependent Hashing via Non-linear Spectral Gaps},
	year = {2018}}

@inproceedings{ANNRW18b,
	author = {Alexandr Andoni and Assaf Naor and Aleksandar Nikolov and Ilya Razenshteyn and Erik Waingarten},
	booktitle = FOCS2018,
	pages = {159--169},
	title = {H\"{o}lder Homeomorphism and Approximate Nearest Neighbors},
	year = {2018}}

@article{S80,
	author = {Peter H. Sellers},
	journal = JOA,
	number = {4},
	pages = {359--373},
	title = {The theory and computation of evolutionary distances: pattern recognition},
	volume = {1},
	year = {1980}}

@book{KV94,
	author = {Michael J. Kearns and Umesh V. Vazirani},
	publisher = {MIT Press},
	title = {An introduction to Computational Learning Theory},
	year = {1994}}

@inproceedings{AWY18,
	author = {Josh Alman and Joshua R. Wang and Huacheng Yu},
	booktitle = STOC2018,
	title = {Cell-probe lower bounds from online communication complexity},
	year = {2018}}

@inproceedings{JST11,
	author = {Hossein Jowhari and Mert Sa\u{g}lam and G\'{a}bor Tardos},
	booktitle = PODS2011,
	title = {Tight bounds for $L_p$ samplers, finding duplicates in streams, and related problems},
	year = {2011}}

@inproceedings{KNPWWY17,
	author = {Michael Kapralov and Jelani Nelson and Jakub Pochocki and Zhengyu Wang and David P. Woodruff and Mobin Yahyazadeh},
	booktitle = FOCS2017,
	title = {Optimal lower bounds for universal relation, and for samplers and finding duplicates in streams},
	year = {2017}}

@inproceedings{BK18,
	author = {Mark Braverman and Young Kun Ko},
	booktitle = APPROXRANDOM2018,
	title = {Semi-Direct Sum Theorem and Nearest Neighbor under $\ell_{\infty}$},
	year = {2018}}

@inproceedings{BHRRS18,
	author = {Paul Beame and Sariel Har{-}Peled and Sivaramakrishnan Natarajan Ramamoorthy and Cyrus Rashtchian and Makrand Sinha},
	booktitle = ITCS2018,
	title = {Edge Estimation with Independent Set Oracles},
	year = {2018}}

@inproceedings{BMR16,
	author = {Piotr Berman and Meiram Murzabulatov and Sofya Raskhodnikova},
	booktitle = SOCG2016,
	title = {Testing convexity of figures under the uniform distribution},
	year = {2016}}

@InProceedings{DLNS24,
  author    = {Anindya De and Huan Li and Shivam Nadimpalli and Rocco A. Servedio},
  booktitle = STOC2024,
  title     = {Detecting Low-Degree Truncation},
  year      = {2024},
}

@InProceedings{DNS23,
  author    = {Anindya De and Shivam Nadimpalli and Rocco A. Servedio},
  booktitle = SODA2023,
  title     = {Testing convex truncation},
  year      = {2023},
}


@inproceedings{NY19,
	author = {Jelani Nelson and Huacheng Yu},
	booktitle = SODA2019,
	title = {Optimal lower bounds for distributed and streaming spanning forest computation},
	year = {2019}}

@InProceedings{N21,
  author    = {Shyam Narayanan},
  booktitle = SODA2021,
  title     = {On tolerant distribution testing in the conditional sampling model},
  year      = {2021},
}

@InProceedings{MKKZ23,
  author    = {Gaurav Mahajan and Sham Kakade and Akshay Krishnamurthy and Cyril Zhang},
  booktitle = COLT2023,
  title     = {Learning Hidden Markov Models Using Conditional Samples},
  year      = {2023},
}


@inproceedings{KT18,
	author = {Guatam Kamath and Christos Tzamos},
	booktitle = SODA2019,
	title = {ANACONDA: a non-adaptive conditional sampling algorithm for distribution testing},
	year = {2019}}

@article{PD06,
	author = {Mihai Patrascu and Erik Demaine},
	journal = SICOMP,
	number = {4},
	pages = {932--963},
	title = {Logarithmic lower bounds in the cell-probe model},
	volume = {35},
	year = {2006}}

@inproceedings{ACS10,
author={Adamaszek, Micha{\l} and Czumaj, Artur and Sohler, Christian},
title = {Testing monotone continuous distributions on high-dimensional real cubes},
year = {2010},
booktitle = soda2010,
pages = {56–65}
}

@InProceedings{ACK15,
  author    = {Jayadev Acharya and Cl\'{e}ment L. Canonne and Gautam Kamath},
  booktitle = APPROXRANDOM2015,
  title     = {A chasm between identity and equivalence testing with conditional queries},
  year      = {2015},
}

@InProceedings{DKP23,
  author    = {Ilias Diakonikolas and Daniel M. Kane and Ankit Pensia},
  booktitle = {Proceedings of the 6th Symposium on Simplicity in Algorithms ({SOSA}'2023))},
  title     = {Gaussian Mean Testing Made Simple},
  year      = {2023},
}


@article{GR99,
	author = {Oded Goldreich and Dana Ron},
	journal = COMBINATORICA,
	number = {3},
	pages = {335--373},
	title = {A sublinear bipartiteness tester for bounded degree graphs},
	volume = {19},
	year = {1999}}

@article{BC18,
	author = {Rishiraj Bhattacharyya and Sourav Chakraborty},
	journal = TOCT,
	number = {4},
	title = {Property testing of joint distributions using conditional samples},
	volume = {10},
	year = {2018}}

@inproceedings{CDKS17,
	author = {Canonne, Cl{\'e}ment L. and Ilias Diakonikolas and Daniel M. Kane and Alistair Stewart},
	booktitle = COLT2017,
	title = {Testing bayesian networks},
	year = {2017}}

@inproceedings{FJOPS15,
	author = {Moein Falahatgar and Ashkan Jafarpour and Alon Orlitsky and Venkatadheeraj Pichapathi and Ananda Theertha Suresh},
	booktitle = COLT2015,
	title = {Faster algorithms for testing under conditional sampling},
	year = {2015}}

@inproceedings{FGRVX13,
	author = {Vitaly Feldman and Elena Grigorescu and Lev Reyzin and Santosh Vempala and Ying Xiao},
	booktitle = STOC2013,
	title = {Statistical algorithms and a lower bound for detecting planted cliques},
	year = {2013}}

@article{FPV18,
	author = {Vitaly Feldman and Will Perkins and Santosh Vempala},
	journal = SICOMP,
	number = {4},
	pages = {1294--1338},
	title = {On the complexity of random satisfiability problems with planted solutions},
	volume = {47},
	year = {2018}}

@book{O14,
	author = {Ryan O'Donnell},
	publisher = {Cambridge University Press},
	title = {Analysis of Boolean Functions},
	year = {2014}}

@article{K98,
	author = {Michael Kearns},
	journal = JACM,
	number = {6},
	pages = {983--1006},
	title = {Efficient noise-tolerant learning from statistical queries},
	volume = {46},
	year = {1998}}

@article{LR99,
	author = {Tom Leighton and Satish Rao},
	journal = JACM,
	number = {6},
	pages = {787--832},
	title = {Multicommodity max-flow min-cut theorems and their use in designing approximation algorithms},
	volume = {46},
	year = {1999}}

@article{ARV09,
	author = {Sanjeev Arora and Satish Rao and Umesh Vazirani},
	journal = JACM,
	number = {2},
	pages = {1--37},
	title = {Expander flows, geometric embeddings and graph partitioning},
	volume = {56},
	year = {2009}}

@inproceedings{CW19,
	author = {Xi Chen and Erik Waingarten},
	booktitle = STOC2019,
	pages = {547--558},
	title = {Testing Unateness Nearly Optimally},
	year = {2019}}

@inproceedings{S18,
	author = {Mert Saglam},
	booktitle = FOCS2018,
	title = {Near log-convexity of measured heat in (discrete) time and consequences},
	year = {2018}}

@inproceedings{DMN19,
	author = {Anindya De and Elchanan Mossel and Joe Neeman},
	booktitle = FOCS2019,
	title = {Junta Correlation is Testable},
	year = {2019}}

@inproceedings{CM11,
	author = {Michael S. Crouch and Andrew McGregor},
	booktitle = APPROXRANDOM2011,
	title = {Periodicity and Cyclic Shifts via Linear Sketches},
	year = {2011}}

@misc{SUBLINEAR,
	howpublished = {\url{https://sublinear.info/index.php?title=Main_Page}},
	title = {List of Open Problems in Sublinear Algorithms}}

@article{KN06,
	author = {Subhash Khot and Assaf Naor},
	journal = MATHANN,
	number = {4},
	pages = {821--852},
	title = {Nonembeddability theorems via Fourier analysis},
	volume = {334},
	year = {2006}}

@article{KV15,
	author = {Subhash Khot and Nisheeth Vishnoi},
	journal = JACM,
	number = {1},
	pages = {8:1--8:39},
	title = {The Unique Games Conjecture, Integrality Gap for Cut Problems, and Embeddability of Negative Type Metrics into $\ell_1$},
	volume = {62},
	year = {2015}}

@article{S96,
	author = {David B. Shmoys},
	journal = {Approximation algorithms for NP-hard problems},
	pages = {192--235},
	title = {Cut problems and their application to divide-and-conquer},
	year = {1996}}

@article{E70,
	author = {Per Enflo},
	journal = {Arkiv f{\"o}r matematik},
	number = {2},
	pages = {103--105},
	title = {On the nonexistence of uniform homeomorphisms between Lp-spaces},
	volume = {8},
	year = {1970}}

@article{B85,
	author = {Jean Bourgain},
	journal = {Israel Journal of Mathematics},
	number = {1-2},
	pages = {46--52},
	title = {On Lipschitz embedding of finite metric spaces in Hilbert space},
	volume = {52},
	year = {1985}}

@article{NRS05,
	author = {Assaf Naor and Yuval Rabani and Alistair Sinclair},
	journal = {Journal of Functional Analysis},
	number = {2},
	pages = {273--303},
	title = {Quasisymmetric embeddings, the observable diameter, and expansion properties of graphs},
	volume = {227},
	year = {2005}}

@inproceedings{KLMN04,
	author = {Robert Krauthgamer and James R. Lee and Manor Mendel and Assaf Naor},
	booktitle = FOCS2004,
	pages = {434--443},
	title = {Measured descent: A new embedding method for finite metrics},
	year = {2004}}

@article{CGR08,
	author = {Shuchi Chawla and Anupam Gupta and Harald R\"{a}cke},
	journal = TALG,
	number = {2},
	pages = {22},
	title = {Embeddings of negative-type metrics and an improved approximation to generalized sparsest cut},
	volume = {4},
	year = {2008}}

@article{ALN08,
	author = {Sanjeev Arora and James R. Lee and Assaf Naor},
	journal = {Journal of American Mathematical Society},
	number = {1},
	pages = {1--21},
	title = {Euclidean distortion and the sparsest cut},
	volume = {21},
	year = {2008}}

@incollection{IMS17,
	author = {Piotr Indyk and Ji{\v{r}}{\'\i} Matou{\v{s}}ek and Anastasios Sidiropoulos},
	booktitle = {Handbook of discrete and computational geometry},
	publisher = {Chapman and Hall/CRC},
	title = {8: Low-distortion embeddings of finite metric spaces},
	year = {2017}}

@inproceedings{MN10,
	author = {Manor Mendel and Assaf Naor},
	booktitle = SODA2010,
	title = {Towards a calculus for non-linear spectral gaps},
	year = {2010}}

@article{BG19,
	author = {Yair Bartal and Lee-Ad Gottlieb},
	journal = TCS,
	pages = {27--35},
	title = {Approximate nearest neighbor search for $\ell_p$-spaces $(2< p<\infty)$ via embeddings},
	volume = {757},
	year = {2019}}

@article{MN14,
	author = {Manor Mendel and Assaf Naor},
	journal = {Publications math{\'e}matiques de l'IH{\'E}S},
	number = {1},
	pages = {1--95},
	title = {Nonlinear spectral calculus and super-expanders},
	volume = {119},
	year = {2014}}

@inproceedings{C69,
	author = {Jeff Cheeger},
	booktitle = {Proceedings of the Princeton conference in honor of Professor S. Bochner},
	pages = {195--199},
	title = {A lower bound for the smallest eigenvalue of the Laplacian},
	year = {1969}}

@article{AM85,
	author = {Noga Alon and Vitaly D. Milman},
	journal = {Journal of Combinatorial Theory, Series B},
	number = {1},
	pages = {73--88},
	title = {$\lambda$1, isoperimetric inequalities for graphs, and superconcentrators},
	volume = {38},
	year = {1985}}

@article{KR09,
	author = {Robert Krauthgamer and Yuval Rabani},
	journal = SICOMP,
	number = {6},
	pages = {2487--2498},
	title = {Improved lower bounds for embedding into $L_1$},
	volume = {38},
	year = {2009}}

@article{NW70,
	author = {Saul B. Needleman and Christian D. Wunsch},
	journal = {Journal of molecular biology},
	number = {3},
	pages = {443--453},
	title = {A general method applicable to the search for similarities in the amino acid sequence of two proteins},
	volume = {48},
	year = {1970}}

@book{G97,
	author = {Dan Gusfield},
	isbn = {0-521-58519-8},
	publisher = {Cambridge University Press},
	title = {Algorithms on Strings, Trees, and Sequences: Computer Science and Computational Biology},
	year = {1997}}

@book{BR99,
	author = {Ricardo A. Baeza-Yates and Berthier Ribeiro-Neto},
	isbn = {020139829X},
	publisher = {Addison-Wesley Longman Publishing Co., Inc.},
	title = {Modern Information Retrieval},
	year = {1999}}

@inproceedings{BCIS18,
	author = {Arturs Backurs and Moses Charikar and Piotr Indyk and Paris Siminelakis},
	booktitle = FOCS2018,
	pages = {615--626},
	title = {Efficient Density Evaluation for Smooth Kernels},
	year = {2018}}

@inproceedings{DWJCL08,
	author = {Wei Dong and Zhe Wang and William Josephson and Moses Charikar and Kai Li},
	booktitle = CIKM2008,
	title = {Modeling LSH for performance tuning},
	year = {2008}}

@inproceedings{LCL04,
	author = {Qin Lv and Moses Charikar and Kai Li},
	booktitle = CIKM2004,
	title = {Image similarity search with compact data structures},
	year = {2004}}

@article{LJWCL17,
	author = {Qin Lv and William Josephson and Zhe Wang and Moses Charikar and Kai Li},
	journal = {{PVLDB}},
	number = {12},
	pages = {2021--2024},
	title = {Intelligent Probing for Locality Sensitive Hashing: Multi-Probe {LSH} and Beyond},
	volume = {10},
	year = {2017}}

@misc{C07,
	author = {Moses Samson Charikar},
	howpublished = {Google Patents},
	note = {US Patent 7,158,961},
	title = {Methods and apparatus for estimating similarity},
	year = {2007}}

@article{WCN18,
	author = {Xian Wu and Moses Charikar and Vishnu Natchu},
	journal = ARXIV # {1809.07471},
	title = {Local Density Estimation in High Dimensions},
	year = {2018}}

@article{CS18b,
	author = {Moses Charikar and Paris Siminelakis},
	journal = ARXIV # {1807.07635},
	title = {Multi-Resolution Hashing for Fast Pairwise Summations},
	year = {2018}}

@article{BC05,
	author = {Bo Brinkman and Moses Charikar},
	journal = JACM,
	number = {5},
	pages = {766--788},
	title = {On the Impossibility of Dimension Reduction in L1},
	volume = {52},
	year = {2005}}

@inproceedings{DCL08,
	author = {Wei Dong and Moses Charikar and Kai Li},
	booktitle = SIGIR2008,
	title = {Asymmetric distance estimation with sketches for similarity search in high-dimensional spaces},
	year = {2008}}

@misc{LLC11,
	author = {Kai Li and Qin Lv and Moses Charikar},
	howpublished = {Google Patents},
	note = {US Patent 7,966,327},
	title = {Similarity search system with compact data structures},
	year = {2011}}

@inproceedings{COP03,
	author = {Moses Charikar and Liadan O'Callaghan and Rina Panigrahy},
	booktitle = STOC2003,
	title = {Better streaming algorithms for clustering problems},
	year = {2003}}

@article{CMM10,
	author = {Moses Charikar and Konstantin Makarychev and Yury Makarychev},
	journal = SICOMP,
	number = {6},
	pages = {2487-2512},
	title = {Local global tradeoffs in metric embeddings},
	volume = {39},
	year = {2010}}

@inproceedings{N18,
	author = {Assaf Naor},
	booktitle = ICM2018,
	title = {Metric Dimension Reduction: a Snapshot of the Ribe Program},
	year = {2018}}

@inproceedings{AIR18,
	author = {Alexandr Andoni and Piotr Indyk and Ilya Razenshteyn},
	booktitle = ICM2018,
	pages = {3287--3318},
	title = {Approximate nearest neighbor search in high dimensions},
	year = {2018}}

@misc{H18,
	author = {Kevin Hartnett},
	howpublished = {Quanta Magazine},
	month = aug,
	note = {\url{https://www.quantamagazine.org/universal-method-to-sort-complex-information-found-20180813/}},
	title = {Universal Method to Sort Complex Information Found},
	year = {2018}}

@inproceedings{KSKW15,
	author = {Matt Kusner and Yu Sun and Nicholas Kolkin and Kilian Weinberger},
	booktitle = ICML2015,
	pages = {957--966},
	title = {From word embeddings to document distances},
	year = {2015}}

@article{K19,
	author = {Erica Klarreich},
	journal = CACM,
	number = {7},
	pages = {11--13},
	title = {Good algorithms make good neighbors},
	volume = {62},
	year = {2019}}

@article{N12,
	author = {Assaf Naor},
	journal = {Japanese Journal of Mathematics},
	number = {2},
	pages = {167--233},
	title = {An introduction to the Ribe program},
	volume = {7},
	year = {2012}}

@article{NS02,
	author = {Assaf Naor and Gideon Schechtman},
	journal = {Journal fur die Reine und Angewandte Mathematik},
	number = {552},
	pages = {213--236},
	title = {Remarks on non linear type and Pisier's inequality},
	year = {2002}}

@inproceedings{LW19,
	author = {Amit Levi and Erik Waingarten},
	booktitle = ITCS2019,
	title = {Lower Bounds for Tolerant Junta and Unateness Testing via Rejection Sampling of Graphs},
	year = {2019}}

@inproceedings{BCLW19,
	author = {Omri Ben-Eliezer and Clement Cannone and Shoham Letzter and Erik Waingarten},
	booktitle = FOCS2019,
	pages = {1469--1494},
	title = {Finding Monotone Patterns in Sublinear Time},
	year = {2019}}

@inproceedings{CLW20,
	author = {Xi Chen and Amit Levi and Erik Waingarten},
	booktitle = SODA2020,
	title = {Nearly Optimal Edge Estimation with Independent Set Queries},
	year = {2020}}

@inproceedings{PRW20,
	author = {Ramesh Krishnan S. Pallavoor and Sofya Raskhodnikova and Erik Waingarten},
	booktitle = SODA2020,
	title = {Approximating the Distance to Monotonicity of Boolean Functions},
	year = {2020}}

@incollection{P86,
	author = {Gilles Pisier},
	booktitle = {Probability and analysis},
	pages = {167--241},
	publisher = {Springer},
	title = {Probabilistic methods in the geometry of Banach spaces},
	year = {1986}}

@article{R01,
	author = {Bero Roos},
	journal = TPA,
	number = {2},
	pages = {258-272},
	title = {Binomial approximation to the Poisson binomial distribution: the Krawtchouk expansion},
	volume = {45},
	year = {2001}}

@article{GR00,
	author = {Oded Goldreich and Dana Ron},
	journal = ECCC # { TR00-020},
	title = {On testing expansion in bounded degree graphs},
	year = {2000}}

@unpublished{BLW20,
	author = {Omri Ben-Eliezer and Shoham Letzter and Erik Waingarten},
	title = {Optimal adaptive detection of monotone patterns}}

@article{P08,
	author = {Liam Paninski},
	journal = TIT,
	number = {10},
	pages = {4750--4755},
	title = {A Coincidence-Based Test for Uniformity Given Very Sparsely Sampled Discrete Data},
	volume = {54},
	year = {2008}}

@article{VV17b,
	author = {Gregory Valiant and Paul Valiant},
	journal = SICOMP,
	number = {1},
	pages = {429--455},
	title = {An automatic inequality prover and instance optimal identity testing},
	volume = {46},
	year = {2017}}

@inproceedings{AGPRY19,
	author = {Maryam Aliakbarpour and Themis Gouleakis and John Peebles and Ronitt Rubinfeld and Anak Yodpinyanee},
	booktitle = COLT2019,
	pages = {34--82},
	title = {Towards Testing Monotonicity of Distributions Over General Posets},
	year = {2019}}

@inproceedings{ABR17,
	author = {Maryam Aliakbarpour and Eric Blais and Ronitt Rubinfeld},
	booktitle = COLT2017,
	pages = {19--46},
	title = {Learning and Testing Junta Distributions},
	year = {2017}}

@inproceedings{DKS18,
	author = {Ilias Diakonikolas and Daniel M. Kane and Alistair Stewart},
	booktitle = NEURIPS2018,
	pages = {6201--6210},
	title = {Sharp bounds for generalized uniformity testing},
	year = {2018}}

@book{MP87,
	author = {Marvin Minsky and Seymour Papert},
	publisher = {{MIT} Press},
	title = {Perceptrons - an introduction to computational geometry},
	year = {1987}}

@book{PS85,
	author = {Franco P. Preparata and Michael Ian Shamos},
	publisher = {Springer},
	series = {Texts and Monographs in Computer Science},
	title = {Computational Geometry - An Introduction},
	year = {1985}}

@article{W05,
	author = {Ryan Williams},
	journal = TCS,
	number = {2-3},
	pages = {357--365},
	title = {A new algorithm for optimal 2-constraint satisfaction and its implications},
	volume = {348},
	year = {2005}}

@inproceedings{W18,
	author = {Virginia Vassilevska Williams},
	booktitle = ICM2018,
	title = {On some fine-grained questions in algorithms and complexity},
	year = {2018}}

@article{JS82,
	author = {William B. Johnson and Gideon Schechtman},
	journal = ACTAMATH,
	pages = {71--85},
	title = {Embedding $\ell_p^m$ into $\ell_1^n$},
	volume = {149},
	year = {1982}}

@article{KL05,
	author = {Robert Krauthgamer and James R. Lee},
	journal = TCS,
	number = {2-3},
	pages = {262--276},
	title = {The black-box complexity of nearest-neighbor search},
	volume = {348},
	year = {2005}}

@book{M02,
	author = {Ji\v{r}{\'\i} Matou\v{s}ek},
	publisher = {Springer},
	series = {Graduate texts in mathematics},
	title = {Lectures on discrete geometry},
	volume = {212},
	year = {2002}}

@Article{Naor21,
  author  = {Assaf Naor},
  journal = {Geometry \& Topology},
  title   = {An average John theorem},
  year    = {2021},
  pages   = {1631–1717},
  volume  = {25},
}

@article{AHK12,
	author = {Sanjeev Arora and Elad Hazan and Satyen Kale},
	journal = TOC,
	number = {1},
	pages = {121--164},
	title = {The multiplicative weights update method: a meta-algorithm and applications},
	volume = {8},
	year = {2012}}

@article{M97,
	author = {Ji\v{r}{\'\i} Matou\v{s}ek},
	journal = {Israel Journal of Mathematics},
	pages = {189--197},
	title = {On embedding expanders into $\ell_p$ spaces},
	volume = {102},
	year = {1997}}

@article{FS99,
	author = {Yoav Freund and Robert E. Schapire},
	journal = {Games and Economic Behavior},
	number = {1-2},
	pages = {79--103},
	title = {Adaptive game playing using multiplicative weights},
	volume = {29},
	year = {1999}}

@inproceedings{HR10,
	author = {Moritz Hardt and Guy N. Rothblum},
	booktitle = FOCS2010,
	pages = {61--70},
	title = {A multiplicative weights mechanism for privacy-preserving data analysis},
	year = {2010}}

@article{R15,
	author = {{\'E}ric Ricard},
	journal = {Archiv der Mathematik},
	number = {1},
	pages = {37--45},
	title = {H{\"o}lder estimates for the noncommutative Mazur maps},
	volume = {104},
	year = {2015}}

@article{M29,
	author = {Stanis{\l}aw Mazur},
	journal = {Studia Mathematica},
	number = {1},
	pages = {83--85},
	title = {Une remarque sur l'hom{\'e}omorphie des champs fonctionnels},
	volume = {1},
	year = {1929}}

@article{BLR93,
	author = {Manuel Blum and Michael Luby and Ronitt Rubinfeld},
	journal = JCSS,
	number = {3},
	pages = {549--595},
	title = {Self-Testing/Correcting with Applications to Numerical Problems},
	volume = {47},
	year = {1993}}

@article{CKVW06,
	author = {David Cheng and Ravi Kannan and Santosh Vempala and Grant Wang},
	journal = TODS,
	number = {4},
	pages = {1499--1525},
	title = {A divide-and-merge methodology for clustering},
	volume = {31},
	year = {2006}}

@article{KVV04,
	author = {Ravi Kannan and Santosh Vempala and Adrian Vetta},
	journal = JACM,
	number = {3},
	pages = {497--515},
	title = {On clusterings: Good, bad, and spectral},
	volume = {51},
	year = {2004}}

@book{HTF09,
	author = {Trevor Hastie and Robert Tibshirani and Jerome Friedman},
	isbn = {9780387848570},
	publisher = {Springer},
	series = {Springer Series in Statistics},
	title = {Elements of statistical learning: data mining, inference, and prediction},
	year = {2009}}

@inproceedings{GTT99,
	author = {David Guijarro and Jun Tarui and Tatsuie Tsukiji},
	booktitle = ALT1999,
	title = {Finding relevant variables in PAC model with membership queries},
	year = {1999}}

@article{D00,
	author = {Peter Damaschke},
	journal = {Machine Learning},
	number = {2},
	pages = {197--215},
	title = {Adaptive versus non-adaptive attribute efficient learning},
	volume = {41},
	year = {2000}}

@inproceedings{BKSSZ10,
	author = {Arnab Bhattacharyya and Swastik Kopparty and Grant Schoenebeck and Madhu Sudan and David Zuckerman},
	booktitle = FOCS2010,
	title = {Optimal testing of {R}eed-{M}uller codes},
	year = {2010}}

@article{AKKLR05,
	author = {Noga Alon and Tali Kaufman and Michael Krivelevich and Simon Litsyn and Dana Ron},
	journal = TIT,
	number = {11},
	pages = {4032--4039},
	title = {Testing {R}eed-{M}uller codes},
	volume = {51},
	year = {2005}}

@article{PRS02,
	author = {Michal Parnas and Dana Ron and Alex Samorodnitsky},
	journal = SIDM,
	number = {1},
	pages = {20--46},
	title = {Testing basic {B}oolean formulae},
	volume = {16},
	year = {2002}}

@inproceedings{DLMORSW07,
	author = {Ilias Diakonikolas and Homin K. Lee and Kevin Matulef and Krzysztof Onak and Ronitt Rubinfeld and Rocco A. Servedio and Andrew Wan},
	booktitle = FOCS2007,
	title = {Testing for concise representations},
	year = {2007}}

@article{MORS10,
	author = {Kevin Matulef and Ryan O'Donnell and Ronitt Rubinfeld and Rocco A. Servedio},
	journal = SICOMP,
	number = {5},
	pages = {2004--2047},
	title = {Testing halfspaces},
	volume = {39},
	year = {2010}}

@inproceedings{MORS09,
	author = {Kevin Matulef and Ryan O'Donnell and Ronitt Rubinfeld and Rocco A. Servedio},
	booktitle = APPROXRANDOM2009,
	title = {Testing $\pm1$-weight halfspaces},
	year = {2009}}

@inproceedings{BK12,
	author = {Eric Blais and Daniel M. Kane},
	booktitle = APPROXRANDOM2012,
	title = {Tight bounds for testing $k$-linearity},
	year = {2012}}

@article{GOSSW11,
	author = {Parikshit Gopalan and Ryan O'Donnell and Rocco A. Servedio and Amir Shpilka and Karl Wimmer},
	journal = SICOMP,
	number = {4},
	pages = {1075--1100},
	title = {Testing {F}ourier dimensionality and sparsity},
	volume = {40},
	year = {2011}}

@article{BL97,
	author = {Avrim Blum and Pat Langley},
	journal = AI,
	number = {1-2},
	pages = {245--271},
	title = {Selection of Relevant Features and Examples in Machine Learning},
	volume = {97},
	year = {1997}}

@techreport{B94,
	author = {Avrim Blum},
	institution = {AAAI Fall Symposium on Relevance},
	title = {Relevant Examples and Relevant Features--Thoughts from Computational Learning Theory},
	year = {1994}}

@inproceedings{MOS03,
	author = {Elchanan Mossel and Ryan O'Donnell and Rocco A. Servedio},
	booktitle = STOC2003,
	pages = {206--212},
	title = {Learning juntas},
	year = {2003}}

@inproceedings{BBL98,
	author = {Avrim Blum and Carl Burch and John Langford},
	booktitle = FOCS1998,
	pages = {408--415},
	title = {On learning monotone {B}oolean functions},
	year = {1998}}

@article{AM06,
	author = {Kazuyuki Amano and Akira Maruoka},
	journal = TCS,
	number = {1},
	pages = {3--12},
	title = {On learning monotone {B}oolean functions under the uniform distributions},
	volume = {350},
	year = {2006}}

@article{BT96,
	author = {Nader H. Bshouty and Christino Tamon},
	journal = JACM,
	number = {4},
	pages = {747--770},
	title = {On the {F}ourier spectrum of monotone functions},
	volume = {43},
	year = {1996}}

@article{OS07,
	author = {Ryan O'Donnell and Rocco A. Servedio},
	journal = SICOMP,
	number = {3},
	pages = {827--844},
	title = {Learning monotone decision trees in polynomial time},
	volume = {37},
	year = {2007}}

@article{KMS18,
	author = {Subhash Khot and Dor Minzer and Muli Safra},
	journal = SICOMP,
	number = {6},
	pages = {2238-2276},
	title = {On monotonicity testing and {B}oolean isoperimetric-type theorems},
	volume = {47},
	year = {2018}}

@article{V11,
	author = {Paul Valiant},
	journal = SICOMP,
	number = {6},
	pages = {1927--1968},
	title = {Testing symmetric properties of distributions},
	volume = {40},
	year = {2011}}

@article{BCG19,
	author = {Eric Blais and Cl\'{e}ment L. Canonne and Tom Gur},
	journal = TOCT,
	number = {2},
	pages = {1--37},
	title = {Distribution testing lower bounds via reductions from communication complexity},
	volume = {12},
	year = {2019}}

@article{AR07,
	author = {Jan Arpe and R{\"u}diger Reischuk},
	journal = TCS,
	number = {1},
	pages = {2--21},
	title = {Learning juntas in the presence of noise},
	volume = {384},
	year = {2007}}

@inproceedings{LMMV05,
	author = {Richard J Lipton and Evangelos Markakis and Aranyak Mehta and Nisheeth K Vishnoi},
	booktitle = {CCC2005},
	pages = {112--119},
	title = {On the fourier spectrum of symmetric boolean functions with applications to learning symmetric juntas},
	year = {2005}}

@inproceedings{BC16,
	author = {Nader H Bshouty and Areej Costa},
	booktitle = ALT2016,
	title = {Exact learning of juntas from membership queries},
	year = {2016}}

@article{AKL09,
	author = {Vikraman Arvind and Johannes K{\"o}bler and Wolfgang Lindner},
	journal = TCS,
	number = {47-49},
	pages = {4928--4936},
	title = {Parameterized learnability of juntas},
	volume = {410},
	year = {2009}}

@inproceedings{B03b,
	author = {Avrim Blum},
	booktitle = COLT2003,
	title = {Open problem: learning a function of $r$ relevant variables},
	year = {2003}}

@article{KM93,
	author = {Eyal Kushilevitz and Yishay Mansour},
	journal = SICOMP,
	number = {6},
	pages = {1331--1348},
	title = {Learning decision trees using the Fourier spectrum},
	volume = {22},
	year = {1993}}

@article{J97,
	author = {Jeffrey C. Jackson},
	journal = JCSS,
	number = {3},
	pages = {414--440},
	title = {An efficient membership-query algorithm for learning DNF with respect to the uniform distribution},
	volume = {55},
	year = {1997}}

@inproceedings{B93,
	author = {Nader H. Bshouty},
	booktitle = FOCS2003,
	title = {Exact learning via the monotone theory},
	year = {2003}}

@inproceedings{GKK08b,
	author = {Parikshit Gopalan and Adam Kalai and Adam R. Klivans},
	booktitle = COLT2008,
	title = {A Query Algorithm for Agnostically Learning DNF?},
	year = {2008}}

@inproceedings{DP17,
	author = {Constantinos Daskalakis and Qinxuan Pan},
	booktitle = COLT2017,
	pages = {697--703},
	title = {Square Hellinger Subadditivity for Bayesian Networks and its Applications to Identity Testing},
	year = {2017}}

@article{DDK19,
	author = {Constantinos Daskalakis and Nishanth Dikkala and Gautam Kamath},
	journal = TIT,
	number = {11},
	pages = {6829--6852},
	title = {Testing {I}sing models},
	volume = {65},
	year = {2019}}

@article{GLP18,
	author = {Reza Gheissari and Eyal Lubetzky and Yuval Peres},
	journal = {Electronic Communications in Probability},
	title = {Concentration inequalities for polynomials of contracting {I}sing models},
	volume = {23},
	year = {2018}}

@article{BBCSV20,
	author = {Ivona Bez{\'a}kov{\'a} and Antonio Blanca and Zongchen Chen and Daniel {\v{S}}tefankovi{\v{c}} and Eric Vigoda},
	journal = JMLR,
	number = {25},
	pages = {1--62},
	title = {Lower Bounds for Testing Graphical Models: Colorings and Antiferromagnetic {I}sing Models},
	volume = {21},
	year = {2020}}

@inproceedings{DKP19,
	author = {Ilias Diakonikolas and Daniel M. Kane and John Peebles},
	booktitle = COLT2019,
	title = {Testing Identity of Multidimensional Histograms},
	year = {2019}}

@inproceedings{CR14,
	author = {Canonne, Cl{\'e}ment L. and Ronitt Rubinfeld},
	booktitle = ICALP2014,
	pages = {283--295},
	title = {Testing probability distributions underlying aggregated data},
	year = {2014}}

@inproceedings{ABDK18,
	author = {Jayadev Acharya and Arnab Bhattacharyya and Constantinos Daskalakis and Saravanan Kandasamy},
	booktitle = NIPS2018,
	title = {Learning and testing causal models with interventions},
	year = {2018}}

@inproceedings{OS18,
	author = {Krzysztof Onak and Xiaorui Sun},
	booktitle = AISTATS2018,
	title = {Probability--revealing samples},
	year = {2018}}

@incollection{B10,
	author = {Eric Blais},
	booktitle = {Property Testing - Current Research and Surveys},
	pages = {32--40},
	title = {Testing Juntas: {A} Brief Survey},
	year = {2010}}

@article{BDKR05,
	author = {Tugkan Batu and Sanjoy Dasgupta and Ravi Kumar and Ronitt Rubinfeld},
	journal = SICOMP,
	number = {1},
	pages = {132--150},
	title = {The complexity of approximating the entropy},
	volume = {35},
	year = {2005}}

@article{VV17,
	author = {Gregory Valiant and Paul Valiant},
	journal = JACM,
	number = {6},
	pages = {37:1--37:41},
	title = {Estimating the unseen: improved estimators for entropy and other properties},
	volume = {64},
	year = {2017}}

@article{RRSS09,
	author = {Sofya Raskhodnikova and Dana Ron and Amir Shpilka and Adam D. Smith},
	journal = SICOMP,
	number = {3},
	pages = {813--842},
	title = {Strong Lower Bounds for Approximating Distribution Support Size and the Distinct Elements Problem},
	volume = {39},
	year = {2009}}

@inproceedings{I98,
	author = {Piotr Indyk},
	booktitle = FOCS1998,
	title = {On approximate nearest neighbors in non-Euclidean spaces},
	year = {1998}}

@inproceedings{A17,
	author = {Thomas Dybdahl Ahle},
	booktitle = FOCS2017,
	pages = {938--949},
	title = {Optimal las vegas locality sensitive data structures},
	year = {2017}}

@inproceedings{CLS20,
	author = {Sitan Chen and Jerry Li and Zhao Song},
	booktitle = STOC2020,
	title = {Learning mixtures of linear regressions in subexponential time via Fourier moments},
	year = {2020}}

@article{D93,
	author = {Mohamed Daher},
	journal = {Comptes Rendus Mathematique},
	number = {10},
	pages = {1051--1054},
	title = {Hom\'{e}omorphismes uniformes entre les sph\`{e}res unit\'{e} des espaces d'interpolation},
	volume = {316},
	year = {1993}}

@book{H02,
	author = {Allen Hatcher},
	publisher = {Cambridge University Press},
	title = {Algebraic Topology},
	year = {2002}}

@book{A83,
	author = {Mark Anthony Armstrong},
	publisher = {Springer-Verlag},
	title = {Basic Topology},
	year = {1983}}

@article{H64,
	author = {Lawrence Hueston Harper},
	journal = SJAM,
	number = {1},
	pages = {131--135},
	title = {Optimal assignments of numbers to vertices},
	volume = {12},
	year = {1964}}

@article{B67,
	author = {Arthur J. Bernstein},
	journal = SJAM,
	number = {6},
	pages = {1485--1489},
	title = {Maximally connected arrays on the n-cube},
	volume = {15},
	year = {1967}}

@article{L64,
	author = {John H. Lindsey},
	journal = {The American Mathematical Monthly},
	number = {5},
	pages = {508--516},
	title = {Assignment of numbers to vertices},
	volume = {71},
	year = {1964}}

@article{H76,
	author = {Sergiu Hart},
	journal = {Discrete Mathematics},
	number = {2},
	pages = {157--163},
	title = {A note on the edges of the n-cube},
	volume = {14},
	year = {1976}}

@article{F83,
	author = {Peter Frankl},
	journal = {Journal of Combinatorial Theory, Series A},
	number = {1},
	pages = {41--45},
	title = {On the trace of finite sets},
	volume = {34},
	year = {1983}}

@article{DR11,
	author = {Elya Dolev and Dana Ron},
	journal = ToC,
	number = {1},
	pages = {155--176},
	title = {Distribution-Free Testing for Monomials with a Sublinear Number of Queries},
	volume = {7},
	year = {2011}}

@inproceedings{CX16,
	author = {Xi Chen and Jinyu Xie},
	booktitle = SODA2016,
	title = {Tight Bounds for the Distribution-Free Testing of Monotone Conjunctions},
	year = {2016}}

@article{LCSSX18,
	author = {Zhengyang Liu and Xi Chen and Rocco A. Servedio and Ying Sheng and Jinyu Xie},
	journal = TALG,
	number = {1},
	pages = {1--23},
	title = {Distribution-free junta testing},
	volume = {15},
	year = {2018}}

@article{GE03,
	author = {Isabelle Guyon and Andr{\'e} Elisseeff},
	journal = JMLR,
	pages = {1157--1182},
	title = {An introduction to variable and feature selection},
	volume = {3},
	year = {2003}}

@book{LM12,
	author = {Huan Liu and Hiroshi Motoda},
	publisher = {Springer Science \& Business Media},
	title = {Feature selection for knowledge discovery and data mining},
	volume = {454},
	year = {2012}}

@article{CS14,
	author = {Girish Chandrashekar and Ferat Sahin},
	journal = {Computers \& Electrical Engineering},
	number = {1},
	pages = {16--28},
	title = {A survey on feature selection methods},
	volume = {40},
	year = {2014}}

@inproceedings{CS19,
	author = {Deeparnab Chakrabarty and C. Seshadhri},
	booktitle = ITCS2019,
	title = {Adaptive Boolean Monotonicity Testing in Total Influence Time},
	year = {2019}}

@article{BCL94,
	author = {Keith Ball and Eric A. Carlen and Elliott H. Lieb},
	journal = {Inventiones Mathematicae},
	number = {1},
	pages = {463---482},
	title = {Sharp uniform convexity and smoothness inequalities for trace norms},
	volume = {115},
	year = {1994}}

@book{BL00,
	author = {Yoav Benyamini and Joram Lindenstrauss},
	publisher = {American Mathematical Society},
	title = {Geometric Nonlinear Functional Analysis},
	volume = {48},
	year = {2000}}

@article{C64,
	author = {Alberto Calder\'{o}n},
	journal = {Studia Mathematica},
	number = {2},
	pages = {113--190},
	title = {Intermediate spaces and interpolation, the complex method},
	volume = {24},
	year = {1964}}

@book{GLS12,
	author = {Martin Gr{\"o}tschel and L{\'a}szl{\'o} Lov{\'a}sz and Alexander Schrijver},
	publisher = {Springer Science \& Business Media},
	title = {Geometric algorithms and combinatorial optimization},
	volume = {2},
	year = {2012}}

@book{K04,
	author = {Yitzhak Katznelson},
	publisher = {Cambridge University Press},
	title = {An introduction to harmonic analysis},
	year = {2004}}

@article{KLS97,
	author = {Ravi Kannan and L{\'a}szl{\'o} Lov{\'a}sz and Mikl{\'o}s Simonovits},
	journal = RSA,
	number = {1},
	pages = {1--50},
	title = {Random walks and an o*(n5) volume algorithm for convex bodies},
	volume = {11},
	year = {1997}}

@inproceedings{LSV18,
	author = {Yin Tat Lee and Aaron Sidford and Santosh Vempala},
	booktitle = COLT2018,
	title = {Efficient convex optimization with membership oracles},
	year = {2018}}

@article{OS94,
	author = {Edward Odell and Thomas Schlumprecht},
	journal = {Acta Mathematica},
	pages = {259--281},
	title = {The distortion problem},
	volume = {173},
	year = {1994}}

@book{SS03,
	author = {Elias M. Stein and Rami Shakarchi},
	publisher = {Princeton University Press},
	title = {Complex Analysis},
	year = {2003}}

@article{W61,
	author = {David V. Widder},
	journal = {Proceedings of the American Mathematical Society},
	number = {1},
	pages = {67--72},
	title = {Functions harmonic in a strip},
	volume = {12},
	year = {1961}}

@article{B17,
	author = {S{\'e}bastien Bubeck},
	journal = FTML,
	title = {Convex Optimization: Algorithms and Complexity},
	volume = {8},
	year = {2017}}

@article{M05,
	author = {S. Muthukrishnan},
	journal = FTTCS,
	number = {2},
	pages = {117--236},
	title = {Data Streams: Algorithms and Applications},
	volume = {1},
	year = {2005}}

@inproceedings{BBDMW02,
	author = {Brian Babcock and Shivnath Babu and Mayur Datar and Rajeev Motwani and Jennifer Widom},
	booktitle = PODS2002,
	title = {Models and issues in data stream systems},
	year = {2002}}

@article{AMS99,
	author = {Noga Alon and Yossi Matias and Mario Szegedy},
	journal = JCSS,
	number = {1},
	pages = {137--147},
	title = {The space complexity of approximating the frequency moments},
	volume = {58},
	year = {1999}}

@article{W14,
	author = {David P. Woodruff},
	journal = FTTCS,
	number = {1--2},
	pages = {1--157},
	title = {Sketching as a tool for numerical linear algebra},
	volume = {10},
	year = {2014}}

@article{M11,
	author = {Michael W. Mahoney},
	journal = FTML,
	number = {2},
	pages = {123--224},
	title = {Randomized algorithms for matrices and data},
	volume = {3},
	year = {2011}}

@book{SSK98,
	author = {Steven L. Salzberg and David B. Searls and Simon Kasif},
	publisher = {Elsevier},
	title = {Computational methods in molecular biology},
	year = {1998}}

@inproceedings{GR07,
	author = {Mira Gonen and Dana Ron},
	booktitle = APPROXRANDOM2007,
	title = {On the benefits of adaptivity in property testing of dense graphs},
	year = {2007}}

@inproceedings{GR09,
	author = {Oded Goldreich and Dana Ron},
	booktitle = APPROXRANDOM2009,
	title = {Algorithmic aspects of property testing in the dense graph model},
	year = {2009}}

@article{GR10,
	author = {Mira Gonen and Dana Ron},
	journal = ALGORITHMICA,
	number = {4},
	pages = {811--830},
	title = {On the benefits of adaptivity in property testing of dense graphs},
	volume = {58},
	year = {2010}}

@article{CSTWX18,
	author = {Xi Chen and Rocco A. Servedio and Li-Yang Tan and Erik Waingarten and Jinyu Xie},
	journal = JACM,
	number = {6},
	pages = {1--18},
	title = {Settling the query complexity of non-adaptive junta testing},
	volume = {65},
	year = {2018}}

@inproceedings{BCL20,
	author = {Sebastien Bubeck and Sitan Chen and Jerry Li},
	booktitle = FOCS2020,
	title = {Entanglement is necessary for optimal quantum property testing},
	year = {2020}}

@article{HHJWY17,
	author = {Jeongwan Haah and Aram W. Harrow and Zhengfeng Ji and Xiaodi Wu and Nengkun Yu},
	journal = ITIT,
	number = {9},
	pages = {5628--5641},
	title = {Sample-optimal tomography of quantum states},
	volume = {63},
	year = {2017}}

@inproceedings{ABIS19,
	author = {Jayadev Acharya and Sourbh Bhadane and Piotr Indyk and Ziteng Sun},
	booktitle = NIPS2019,
	title = {Estimating Entropy of Distributions in Constant Space},
	year = {2019}}

@article{ACLST20,
	author = {Jayadev Acharya and Cl'{e}ment L. Canonne and Yuhan Liu and Ziteng Sun and Himanshu Tyagi},
	journal = ARXIV # {2007.10976},
	title = {Interactive Inference under Information Constraints},
	year = {2020}}

@article{K55,
	author = {Harold W. Kuhn},
	journal = {Naval Research Logistics Quarterly},
	number = {1--2},
	pages = {83--97},
	title = {The Hungarian method for the assignment problem},
	volume = {2},
	year = {1955}}

@article{M57,
	author = {James Munkres},
	journal = {Journal of the Society for Industrial and Applied Mathematics},
	number = {1},
	pages = {32--38},
	title = {Algorithms for the assignment and transportation problems},
	volume = {5},
	year = {1957}}

@article{EK72,
	author = {Jack Edmonds and Richard M. Karp},
	journal = JACM,
	number = {2},
	pages = {248--264},
	title = {Theoretical improvements in algorithmic efficiency for network flow problems},
	volume = {19},
	year = {1972}}

@inproceedings{AS14,
	author = {Pankaj K. Agarwal and R. Sharathkumar},
	booktitle = STOC2014,
	pages = {555--564},
	title = {Approximation algorithms for bipartite matching with metric and geometric costs},
	year = {2014}}

@inproceedings{S17,
	author = {Jonah Sherman},
	booktitle = SODA2017,
	pages = {772--780},
	title = {Generalized preconditioning and undirected minimum cost flow},
	year = {2017}}

@inproceedings{AM19,
	author = {Kubilay Atasu and Thomas Mittelholzer},
	booktitle = ICML2019,
	title = {Linear-complexity data-parallel earth movers distance approximations},
	year = {2019}}

@inproceedings{BI14,
	author = {Arturs Ba\v{c}kurs and Piotr Indyk},
	booktitle = ICALP2014,
	pages = {280--289},
	title = {Better embeddings for planar earth-mover distance over sparse sets},
	year = {2014}}

@inproceedings{C13,
	author = {Marco Cuturi},
	booktitle = NIPS2013,
	title = {Sinkhorn distances: Lightspeed computation of optimal transport},
	year = {2013}}

@inproceedings{ANOY14,
	author = {Alexandr Andoni and Aleksandar Nikolov and Krzysztof Onak and Grigory Yaroslavtsev},
	booktitle = STOC2014,
	pages = {574--583},
	title = {Parallel algorithms for geometric graph problems},
	year = {2014}}

@inproceedings{BDIRW20,
	author = {Arturs Backurs and Yihe Dong and Piotr Indyk and Ilya Razenshteyn and Tal Wagner},
	booktitle = ICML2020,
	pages = {497--506},
	title = {Scalable nearest neighbor search for optimal transport},
	year = {2020}}

@inproceedings{CCKLW21,
	author = {Canonne, Cl{\'e}ment L. and Xi Chen and Gautam Kamath and Amit Levi and Erik Waingarten},
	booktitle = SODA2021,
	title = {Random restrictions of high dimensional distributions and uniformity testing with subcube conditioning},
	year = {2021}}

@book{AMO93,
	author = {Ravindra K. Ahuja and Thomas L. Magnanti and James B. Orlin},
	publisher = {Prentice Hall},
	title = {Network Flows: Theory, Algorithms, and Applications},
	year = {1993}}

@article{PC19,
	author = {Gabriel Peyr\'{e} and Marco Cuturi},
	journal = FTML,
	number = {5--6},
	pages = {355--607},
	title = {Computational Optimal Transport: With Applications to Data Science},
	volume = {11},
	year = {2019}}

@article{BNNR11,
	author = {Khanh Do Ba and Huy L. Nguyen and Huy N. Nguyen and Ronitt Rubinfeld},
	journal = TOCS,
	number = {2},
	pages = {428--442},
	title = {Sublinear time algorithms for Earth Mover's distance},
	volume = {48},
	year = {2011}}

@book{W19,
	author = {Martin J. Wainwright},
	publisher = {Cambridge University Press},
	title = {High-dimensional statistics: a non-asymptotic viewpoint},
	volume = {48},
	year = {2019}}

@misc{T10,
	author = {Terence Tao},
	howpublished = {What's New Blog \url{https://terrytao.wordpress.com/2010/01/09/254a-notes-3-the-operator-norm-of-a-random-matrix/}},
	month = jan,
	title = {254A, Notes 3: The operator norm of a random matrix},
	year = {2010}}

@article{L05b,
	author = {Lata{\l}a, Rafa{\l}},
	journal = AMS,
	number = {5},
	pages = {1273--1282},
	title = {Some estimates of norms of random matrices},
	volume = {133},
	year = {2005}}

@inproceedings{ANRW21,
	author = {Alexandr Andoni and Aleksandar Nikolov and Ilya Razenshteyn and Erik Waingarten},
	booktitle = SODA2021,
	title = {Approximate nearest neighbors beyond space partitions},
	year = {2021}}

@inproceedings{ACT20,
	author = {Jayadev Acharya and Cl\'{e}ment L. Canonne and Himanshu Tyagi},
	booktitle = COLT2020,
	title = {Distributed signal detection under communication constraints},
	year = {2020}}

@misc{W17,
	author = {Yihong Wu},
	title = {Lecture notes for ECE598YW: Information-theoretic methods for high-dimensional statistics},
	year = {2017}}

@misc{I06b,
	author = {Piotr Indyk},
	howpublished = {IITK Workshop on Algorithms for Data Streams: \url{https://sublinear.info/index.php?title=Open_Problems:7}},
	title = {Problem 7: Estimating Earth-Mover Distance},
	year = {2006}}

@misc{I11,
	author = {Piotr Indyk},
	howpublished = {Bertinoro Workshop on Sublinear Algorithms: \url{https://sublinear.info/index.php?title=Open_Problems:49}},
	title = {Problem 49: Sketching Earth Mover Distance},
	year = {2011}}

@inproceedings{I07,
	author = {Piotr Indyk},
	booktitle = SODA2007,
	title = {A near linear time constant factor approximation for Euclidean bichromatic matching (cost)},
	year = {2007}}

@article{R12,
	author = {Ronitt Rubinfeld},
	journal = {XRDS: Crossroads, The ACM Magazine for Students},
	number = {1},
	pages = {24--28},
	title = {Taming big probability distributions},
	volume = {19},
	year = {2012}}

@inproceedings{GMV06,
	author = {Sudipto Guha and Andrew McGregor and Suresh Venkatasubramanian},
	booktitle = SODA2006,
	title = {Streaming and sublinear approximation of entropy and information distances},
	year = {2006}}

@unpublished{CJLW21,
	author = {Xi Chen and Rajesh Jayaram and Amit Levi and Erik Waingarten},
	title = {New Streaming Algorithms for High-Dimensional EMD and MST},
	year = {2021}}

@inproceedings{JW18,
	author = {Rajesh Jayaram and David Woodruff},
	booktitle = FOCS2018,
	title = {Perfect Lp Sampling in a Data Stream},
	year = {2018}}

@article{S84,
	author = {Hanan Samet},
	journal = {ACM Computing Surveys (CSUR)},
	number = {2},
	pages = {187--260},
	title = {The quadtree and related hierarchical data structures},
	volume = {12},
	year = {1984}}

@inproceedings{I01b,
	author = {Piotr Indyk},
	booktitle = FOCS2001,
	title = {Algorithmic applications of low-distortion geometric embeddings},
	year = {2001}}

@inproceedings{IRW17,
	author = {Piotr Indyk and Ilya Razenshteyn and Tal Wagner},
	booktitle = NIPS2017,
	title = {Practical data-dependent metric compression with provable guarantees},
	year = {2017}}

@article{KNP19,
	author = {Andrey Boris Khesin and Aleksandar Nikolov and Dmitry Paramonov},
	journal = JCG,
	number = {2},
	pages = {234--259},
	title = {Preconditioning for the geometric transportation problem},
	volume = {11},
	year = {2020}}

@inproceedings{B96,
	author = {Yair Bartal},
	booktitle = FOCS1996,
	title = {Probabilistic approximation of metric spaces and its algorithmic applications},
	year = {1996}}

@inproceedings{B98,
	author = {Yair Bartal},
	booktitle = STOC1998,
	title = {On approximating arbitrary metrices by tree metrics},
	year = {1998}}

@inproceedings{CCGGP98,
	author = {Moses Charikar and Chandra Chekuri and Ashish Goel and Sudipto Guha and Serge Plotkin},
	booktitle = FOCS1998,
	title = {Approximating a finite metric by a small number of tree metrics},
	year = {1998}}

@article{FRT04,
	author = {Jittat Fakcharoenphol and Satish Rao and Kunal Talwar},
	journal = JCSS,
	number = {3},
	pages = {485--497},
	title = {A tight bound on approximating arbitrary metrics by tree metrics},
	volume = {69},
	year = {2004}}

@inproceedings{MSCCD13,
	author = {Tomas Mikolov and Ilya Sutskever and Kai Chen and Greg S Corrado and Jeff Dean},
	booktitle = NIPS2013,
	pages = {3111--3119},
	title = {Distributed representations of words and phrases and their compositionality},
	year = {2013}}

@inproceedings{PSM14,
	author = {Jeffrey Pennington and Richard Socher and Christopher Manning},
	booktitle = {Proceedings of the 2014 conference on empirical methods in natural language processing (EMNLP)},
	pages = {1532--1543},
	title = {Glove: Global vectors for word representation},
	year = {2014}}

@inproceedings{LYFC19,
	author = {Tam Le and Makoto Yamada and Kenji Fukumizu and Marco Cuturi},
	booktitle = NEURIPS2019,
	title = {Tree-sliced variants of wasserstein distances},
	year = {2019}}

@inproceedings{AWR17,
	author = {Jason Altschuler and Jonathan Weed and Philippe Rigollet},
	booktitle = NIPS2017,
	title = {Near-linear time approximation algorithms for optimal transport via Sinkhorn iteration},
	year = {2017}}

@inproceedings{GCPB16,
	author = {Aude Genevay and Marco Cuturi and Gabriel Peyr{\'e} and Francis Bach},
	booktitle = NIPS2016,
	title = {Stochastic optimization for large-scale optimal transport},
	year = {2016}}

@article{YO14,
	author = {Arman Yousefi and Rafail Ostrovsky},
	journal = ARXIV # {1404.6287},
	title = {Improved Approximation Algorithms for Earth-Mover Distance in Data Streams},
	year = {2014}}

@inproceedings{HIS13,
	author = {Sariel Har-Peled and Piotr Indyk and Anastasios Sidiropoulos},
	booktitle = SODA2013,
	pages = {804--809},
	title = {Euclidean spanners in high dimensions},
	year = {2013}}

@inproceedings{DGKR19,
	author = {Ilias Diakonikolas and Themis Gouleakis and Daniel M. Kane and Sankeerth Rao},
	booktitle = COLT2019,
	title = {Communication and memory efficient testing of discrete distributions},
	year = {2019}}

@inproceedings{I04b,
	author = {Piotr Indyk},
	booktitle = STOC2004,
	pages = {373--380},
	title = {Algorithms for dynamic geometric problems over data streams},
	year = {2004}}

@inproceedings{ANN16,
	author = {Alexandr Andoni and Assaf Naor and Ofer Neiman},
	booktitle = ICALP2016,
	title = {Impossibility of sketching of the 3D transportation metric with quadratic cost},
	year = {2016}}

@inproceedings{MMR19,
	author = {Konstantin Makarychev and Yuri Makarychev and Ilya Razenshteyn},
	booktitle = STOC2019,
	title = {Performance of Johnson-Lindenstrauss Transform for $k$-Means and $k$-Medians Clustering},
	year = {2019}}

@article{PT20,
	author = {Jeff M. Phillips and Wai Ming Tai},
	journal = DCG,
	number = {4},
	pages = {867--887},
	title = {Near-optimal coresets for kernel density estimates},
	volume = {63},
	year = {2020}}

@inproceedings{CKNS20,
	author = {Moses Charikar and Michael Kapralov and Navid Nouri and Paris Siminelakis},
	booktitle = FOCS2020,
	pages = {172--183},
	title = {Kernel density estimation through density constrained near neighbor search},
	year = {2020}}

@inproceedings{VKKR03,
	author = {W. Fernandez de la Vega and Marek Karpinski and Claire Kenyon and Yuval Rabani},
	booktitle = STOC2003,
	title = {Approximation Schemes for Clustering Problems},
	year = {2003}}

@inproceedings{CD21,
	author = {Xue Chen and Michal Derezi\'{n}ski},
	booktitle = COLT2021,
	title = {Query complexity of learst absolute deviation regression via robust uniform convergence},
	year = {2021}}

@inproceedings{YV18,
	author = {Grigory Yaroslavtsev and Adithya Vadapalli},
	booktitle = ICML2018,
	title = {Massively Parallel Algorithms and Hardness for Single-Linkage Clustering Under $\ell_p$-Distances},
	year = {2018}}

@inproceedings{BBDHKLM17,
	author = {MohammadHossein Bateni and Soheil Behnezhad and Mahsa Derakhshan and MohammadTaghi Hajiaghayi and Raimondas Kiveris and Solvio Lattanzi and Vahab Mirrokni},
	booktitle = NEURIPS2017,
	pages = {6864--6874},
	title = {Affinity Clustering: Hierarchical Clustering at Scale},
	year = {2017}}

@article{SA12,
	author = {R. Sharathkumar and Pankaj K. Agarwal},
	journal = JACM,
	number = {3},
	pages = {18:1--18:19},
	title = {A near-linear time $\epsilon$-approximation algorithm for bipartite geometric matching},
	volume = {67},
	year = {2020}}

@inproceedings{FIS05,
	author = {Gereon Frahling and Piotr Indyk and Christian Sohler},
	booktitle = SOCG2005,
	pages = {142--149},
	title = {Sampling in Dynamic Data Streams and Applications},
	year = {2005}}

@inproceedings{ALS21,
	author = {Ryan Alweiss and Yang P. Liu and Mehtaab Sawhney},
	booktitle = STOC2021,
	title = {Discrepancy minimization via a self-balancing walk},
	year = {2021}}

@inproceedings{CP15,
	author = {Michael B. Cohen and Richard Peng},
	booktitle = STOC2015,
	title = {$\ell_p$ row sampling by Lewis weights},
	year = {2015}}

@inproceedings{CCNY19,
	author = {Moses Charikar and Vaggos Chatziafratis and Rad Niazadeh and Grigory Yaroslavtsev},
	booktitle = AISTATS2019,
	title = {Hierarchical Clustering of Euclidean Data},
	year = {2019}}

@inproceedings{B21,
	author = {Soheil Behnezhad},
	booktitle = FOCS2021,
	title = {Time-optimal sublinear algorithms for matching and vertex cover},
	year = {2021}}

@inproceedings{SW18,
	author = {Christian Sohler and David Woodruff},
	booktitle = FOCS2018,
	pages = {802--813},
	title = {Strong coresets for $k$-median and subspace approximation},
	year = {2018}}

@inproceedings{HV20,
	author = {Lingxiao Huang and Nisheeth K. Vishnoi},
	booktitle = STOC2020,
	pages = {1416--1429},
	title = {Coresets for clustering in Euclidean spaces: importance sampling is nearly optimal},
	year = {2020}}

@inproceedings{FL11,
	author = {Dan Feldman and Michael Langberg},
	booktitle = STOC2011,
	pages = {569--578},
	title = {A unified framework for approximating and clustering data},
	year = {2011}}

@inproceedings{CEMMP15,
	author = {Michael B. Cohen and Sam Elder and Cameron Musco and Christopher Musco and M\u{a}d\u{a}lina Persu},
	booktitle = STOC2015,
	title = {Dimensionality reduction for $k$-means clustering and low rank approximation},
	year = {2015}}

@book{KR09b,
	author = {Leonard Kaufman and Peter J. Rousseeuw},
	publisher = {John Wiley \& Sons},
	title = {Finding groups in data: an introduction to cluster analysis},
	volume = {344},
	year = {2009}}

@inproceedings{NF17,
	author = {James Newling and Fancois Fleuret},
	booktitle = AISTATS2017,
	title = {A sub-quadratic exact medoid algorithm},
	year = {2017}}

@inproceedings{BKNZT18,
	author = {Vivek Bagaria and Govinda M. Kamath and Vasilis Ntranos and Martin J. Zhang and David Tse},
	booktitle = AISTATS2018,
	title = {Medoids in almost linear time via multi-armed bandits},
	year = {2018}}

@inproceedings{BT19,
	author = {Tavor Z. Baharav and David Tse},
	booktitle = NEURIPS2019,
	title = {Ultra fast medoid indentification via correlated sequential halving},
	year = {2019}}

@article{FSS20,
	author = {Dan Feldman and Melanie Schmidt and Christian Sohler},
	journal = SICOMP,
	number = {3},
	pages = {601--657},
	title = {Turning big data into tiny data: constant-size coresets for k-means, PCA, and projective clustering},
	volume = {49},
	year = {2020}}

@article{MM20,
	author = {Cameron Musco and Christopher Musco},
	journal = ARXIV # {2004.08434},
	title = {Projection-cost-preserving sketches: proof strategies and constructions},
	year = {2020}}

@inproceedings{AN13,
	author = {Alexandr Andoni and Huy L. Nguyen},
	booktitle = SODA2013,
	title = {Eigenvalues of a matrix in the streaming model},
	year = {2013}}

@article{SV12,
	author = {Nariankadu D. Shuamalkumar and Katsuri Varadarajan},
	journal = DCG,
	number = {1},
	pages = {44--63},
	title = {Efficient subspace approximation algorithms},
	volume = {47},
	year = {2012}}

@article{BS80,
	author = {Jon Louis Bentley and James B Saxe},
	journal = JoA,
	number = {4},
	pages = {301--358},
	title = {Decomposable searching problems I. Static-to-dynamic transformation},
	volume = {1},
	year = {1980}}

@inproceedings{BFLSY17,
	author = {Vladimir Braverman and Gereon Frahling and Harry Lang and Christian Sohler and Lin F Yang},
	booktitle = ICML2017,
	title = {Clustering high dimensional dynamic data streams},
	year = {2017}}

@book{O13,
	author = {Art B. Owen},
	title = {Monte Carlo theory, methods, and examples},
	year = {2013}}

@inproceedings{HM04,
	author = {Sariel Har-Peled and Soham Mazumdar},
	booktitle = STOC2004,
	pages = {291--300},
	title = {On coresets for $k$-means and $k$-median clustering},
	year = {2004}}

@inproceedings{FSS13,
	author = {Dan Feldman and Melanie Schmidt and Christian Sohler},
	booktitle = SODA2013,
	pages = {1434--1453},
	title = {Turning big data into tiny data: constant-size coresets for k-means, PCA and projective clustering},
	year = {2013}}

@article{BFL16,
	author = {Vladimir Braverman and Dan Feldman and Harry Lang},
	journal = ARXIV # {1612.00889},
	title = {New frameworks for offline and streaming coreset constructions},
	year = {2016}}

@inproceedings{CSS21,
	author = {Vincent Cohen-Addad and David Saulpic and Chris Schwiegelshohn},
	booktitle = STOC2021,
	pages = {169--182},
	title = {A new coreset framework for clustering},
	year = {2021}}

@inproceedings{BHI02,
	author = {Mihai Badoiu and Sariel Har-Peled and Piotr Indyk},
	booktitle = STOC2002,
	title = {Approximate clustering via core-sets},
	year = {2002}}

@article{C09,
	author = {Ke Chen},
	journal = SICOMP,
	number = {3},
	pages = {923--947},
	title = {On coresets for k-median and k-means clustering in metric and Euclidean spaces and their applications},
	volume = {39},
	year = {2009}}

@inproceedings{LS10,
	author = {Michael Langberg and Leonard J. Schulman},
	booktitle = SODA2010,
	title = {Universal epsilon-approximators for integrals},
	year = {2010}}

@inproceedings{HK05,
	author = {Sariel Har-Peled and Akash Kushal},
	booktitle = SOCG2005,
	title = {Smaller coresets for $k$-median and $k$-means clustering},
	year = {2005}}

@article{AHV05,
	author = {Pankaj K. Agarwal and Sariel Har-Peled and Kasturi R. Varadarajan},
	journal = {Combinatorial and computational geometry},
	number = {1},
	pages = {1--30},
	title = {Geometric approximation via coresets},
	volume = {52},
	year = {2005}}

@inproceedings{KNW10,
	author = {Daniel M. Kane and Jelani Nelson and David P. Woodruff},
	booktitle = SODA2010,
	title = {On the exact space complexity of sketching and streaming small norms},
	year = {2010}}

@article{CM05,
	author = {Graham Cormode and Shan Muthukrishnan},
	journal = JoA,
	title = {An improved data stream summary: the count-min sketch and its applications},
	year = {2005}}

@inproceedings{CCF02,
	author = {Moses Charikar and Kevin Chen and Martin Farach-Colton},
	booktitle = ICALP2002,
	title = {Finding frequent items in data streams},
	year = {2002}}

@inproceedings{SS02,
	author = {Michael Saks and Xiaodong Sun},
	booktitle = STOC2002,
	title = {Space lower bounds for distance approximation in the data stream model},
	year = {2002}}

@article{CEFMNRS05,
	author = {Artur Czumaj and Funda Eng\"{u}n and Lance Fortnow and Avner Magen and Ilan Newman and Ronitt Rubinfeld and Christian Sohler},
	journal = SICOMP,
	number = {1},
	pages = {91--109},
	title = {Approximating the weight of the Euclidean minimum spanning tree in sublinear time},
	volume = {35},
	year = {2005}}

@article{CS09,
	author = {Artur Czumaj and Chirstian Sohler},
	journal = SICOMP,
	number = {3},
	pages = {904--922},
	title = {Estimating the weight of metric minimum spanning trees in sublinear time},
	volume = {39},
	year = {2009}}

@inproceedings{KV18,
	author = {Weihao Kong and Gregory Valiant},
	booktitle = NEURIPS2018,
	pages = {5455--5464},
	title = {Estimating learnability in the sublinear data regime},
	year = {2018}}

@inproceedings{KBV20,
	author = {Weihao Kong and Emma Brunskill and Gregory Valiant},
	booktitle = AISTATS2020,
	title = {Sublinear optimal policy value estimation in contextual bandits},
	year = {2020}}

@inproceedings{BGLT20,
	author = {Guy Blanc and Neha Gupta and Jane Lange and Li-Yang Tan},
	booktitle = NEURIPS2020,
	title = {Estimating decision tree learnability with polylogarithmic sample complexity},
	year = {2020}}

@inproceedings{BZD10,
	author = {Christos Boutsidis and Anastasios Zouzias and Petros Drineas},
	booktitle = NEURIPS2010,
	title = {Random projections for $k$-means clustering},
	year = {2010}}

@inproceedings{BBCGS19,
	author = {Luca Becchetti and Marc Bury and Vincent Cohen-Addad and Fabrizio Grandoni and Chris Schwiegelshohn},
	booktitle = STOC2019,
	title = {Oblivious dimension reduction for $k$-means: Beyond Subspaces and the Johnson-Lindenstrauss Lemma},
	year = {2019}}

@article{HSFZ19,
	author = {Wei Hu and Zhao Song and Lin F. Yang and Peilin Zhong},
	journal = ARXIV # {1802.00459},
	title = {Nearly optimal dynamic $k$-means clustering for high-dimensional data},
	year = {2019}}

@inproceedings{CW22,
	author = {Moses Charikar and Erik Waingarten},
	booktitle = ICALP2022,
	pages = {38:1--38:20},
	title = {Polylogarithmic Sketches for Clustering},
	year = {2022}}

@inproceedings{CJLW21b,
	author = {Xi Chen and Rajesh Jayaram and Amit Levi and Erik Waingarten},
	booktitle = COLT2021,
	title = {Learning and testing junta distributions with sub cube conditioning},
	year = {2021}}

@inproceedings{CLPXLDSSR20,
	author = {Beidi Chen and Zichang Liu and Binghui Peng and Zhaozhuo Xu and Jonathan Lingjie Li and Tri Dao and Zhao Song and Anshumali Shrivastava and Christopher Re},
	booktitle = ICLR2020,
	title = {MONGOOSE: A learnable LSH framework for efficient neural network training},
	year = {2020}}

@inproceedings{VX12,
	author = {Kasturi Varadarajan and Xin Xiao},
	booktitle = FSTTCS2012,
	title = {On the sensitivity of shape fitting problems},
	year = {2012}}

@article{EMZ19,
	author = {Hossein Esfandiari and Vahab Mirrokni and Peilin Zhong},
	journal = ARXIV # {1910.00788},
	title = {Streaming balanced clustering},
	year = {2019}}

@inproceedings{VX12b,
	author = {Kasturi Varadarajan and Xin Xiao},
	booktitle = SODA2012,
	title = {A near-linear algorithm for projective clustering of integer points},
	year = {2012}}

@article{APV05,
	author = {Panjak K. Agarwal and Cecilia M. Procopiuc and Kasturi R. Varadarajan},
	journal = ALGORITHMICA,
	pages = {221--230},
	title = {Approximation algorithms for a $k$-line center},
	volume = {42},
	year = {2005}}

@inproceedings{CW09,
	author = {Kenneth L. Clarkson and David P. Woodruff},
	booktitle = STOC2009,
	title = {Numerical linear algebra in the streaming model},
	year = {2009}}

@inproceedings{BIRW16,
	author = {Arturs Backurs and Piotr Indyk and Ilya Razenstheyn and David P. Woodruff},
	booktitle = SODA2016,
	title = {Nearly-optimal bounds for sparse recovery in generic norms, with applications to $k$-median sketching},
	year = {2016}}

@inproceedings{SV07,
	author = {Nariankadu D. Shyamalkumar and Kasturi Varadarajan},
	booktitle = SODA2007,
	title = {Efficient subspace approximation algorithms},
	year = {2007}}

@inproceedings{EV05,
	author = {Michael Edwards and Kasturi Varadarajan},
	booktitle = FSTTCS2005,
	title = {No coreset, no cry: II},
	year = {2005}}

@inproceedings{KR15,
	author = {Michael Kerber and Sharath Raghvendra},
	booktitle = CCCG2015,
	title = {Approximation and Streaming Algorithms for Projective Clustering via Random Projections},
	year = {2015}}

@inproceedings{MMMR18,
	author = {Sepideh Mahabadi and Konstantin Makarychev and Yuri Makarychev and Ilya Razenstheyn},
	booktitle = STOC2018,
	pages = {1088--1101},
	title = {Nonlinear dimension reduction via outer bi-Lipschitz embeddings},
	year = {2018}}

@inproceedings{NN19,
	author = {Shyam Nayaranan and Jelani Nelson},
	booktitle = STOC2019,
	pages = {1064--1069},
	title = {Optimal terminal dimensionality reduction in Euclidean space},
	year = {2019}}

@inproceedings{CN21,
	author = {Yeshwanth Cherapanamjeri and Jelani Nelson},
	booktitle = FOCS2021,
	pages = {1209--1216},
	title = {Terminal embeddings in sublinear time},
	year = {2021}}

@article{EFN17,
	author = {Michael Elkin and Arnold Filter and Ofer Neiman},
	journal = TCS,
	pages = {1--36},
	title = {Terminal Embeddings},
	volume = {697},
	year = {2017}}

@inproceedings{NSIZ21,
	author = {Shyam Narayanan and Sandeep Silwal and Piotr Indyk and Or Zamir},
	booktitle = ICML2021,
	title = {Randomized dimensionality reduction for facility location and single-linkage clustering},
	year = {2021}}

@inproceedings{ISZ21,
	author = {Zachary Izzo and Sandeep Silwal and Samson Zhou},
	booktitle = NEURIPS2021,
	title = {Dimensionality reduction for wasserstein barycenter},
	year = {2021}}

@inproceedings{S06,
	author = {Tamas Sarlos},
	booktitle = FOCS2006,
	title = {Improved approximation algorithms for large matrices via random projections},
	year = {2006}}

@article{DG03,
	author = {Sanjoy Dasgupta and Anupam Gupta},
	journal = RSA,
	number = {1},
	pages = {60--65},
	title = {An elementary proof of a theorem of Johnson and Lindenstrauss},
	volume = {22},
	year = {2003}}

@inproceedings{BBHJKW20,
	author = {Daniel Baker and Vladimir Braverman and Lingxiao Huang and Shaofeng H-C Jiang and Robert Krauthgamer and Xuan Wu},
	booktitle = ICML2020,
	pages = {569--579},
	title = {Coresets for clustering in graphs of bounded treewidth},
	year = {2020}}

@inproceedings{CLSS22,
	author = {Vincent Cohen-Addad and Kasper Green Larsen and David Saulpic and Chris Schwiegelshohn},
	booktitle = STOC2022,
	pages = {1038---1051},
	title = {Towards optimal lower bounds for $k$-median and $k$-means coresets},
	year = {2022}}

@inproceedings{HV02,
	author = {Sariel Har-Peled and Kasturi Varadarajan},
	booktitle = SOCG2002,
	title = {Projective clustering in high-dimensions using core-sets},
	year = {2002}}

@article{AP03,
	author = {Panjak K Agarwal and Cecilia M Procopiuc},
	booktitle = JoA,
	journal = JoA,
	number = {2},
	pages = {115--139},
	title = {Approximation algorithms for projective clustering},
	volume = {46},
	year = {2003}}

@article{DRVW06,
	author = {Amit Deshpande and Luis Rademacher and Santosh Vempala and Grant Wang},
	journal = ToC,
	number = {1},
	pages = {225--247},
	title = {Matrix approximation and projective clustering via volume sampling},
	volume = {2},
	year = {2006}}

@article{TWZBF22,
	author = {Murad Tukan and Xuan Wu and Samson Zhou and Vladimir Braverman and Dan Feldman},
	journal = ARXIV # {2203.04370},
	title = {New coresets for projective clustering and applications},
	year = {2022}}

@article{MP03,
	author = {Ramgopal R. Mettu and C. Greg Plaxton},
	journal = SICOMP,
	number = {3},
	pages = {816--832},
	title = {The online median problem},
	volume = {32},
	year = {2003}}

@inproceedings{BCIS05,
	author = {Mihai B\u{a}doiu and Artur Czumaj and Piotr Indyk and Christian Sohler},
	booktitle = ICALP2005,
	title = {Facility location in sublinear time},
	year = {2005}}

@inproceedings{KSS04,
	author = {Amit Kumar and Yogish Sabharwal and Sandeep Sen},
	booktitle = FOCS2004,
	title = {A simple linear time $(1+\epsilon)$-approximation algorithm for $k$-means clustering in any dimension},
	year = {2004}}

@inproceedings{CJKVY22,
	author = {Artur Czumaj and Shaofeng H.-C. Jiang and Robert Krauthgamer and Pavel Vesel\'{y} and Mingwei Yang},
	booktitle = FOCS2022,
	pages = {450--461},
	title = {Streaming facility location in high dimension via geometric hashing},
	year = {2022}}

@inproceedings{CJLW22,
	author = {Xi Chen and Rajesh Jayaram and Amit Levi and Erik Waingarten},
	booktitle = STOC2022,
	pages = {222--233},
	title = {New streaming algorithms for high dimensional {EMD} and {MST}},
	year = {2022}}

@inproceedings{GU19,
	author = {Mohsen Ghaffari and Jara Uitto},
	booktitle = SODA2019,
	title = {Sparsifying distributed algorithms with ramifications in massively parallel computation and centralized local computation},
	year = {2019}}

@inproceedings{BJKW21,
	author = {Vladimir Braverman and Shaofeng H.-C. Jiang and Robert Krauthgamer and Xuan Wu},
	booktitle = SODA2021,
	title = {Coresets for clustering in excluded-minor graphs and beyond},
	year = {2021}}

@inproceedings{ACRX22,
	author = {Pankaj K. Agarwal and Hsien-Chih Chang and Sharath Raghvendra and Allen Xiao},
	booktitle = STOC2022,
	pages = {1052--1065},
	title = {Deterministic, Near-Linear $\epsilon$-Approximation Algorithm for Geometric Bipartite Matching},
	year = {2022}}

@inproceedings{CKLPPS22,
	author = {Li Chen and Rasmus Kyng and Yang P. Liu and Richard Peng and Maximilian Probst Gutenberg and Sushant Sachdeva},
	booktitle = FOCS2022,
	title = {Maximum Flow and Minimum-Cost Flow in Almost-Linear Time},
	year = {2022}}

@article{ADDJS93,
	author = {Ingo Alth\"{o}fer and Gautam Das and David Dobkin and Deborah Joseph and Jose Soares},
	journal = DCG,
	pages = {81--100},
	title = {On sparse spanners of weighted graphs},
	volume = {9},
	year = {1993}}

@inproceedings{BIMW21,
	author = {Arturs Backurs and Piotr Indyk and Cameron Musco and Tal Wagner},
	booktitle = ICML2021,
	title = {Faster Kernel Matrix Algebra via Density Estimation},
	year = {2021}}

@inproceedings{SRBCL19,
	author = {Paris Siminelakis and Kexin Rong and Peter Bailis and Moses Charikar and Philip Levis},
	booktitle = ICML2019,
	title = {Rehashing kernel evaluation in high dimensions},
	year = {2019}}

@inproceedings{Q19,
	author = {Kent Quanrud},
	booktitle = SOSA2019,
	title = {Approximating the optimal transport with linear programs},
	year = {2019}}

@book{HP11,
	author = {Sariel Har-Peled},
	number = {173},
	publisher = {American Mathematical Society},
	title = {Geometric approximation algorithms},
	year = {2011}}

@book{W04,
	author = {Holger Wendland},
	publisher = {Cambridge University Press},
	title = {Scattered Data Approximation},
	year = {2004}}

@inproceedings{H04,
	author = {Sariel Har-Peled},
	booktitle = FSTTCS2004,
	title = {No, coreset, no cry},
	year = {2004}}

@article{CW17,
	author = {Kenneth L. Clarkson and David P. Woodruff},
	journal = JACM,
	number = {6},
	pages = {1--45},
	title = {Low-rank approximation and regression in input sparsity time},
	volume = {63},
	year = {2017}}

@article{A09b,
	author = {Noga Alon},
	journal = CPC,
	number = {1-2},
	pages = {3--15},
	title = {Perturbed identity matrices have high rank: proof and applications},
	volume = {18},
	year = {2009}}

@article{CMS76,
	author = {John M. Chambers and Colin L. Mallows and B. W. Stuck},
	journal = JASA,
	number = {354},
	pages = {340--344},
	title = {A Method for Simulating Stable Random Variables},
	volume = {71},
	year = {1976}}

@inproceedings{A19,
	author = {Josh Alman},
	booktitle = SOSA2019,
	pages = {2:1--2:11},
	title = {An Illuminating Algorithm for the Light Bulb Problem},
	year = {2019}}

@article{MS84,
	author = {Nimrod Meggido and Kenneth J. Supowit},
	journal = SICOMP,
	number = {1},
	title = {On the complexity of some common geometric location problems},
	volume = {13},
	year = {1984}}

@article{G85,
	author = {Teofilo F. Gonzalez},
	journal = TCS,
	pages = {293--306},
	title = {Clustering to minimize the maximum intercluster distance},
	volume = {38},
	year = {1985}}

@book{KT05,
	author = {Jon Kleinberg and Eva Tardos},
	publisher = {Pearson Education},
	title = {Algorithm Design},
	year = {2005}}

@inproceedings{AV07,
	author = {David Arthur and Sergei Vassilvitskii},
	booktitle = SODA2007,
	title = {$k$-means++: The advantages of careful seeding},
	year = {2007}}

@misc{D13,
	author = {Sanjoy Dasgupta},
	howpublished = {\url{https://cseweb.ucsd.edu/~dasgupta/291-geom/kmeans.pdf}},
	title = {Lecture 3 - Algorithms for $k$-means clustering. CSE 291: Geometric algorithms},
	year = {2013}}

@misc{F14,
	author = {Dan Feldman},
	howpublished = {\url{https://people.csail.mit.edu/dannyf/#research}},
	title = {Introduction to Coresets. Machine Learning Summer School at CMU},
	year = {2014}}

@article{F20,
	author = {Dan Feldman},
	journal = ARXIV # {2011.09384},
	title = {Introduction to Core-sets: an Updated Survey},
	year = {2020}}

@article{N92,
	author = {Noam Nisan},
	journal = COMBINATORICA,
	number = {4},
	pages = {449--461},
	title = {Pseudorandom generators for space-bounded computation},
	volume = {12},
	year = {1992}}

@inproceedings{GR22,
	author = {Oded Goldreich and Dana Ron},
	booktitle = ITCS2022,
	title = {Testing Distributions of Huge Objects},
	year = {2022}}

@inproceedings{R19,
	author = {Dhruv Rohatgi},
	booktitle = APPROXRANDOM2019,
	pages = {12:1--12:17},
	title = {Conditional Hardness of Earth Movers Distance},
	year = {2019}}

@inproceedings{ACB17,
	author = {Martin Arjovsky and Soumith Chintala and L\'{e}on Bottou},
	booktitle = ICML2017,
	title = {Wasserstein generative adversarial networks},
	year = {2017}}

@article{CFTR16,
	author = {Nicolas Courty and R\'{e}my Flamary and Devis Tuia and Alain Rakotomamonjy},
	journal = TPAMI,
	number = {9},
	pages = {1853 - 1865},
	title = {Optimal transport for domain adaptation},
	volume = {39},
	year = {2016}}

@inproceedings{ABRN19,
	author = {Jason Altschuler and Francis Bach and Alessandro Rudi and Jonathan Niles-Weed},
	booktitle = NEURIPS2019,
	title = {Massively scalable Sinkhorn distances via the Nystr{\"o}m method},
	year = {2019}}

@article{BRPP15,
	author = {Nicolas Bonneel and Julien Rabin and Gabriel Peyr\'{e} and Hanspeter Pfister},
	journal = {Journal of Mathematical Imaging and Vision},
	title = {Sliced and Radon Wasserstein Barycenters of Measures},
	volume = {51},
	year = {2015}}

@inproceedings{PC19b,
	author = {Fran{\c{c}}ois-Pierre Paty and Marco Cuturi},
	booktitle = ICML2019,
	title = {Subspace robust Wasserstein distances},
	year = {2019}}

@inproceedings{BIKSZ22,
	author = {Ainesh Bakshi and Piotr Indyk and Praneeth Kacham and Sandeep Silwal and Samson Zhou},
	booktitle = ARXIV # {2212.00642},
	title = {Sub-quadratic algorithms for kernel matrices via kernel density estimation},
	year = {2022}}

@article{DKM06,
	author = {Petros Drineas and Ravi Kannan and Michael W. Mahoney},
	journal = SICOMP,
	number = {1},
	pages = {132--157},
	title = {Fast Monte Carlo algorithms for matrices I: Approximating matrix multiplication},
	volume = {36},
	year = {2006}}

@inbook{N16,
	author = {Jelani Nelson},
	chapter = {Encyclopedia of Algorithms},
	editor = {Ming-Yang Kao},
	pages = {1430--1434},
	publisher = {Springer New York},
	title = {Oblivious Subspace Embeddings},
	year = {2016}}

@inproceedings{NN13,
	author = {Jelani Nelson and Huy L. Nguyen},
	booktitle = FOCS2013,
	title = {OSNAP: Faster numerical linear algebra via sparser subspace embeddings},
	year = {2013}}

@inproceedings{MM17,
	author = {Cameron Musco and Christopher Musco},
	booktitle = NIPS2017,
	title = {Recursive sampling for the Nystr\"{o}m method},
	year = {2017}}

@inproceedings{RR08,
	author = {Ali Rahimi and Benjamin Recht},
	booktitle = NIPS2008,
	title = {Random features for large-scale kernel machines},
	year = {2008}}

@inproceedings{AKMMVZ17,
	author = {Haim Avron and Michael Kapralov and Cameron Musco and Christopher Musco and Ameya Velingker and Amir Zandieh},
	booktitle = ICML2017,
	title = {Random fourier features for kernel ridge regression: Approximationbounds and statistical guarantees},
	year = {2017}}

@inproceedings{ANW14,
	author = {Haim Avron and Huy L. Nguyen and David P. Woodruff},
	booktitle = NIPS2014,
	title = {Subspace embeddings for the polynomial kernel},
	year = {2014}}

@article{ACW17,
	author = {Haim Avron and Kenneth L. Clarkson and David P. Woodruff},
	journal = SJMAA,
	number = {4},
	pages = {1116--1138},
	title = {Faster kernel ridge regressionusing sketching and preconditioning},
	volume = {38},
	year = {2017}}

@inproceedings{ACW17b,
	author = {Haim Avron and Kenneth L. Clarkson and David P. Woodruff},
	booktitle = APPROXRANDOM2017,
	title = {Sharper bounds for regularized data fitting},
	year = {2017}}

@inproceedings{AKKPVWZ20,
	author = {Thomas D. Ahle and Michel Kapralov and Jakob B. T. Knudsen and Rasmus Pagh and Ameya Velingker and David P. Woodruff and Amir Zandieh},
	booktitle = SODA2020,
	title = {Oblivious sketching of high-degree polynomial kernels},
	year = {2020}}

@inproceedings{SZK14,
	author = {Erich Schubert and Arthur Zimek and Hans-Peter Kriegel},
	booktitle = ICDM2014,
	title = {Generalized outlier detection with flexible kernel density estimates},
	year = {2014}}

@article{LT80,
	author = {Richard J. Lipton and Robert E. Tarjan},
	journal = SICOMP,
	number = {3},
	pages = {615--627},
	title = {Applications of a planar separator theorem},
	volume = {9},
	year = {1980}}

@misc{FAISSMANUAL,
	author = {James Briggs},
	howpublished = {\url{https://www.pinecone.io/learn/faiss/}},
	title = {Faiss: The Missing Manual}}

@inproceedings{R18,
	author = {Aviad Rubinstein},
	booktitle = FOCS2018,
	pages = {1260--1268},
	title = {Hardness of approximate nearest neighbor search},
	year = {2018}}

@book{N20,
	author = {Jelani Nelson},
	note = {Lecture Notes: \url{https://www.sketchingbigdata.org/fall20/lec/notes.pdf}},
	title = {Sketching Algorithms},
	year = {2020}}

@inproceedings{D00b,
	author = {David L. Donoho},
	booktitle = ICM2000,
	title = {High-Dimensional Data Analysis: The Curses and Blessings of Dimensionality},
	year = {2000}}

@misc{HL19,
	author = {Geoffrey Hinton and Yann LeCun},
	howpublished = {2018 ACM A.M. Turing Award Lecture},
	month = jul,
	title = {The Deep Learning Revolution},
	year = {2019}}

@inproceedings{GEB16,
	author = {Leon A. Gatys and Alexander S. Ecker and Mattias Bethge},
	booktitle = CVPR2016,
	pages = {2414--2423},
	title = {Image style transfer using convolutional neural networks},
	year = {2016}}

@inproceedings{RTVX11,
	author = {Ronitt Rubinfeld and Gil Tamir and Shai Vardi and Ning Xie},
	booktitle = ICS2011,
	pages = {223--238},
	title = {Fast local computation algorithms},
	year = {2011}}

@inproceedings{ARVX12,
	author = {Noga Alon and Ronitt Rubinfeld and Shai Vardi and Ning Xie},
	booktitle = SODA2012,
	pages = {1132--1139},
	title = {Space-efficient local computation algorithms},
	year = {2012}}

@inproceedings{I03,
	author = {Piotr Indyk},
	booktitle = SODA2003,
	title = {Better algorithms for high-dimensional proximity problems via asymmetric embeddings},
	year = {2003}}

@article{AS15,
	author = {Pankaj K Agarwal and Sharathkumar R},
	journal = ALGORITHMICA,
	number = {83---98},
	title = {Streaming Algorithms for Extent Problems in High Dimensions},
	volume = {72},
	year = {2015}}

@article{FK01,
	author = {Wenceslas Fernandez de la Vega and Claire Kenyon},
	journal = JCSS,
	number = {4},
	pages = {531---541},
	title = {A randomized approximation scheme for metric MAX-CUT},
	volume = {63},
	year = {2001}}

@inproceedings{CJK23,
	author = {Xiaoyu Chen and Shaofeng H.-C. Jiang and Robert Krauthgamer},
	booktitle = STOC2023,
	pages = {170--182},
	title = {Streaming Euclidean Max-Cut: Dimension vs Data Reduction},
	year = {2023}}

@article{DM16,
	author = {Petros Drineas and Michael W Mahoney},
	journal = CACM,
	number = {6},
	pages = {80--90},
	title = {RandNLA: randomized numerical linear algebra},
	volume = {59},
	year = {2016}}

@inproceedings{BIGANN21,
	author = {Harsha Vardhan Simhadri and George Williams and Martin Aum\"{u}ler and Matthijs Douze and Artem Babenko and Dmitry Baranchuk and Qi Chen and Lucas Hosseini and Ravishankar Krishnaswamy and Gopal Srinivasa and Shuas Jayaram Subramanya and Jingdong Wang},
	booktitle = NEURIPS2021,
	pages = {177--189},
	title = {Results of the {NeurIPS'21} Challenge on Billion-Scale Approximate Nearest Neighbor Search},
	year = {2021}}

@inproceedings{SS22,
	author = {Chris Schwiegelshohn and Omar Ali Sheikh-Omar},
	booktitle = ESA2022,
	title = {An empirical evaluation of $k$-means coresets},
	year = {2022}}

@misc{CE23,
	author = {Vincent Cohen-Addad and Alessandro Epasto},
	howpublished = {Google Research Blog: \url{https://ai.googleblog.com/2023/05/differentially-private-clustering-for.html}},
	month = may,
	title = {Differentially private clustering for large-scale datasets},
	year = {2023}}

@inproceedings{CCJLW23,
	author = {Xi Chen and Vincent Cohen-Addad and Rajesh Jayaram and Amit Levi and Erik Waingarten},
	booktitle = STOC2023,
	pages = {156--169},
	title = {Streaming Euclidean MST to a constant factor},
	year = {2023}}

@inproceedings{CCRW23,
	author = {Moses Charikar and Beidi Chen and Christopher R\'{e} and Erik Waingarten},
	booktitle = COLT2023,
	title = {Fast Algorithms for a New Relaxation of Optimal Transport},
	year = {2023}}

@article{RT81,
	author = {Edward M. Reingold and Robert E. Tarjan},
	journal = SICOMP,
	number = {4},
	pages = {676--681},
	title = {On a greedy heuristic for complete matching},
	volume = {10},
	year = {1981}}

@inproceedings{KSS19,
	author = {Nicholas Kolkin and Jason Salavon and Greg Shakhnarovich},
	booktitle = CVPR2019,
	pages = {10051--10060},
	title = {Style Transfer by Relaxed Optimal Transport and Self-Similarity},
	year = {2019}}

@inproceedings{BIJSW23,
	author = {Ainesh Bakshi and Piotr Indyk and Rajesh Jayaram and Sandeep Silwal and Erik Waingarten},
	note = {In submission.},
	title = {A near-linear time algorithms for the Chamfer distance},
	year = {2023}}

@inproceedings{CS20,
	author = {Artur Czumaj and Christian Sohler},
	booktitle = SODA2020,
	title = {Sublinear time approximation of the cost of a metric $k$-nearest neighbor graph},
	year = {2020}}

@article{HK73,
	author = {John E. Hopcroft and Richard M. Karp},
	journal = SICOMP,
	number = {4},
	pages = {225---231},
	title = {An $n^{5/2}$ algorithm for maximum matchings in bipartite graphs},
	volume = {2},
	year = {1973}}

@article{BOR04,
	author = {Allan Borodin and Rafail Ostrovsky and Yuval Rabani},
	journal = {Machine Learning},
	pages = {153--167},
	title = {Subquadratic approximation algorithms for clustering problems in high dimensional spaces},
	volume = {56},
	year = {2004}}

@article{Y82,
	author = {Andrew Chi-Chih Yao},
	journal = SICOMP,
	number = {4},
	pages = {721--736},
	title = {On constructing minimum spanning trees in k-dimensional spaces and related problems},
	volume = {11},
	year = {1982}}

@article{C85,
	author = {Bernard Chazelle},
	journal = {Information and Control},
	number = {1--3},
	pages = {77--99},
	title = {How to search in history},
	volume = {64},
	year = {1985}}

@article{E95,
	author = {David Eppstein},
	journal = DCG,
	pages = {111--122},
	title = {Dynamic Euclidean minimum spanning trees and extrema of binary functions},
	volume = {13},
	year = {1995}}

@article{AESV91,
	author = {Pankaj K. Agarwal and Herbert Edelsbrunner and Otfried Schwarzkopf and Emo Welzl},
	journal = DCG,
	pages = {407--422},
	title = {Euclidean minimum spanning trees and bichromatic closest pairs},
	volume = {6},
	year = {1991}}

@inbook{R76,
	author = {Michael Rabin},
	chapter = {Probabilistic Algorithms},
	pages = {21--39},
	publisher = {Academic Press},
	title = {Algorithms and Complexity. Recent Results and New Directions},
	year = {1976}}

@inproceedings{SH75,
	author = {Michael Ian Shamos and Dan Hoey},
	booktitle = FOCS1975,
	pages = {151--162},
	title = {Closest-point Problems},
	year = {1975}}

@inproceedings{C83,
	author = {Kenneth L Clarkson},
	booktitle = FOCS1983,
	pages = {226--232},
	title = {Fast algorithms for the all nearest neighbors problem},
	year = {1983}}

@inproceedings{CKW24,
	author = {Moses Charikar and Michael Kapralov and Erik Waingarten},
	booktitle = SODA2024,
	note = {In submission.},
	title = {A quasi-Monte Carlo data structure for smooth kernel evaluations},
	year = {2024}}

@article{CHHVW23,
	author = {Moses Charikar and Monika Henzinger and Lunjia Hu and Maximilian V\"{o}stch and Erik Waingarten},
	note = {In submission.},
	title = {Simple, scalable, and effective clustering via one-dimensional projections},
	year = {2023}}

@article{CW23,
	author = {Moses Charikar and Erik Waingarten},
	note = {In submission.},
	title = {The {Johnson-Lindenstrauss} Lemma for Clustering and Subspace Approximation: From Coresets to Dimension Reduction},
	year = {2023}}

@article{POT,
	author = {R{\'e}mi Flamary and Nicolas Courty and Alexandre Gramfort and Mokhtar Z. Alaya and Aur{\'e}lie Boisbunon and Stanislas Chambon and Laetitia Chapel and Adrien Corenflos and Kilian Fatras and Nemo Fournier and L{\'e}o Gautheron and Nathalie T.H. Gayraud and Hicham Janati and Alain Rakotomamonjy and Ievgen Redko and Antoine Rolet and Antony Schutz and Vivien Seguy and Danica J. Sutherland and Romain Tavenard and Alexander Tong and Titouan Vayer},
	journal = JMLR,
	number = {78},
	pages = {1--8},
	title = {POT: Python Optimal Transport},
	volume = {22},
	year = {2021}}

@article{scikit,
	author = {Pedregosa, F. and Varoquaux, G. and Gramfort, A. and Michel, V. and Thirion, B. and Grisel, O. and Blondel, M. and Prettenhofer, P. and Weiss, R. and Dubourg, V. and Vanderplas, J. and Passos, A. and Cournapeau, D. and Brucher, M. and Perrot, M. and Duchesnay, E.},
	journal = JMLR,
	pages = {2825--2830},
	title = {Scikit-learn: Machine Learning in {P}ython},
	volume = {12},
	year = {2011}}

@article{FAISS,
	author = {Jeff Johnson and Matthijs Douze and Herv\'{e} J\'{e}gou},
	journal = {IEEE Transactions of Big Data},
	number = {3},
	pages = {535--547},
	title = {Billion-scale similarity search with {GPUs}},
	volume = {7},
	year = {2019}}

@article{GT91,
	author = {Harold N Gabow and Robert E Tarjan},
	journal = JACM,
	pages = {815--853},
	title = {Faster scaling algorithms for general graph matching problems},
	volume = {38},
	year = {1991}}

@inproceedings{ACSZ20,
	author = {Josh Alman and Timothy Chu and Aaron Schild and Zhao Song},
	booktitle = FOCS2020,
	pages = {541--552},
	title = {Algorithms and Hardness for Linear Algebra on Geometric Graphs},
	year = {2020}}

@article{ABF19,
	author = {Martin Aum\"{u}ller and Erik Bernhardsson and Alexander Faithfull},
	journal = {Information Systems},
	title = {ANN-Benchmarks: A Benchmarking Tool for Approximate Nearest Neighbor Algorithms},
	year = {2019}}

@misc{CIS7000,
	author = {Erik Waingarten},
	title = {Course Website for ``{Algorithms for Big Data}'': \url{https://sites.google.com/site/erikwaing/home/teaching/cis-7000-spring-2023}.}}

@misc{TCS+,
	title = {{TCS+}: \url{www.tcsplus.org}}}

@article{AVKK03,
	author = {Noga Alon and W. Fernandez de la Vega and Ravi Kannan and Marek Karpinsky},
	journal = JCSS,
	pages = {212--243},
	title = {Random sampling and approximation of {MAX}-{CSP}s},
	volume = {67},
	year = {2003}}

@inproceedings{DNT21,
	author = {Deepanshu Kush and Aleksandar Nikolov and Haohua Tang},
	booktitle = SOCG2021,
	title = {Near Neighbor Search via Efficient Average Distortion Embeddings},
	year = {2021}}

@article{JDS11,
	author = {Herve J\'{e}gou and Matthijs Douze and Cordelia Schmid},
	journal = TPAMI,
	number = {1},
	pages = {117--128},
	title = {Product quantization for nearest neighbor search},
	volume = {33},
	year = {2011}}

@inproceedings{ACRX22,
	author = {Pankaj K Agarwal and Hsien-Chih Chang and Sharath Raghvendra and Allen Xiao},
	booktitle = STOC2022,
	title = {Deterministic, near-linear $\epsilon$-approximation algorithm for geometric bipartite matching},
	year = {2022}}

@inproceedings{FL23,
	author = {Emily Fox and Jiashuai Lu},
	booktitle = FOCS2023,
	title = {A deterministic near-linear time approximation scheme for geometric transportation},
	year = {2023}}

@inproceedings{AFPVX17,
	author = {Pankaj Agarwal and Kyle Fox and Debmalya Panigrahi and Kasturi Varadarajan and Allen Xiao},
	booktitle = SOCG2017,
	title = {Faster algorithms for the geometric transportation problem},
	year = {2017}}

@inproceedings{WY22,
	author = {David P Woodruff and Taisuke Yasuda},
	booktitle = FOCS2022,
	title = {High-dimensional geometric streaming in polynomial space},
	year = {2022}}

@inproceedings{MS08,
	author = {Claire Mathieu and Warren Schudy},
	booktitle = SODA2008,
	title = {Yet another algorithm for dense max cut: go greedy},
	year = {2008}}

@inproceedings{Z23,
	author = {Goran Zuzic},
	booktitle = ESA2023,
	title = {A simple boosting framework for transshipment},
	year = {2023}}

@inproceedings{SDM22,
	author = {Abhishek Shetty and Raaz Dwivedi and Lester Mackey},
	booktitle = ICLR2022,
	title = {Distribution compression in near-linear time},
	year = {2022}}

@inproceedings{BKKS20,
	author = {Vladimir Braverman and Robert Krauthgamer and Aditya Krishnan and Roi Sinoff},
	booktitle = ICML2020,
	title = {Schatten norms in matrix streams: Hello sparsity, goodbye dimension},
	year = {2020}}

@inproceedings{L02,
	author = {Nathan Linial},
	booktitle = SOCG2002,
	title = {Finite metric spaces: combinatorics, geometry, algorithms},
	year = {2002}}

@inproceedings{PR01,
	author = {Michal Parnas and Dana Ron},
	booktitle = STOC2001,
	title = {Testing metric properties},
	year = {2001}}

@article{AKKR08,
	author = {Noga Alon and Tali Kaufman and Michael Krivelevich and Dana Ron},
	journal = SIDM,
	number = {2},
	title = {Testing triangle-freeness in general graphs},
	volume = {22},
	year = {2008}}

@article{A02,
	author = {Noga Alon},
	journal = RSA,
	number = {3--4},
	title = {Testing subgraphs in large graphs},
	volume = {21},
	year = {2002}}

@inproceedings{CFLM22,
	author = {Vincent Cohen-Addad and Chenglin Fan and Euiwoong Lee and Arnaud de Mesmay},
	booktitle = FOCS2022,
	title = {Fitting metric and ultrametrics with minimum disagreements},
	year = {2022}}

@inproceedings{FRB18,
	author = {Chenglin Fan and Benjamin Raichel and Gregory van Buskirk},
	booktitle = SODA2018,
	title = {Metric violation distance: hardness and approximation},
	year = {2018}}

@inproceedings{CG23,
	author = {Moses Charikar and Ruiquan Gao},
	booktitle = SODA2023,
	title = {Improved approximations for ultrametric violation distance},
	year = {2023}}

@inproceedings{K23,
	author = {Evangelos Kipouridis},
	booktitle = ESA2023,
	title = {Fitting tree metrics with minimum disagreements},
	year = {2023}}

@inproceedings{FN01,
	author = {Eldar Fischer and Ilan Newman},
	booktitle = STOC2001,
	title = {Testing of matrix properties},
	year = {2001}}

@inproceedings{BLWZ19,
	author = {Maria-Florina Balcan and Yi Li and David P. Woodruff and Hongyang Zhang},
	booktitle = SODA2019,
	title = {Testing matrix rank, optimally},
	year = {2019}}

@inproceedings{LWW14,
	author = {Yi Li and Zhengyu Wang and David P. Woodruff},
	booktitle = KDD2014,
	title = {Improved testing of low rank matrices},
	year = {2014}}

@inproceedings{BCJ20,
	author = {Ainesh Bakshi and Nadiia Chepurko and Rajesh Jayaram},
	booktitle = FOCS2020,
	title = {Testing positive semi-definiteness via random submatrices},
	year = {2020}}

@inproceedings{B23,
	author = {Nader H. Bshouty},
	booktitle = MFCS2023,
	title = {On property testing of the binary rank},
	year = {2023}}

@article{BDDMR24,
	author = {Rajarshi Bhattacharjee and Gregory Dexter and Petros Drineas and Cameron Musco and Archan Ray},
	journal = ALGORITHMICA,
	pages = {1764--1829},
	title = {Sublinear time eigenvalue approximation via random sampling},
	volume = {86},
	year = {2024}}

@book{BY22,
	author = {Arnab Bhattacharyya and Yuichi Yoshida},
	publisher = {Springer Singapore},
	title = {Property Testing: Problems and Techniques},
	year = {2022}}

@inproceedings{KS03,
	author = {Robert Krauthgamer and Ori Sasson},
	booktitle = SODA2003,
	title = {Property testing of data dimensionality},
	year = {2003}}

@inproceedings{O08,
	author = {Krzysztof Onak},
	booktitle = ICALP2008,
	title = {Testing properties of sets of points in metric spaces},
	year = {2008}}

@inproceedings{CSZ00,
	author = {Artur Czumaj and Christian Sohler and Martin Ziegler},
	booktitle = ESA2000,
	title = {Property testing in computational geometry},
	year = {2000}}

@inproceedings{CS01,
	author = {Artur Czumaj and Christian Sohler},
	booktitle = ESA2001,
	title = {Property testing with geometric queries},
	year = {2001}}

@inproceedings{CLM03,
	author = {Bernard Chazelle and Ding Liu and Avner Magen},
	booktitle = STOC2003,
	title = {Sublinear geometric algorithms},
	year = {2003}}

@article{CS10,
	author = {Artur Czumaj and Christian Sohler},
	journal = {Property Testing: current research and surveys},
	title = {Sublinear-time algorithms},
	year = {2010}}

@article{B74,
	author = {Peter Buneman},
	journal = JCTB,
	number = {1},
	pages = {48--50},
	title = {A note on the metric properties of trees},
	volume = {17},
	year = {1974}}

@book{Z23b,
	author = {Yufei Zhao},
	publisher = {Cambridge University Press},
	title = {Graph Theory and Additive Combinatorics},
	year = {2023}}

@inproceedings{CLSSS22,
	author = {Vincent Cohen-Addad and Kasper Green Larsen and David Saulpic and Chris Schwiegelshohn and Omar Ali Sheikh-Omar},
	booktitle = NEURIPS2022,
	title = {Improved coresets for Euclidean $k$-means},
	year = {2022}}

@inproceedings{BCJKSTW22,
	author = {Vladimir Braverman and Vincent Cohen-Addad and H-C Shaofeng Jiang and Robert Krauthgamer and Chris Schwiegelshohn and Mads Bech Toftrup and Xuan Wu},
	booktitle = FOCS2022,
	title = {The power of uniform sampling for coresets},
	year = {2022}}

@inproceedings{HLW24,
	author = {Lingxiao Huang and Jian Li and Xuan Wu},
	booktitle = STOC2024,
	title = {On optimal coreset construction for Euclidean $(k, z)$-clustering},
	year = {2024}}

@inproceedings{CSS23,
	author = {Vincent Cohen-Addad and David Saulpic and Chris Schwiegelshohn},
	booktitle = FOCS2023,
	title = {Deterministic clustering in high dimensional spaces: Sketches and approximation},
	year = {2023}}

@inproceedings{JKS24,
	author = {Shaofeng H.-C. Jiang and Robert Krauthgamer and Shay Sapir},
	booktitle = SOCG2024,
	title = {Moderate dimension reduction for $k$-center clustering},
	year = {2024}}

@InProceedings{R03,
  author    = {Yuri Rabinovich},
  booktitle = STOC2003,
  title     = {On average distortion of embedding metrics into the line and into L1},
  year      = {2003},
}

@InProceedings{JWZ24,
  author    = {Rajesh Jayaram and Erik Waingarten and Tian Zhang},
  booktitle = STOC2024,
  title     = {Data-dependent LSH for the Earth Mover's Distance},
  year      = {2024},
}

@Article{AC21,
  author  = {Alexandr Andoni and David Cheikhi},
  journal = ARXIV # {2105.05761},
  title   = {From Average Embeddings To Nearest Neighbor Search},
  year    = {2021},
}

@InProceedings{JMNZ24,
  author    = {Rajesh Jayaram and Vahab Mirrokni and Shyam Narayanan and Peilin Zhong},
  booktitle = SODA2024,
  title     = {Massively Parallel Algorithms for High-Dimensional Euclidean Minimum Spanning Tree},
  year      = {2024},
}

@Article{GW95,
  author  = {Michel X. Goemans and David P. Williamson},
  journal = JACM,
  title   = {Improved approximation algorithms for maximum cut and satisfiability problems using semidefinite programming},
  year    = {1995},
  number  = {6},
  pages   = {1115--1145},
  volume  = {42},
}

@Article{KKMO07,
  author  = {Subhash Khot and Guy Kindler and Elchanan Mossel and Ryan O'Donnell},
  journal = SICOMP,
  title   = {Optimal inapproximability results for MAX-CUT and other 2-variable CSPs?},
  year    = {2007},
  number  = {1},
  pages   = {319--357},
  volume  = {37},
}

@Article{V96,
  author  = {W. Fernandez de la Vega},
  journal = RSA,
  title   = {MAX-CUT has a randomized approximation scheme in dense graphs},
  year    = {1996},
}

@InProceedings{FS05,
  author    = {Gereon Frahling and Christian Sohler},
  booktitle = STOC2005,
  title     = {Coresets in dynamic geometric data streams},
  year      = {2005},
}

@InProceedings{CGJKV24,
  author    = {Artur Czumaj and Guichen Gao and Shaofeng H.-C. Jiang and Robert Krauthgamer and Pavel Vasel\'{y}},
  booktitle = ICALP2024,
  title     = {Fully-scalable MPC algorithms for clustering in high dimension},
  year      = {2024},
}

@Article{C11,
  author  = {Graham Cormode},
  journal = FTD,
  title   = {Sketch techniques for approximate query processing},
  year    = {2011},
  volume  = {15},
}

@Article{M14,
  author  = {Andrew McGregor},
  journal = SIGMOD,
  title   = {Graph stream algorithms: a survey},
  year    = {2014},
  number  = {1},
  volume  = {43},
}

@Article{V84,
  author  = {Leslie Valiant},
  journal = CACM,
  title   = {A theory of the learnable},
  year    = {1984},
  number  = {11},
  pages   = {1134--1142},
  volume  = {27},
}

@InProceedings{BLMT23,
  author    = {Guy Blanc and Jane Lange and Ali Malik and Li-Yang Tan},
  booktitle = STOC2023,
  title     = {Lifting uniform learners via distributional decompositions},
  year      = {2023},
}

@InProceedings{BCSV23,
  author    = {Antonio Blanca and Zongchen Chen and Daniel \v{S}tefankovi\v{c} and Eric Vigoda},
  booktitle = COLT2023,
  title     = {Complexity of high-dimensional identity testing with coordinate conditional sampling},
  year      = {2023},
}

@InProceedings{AFL24,
  author    = {Tomer Adar and Eldar Fischer and Amit Levi},
  booktitle = APPROXRANDOM2024,
  title     = {Improved Bounds for High-Dimensional Equivalence and Product Testing using Subcube Queries},
  year      = {2024},
}

@InProceedings{BCPSS24,
  author    = {Rishiraj Bhattacharyya and Sourav Chakraborty and Yash Pote and Uddalok Sarkar and Sayantan Sen},
  booktitle = AAAI2024,
  title     = {Testing Self-Reducible Samplers},
  year      = {2024},
}

@InProceedings{PM22,
  author    = {Yash Pote and Kuldeep S. Meel},
  booktitle = NEURIPS2022,
  title     = {On scalable testing of samplers},
  year      = {2022},
}

@InProceedings{MPC20,
  author    = {Kuldeep S. Meel and Yash Pote and Sourav Chakraborty},
  booktitle = NEURIPS2020,
  title     = {On testing of samplers},
  year      = {2020},
}

@Book{C22,
  author    = {Cl\'{e}ment L. Canonne},
  publisher = {Foundations and Trends in Communications and Information Theory},
  title     = {Topics and Techniques in Distribution Testing: A Biased but Representative Sample},
  year      = {2022},
  number    = {6},
  volume    = {19},
}

@InProceedings{CM24,
  author    = {Xi Chen and Cassandra Marcussen},
  booktitle = SODA2024,
  title     = {Uniformity Testing over Hypergrids with Subcube Conditioning},
  year      = {2024},
}

@InProceedings{BFRV11,
  author    = {Arnab Bhattacharyya and Eldar Fischer and Ronitt Rubinfeld and Paul Valiant},
  booktitle = ICS2011,
  title     = {Testing monotonicityof distributions over general partial orders},
  year      = {2011},
}

@InProceedings{RV20,
  author    = {Ronitt Rubinfeld and Arsen Vasilyan},
  booktitle = ITCS2020,
  title     = {Monotone Probability Distributions over the Boolean Cube Can Be Learned with Sublinear Samples},
  year      = {2020},
}

@PhdThesis{B23b,
  author = {Hadley Black},
  school = {University of California, Los Angeles, {USA}},
  title  = {Testing and Learning in High-Dimensions: Monotonicity Testing, Directed Isoperimetry, and Convex Sets},
  year   = {2023},
}

@InProceedings{BCS23,
  author    = {Hadley Black and Deeparnab Chakrabarty and C. Seshadhri},
  booktitle = STOC2023,
  title     = {Directed isoperimetric theorems for boolean functions on the hypergrid and an $\widetilde{O}(n\sqrt{d})$ monotonicity tester},
  year      = {2023},
}

@InProceedings{BKR23,
  author    = {Hadley Black and Iden Kalemaj and Sofya Raskhodnikova},
  booktitle = ICALP2023,
  title     = {Isoperimetric Inequalities for Real-Valued Functions with Applications to Monotonicity Testing},
  year      = {2023},
}

@InProceedings{F23,
  author    = {Renato Ferreira {Pinto Jr.}},
  booktitle = APPROXRANDOM2023,
  title     = {Directed Poincar{\'{e}} Inequalities and $L{{^1}}$ Monotonicity Testing of Lipschitz Functions},
  year      = {2023},
}

@InProceedings{F24,
  author    = {Renato Ferreira {Pinto Jr.}},
  booktitle = FOCS2024,
  title     = {Directed Isoperimetry and Monotonicity Testing: {A} Dynamical Approach},
  year      = {2024},
}

@InProceedings{BKKM23,
  author    = {Mark Braverman and Subhash Khot and Guy Kindler and Dor Minzer},
  booktitle = ITCS2023,
  title     = {Improved monotonicity testers via hypercube embeddings},
  year      = {2023},
}

@InProceedings{BFRSW00,
  author    = {Tugkan Batu and Lance Fortnow and Ronitt Rubinfeld and Warren D. Smith and Patrick White},
  booktitle = FOCS2000,
  title     = {Testing that distributions are close},
  year      = {2000},
}

@article{CDGR18,
  title={Testing shape restrictions of discrete distributions},
  author={Canonne, Cl{\'e}ment L. and Diakonikolas, Ilias and Gouleakis, Themis and Rubinfeld, Ronitt},
  journal={Theory of Computing Systems},
  volume={62},
  number={1},
  pages={4--62},
  year={2018}
}

@article{ADK15,
  title={Optimal testing for properties of distributions},
  author={Acharya, Jayadev and Daskalakis, Constantinos and Kamath, Gautam},
  journal={Advances in Neural Information Processing Systems},
  volume={28},
  year={2015}
}
@Comment{jabref-meta: databaseType:bibtex;}
