% Use this file for citations not found in the ACL Anthology (contained in "anthology.bib").

@book{Aho:72,
    author  = {Alfred V. Aho and Jeffrey D. Ullman},
    title   = {The Theory of Parsing, Translation and Compiling},
    year    = "1972",
    volume  = "1",
    publisher = {Prentice-Hall},
    address = {Englewood Cliffs, NJ}
}

@book{APA:83,
    author  = {{American Psychological Association}},
    title   = {Publications Manual},
    year    = "1983",
    publisher = {American Psychological Association},
    address = {Washington, DC}
}

@article{Chandra:81,
	author = {Ashok K. Chandra and Dexter C. Kozen and Larry J. Stockmeyer},
	year = "1981",
	title = {Alternation},
	journal = {Journal of the Association for Computing Machinery},
	volume = "28",
	number = "1",
	pages = "114--133",
	doi = "10.1145/322234.322243",
}

@inproceedings{andrew2007scalable,
  title={Scalable training of {L1}-regularized log-linear models},
  author={Andrew, Galen and Gao, Jianfeng},
  booktitle={Proceedings of the 24th International Conference on Machine Learning},
  pages={33--40},
  year={2007},
}

@book{Gusfield:97,
    author  = {Dan Gusfield},
    title   = {Algorithms on Strings, Trees and Sequences},
    year    = "1997",
    publisher = {Cambridge University Press},
    address = {Cambridge, UK}
}

@article{rasooli-tetrault-2015,
    author    = {Mohammad Sadegh Rasooli and Joel R. Tetreault},
    title     = {Yara Parser: {A} Fast and Accurate Dependency Parser},
    journal   = {Computing Research Repository},
    volume    = {arXiv:1503.06733},
    year      = {2015},
    url       = {http://arxiv.org/abs/1503.06733},
    note    = {version 2}
}

@article{Ando2005,
	Acmid = {1194905},
	Author = {Ando, Rie Kubota and Zhang, Tong},
	Issn = {1532-4435},
	Issue_Date = {12/1/2005},
	Journal = {Journal of Machine Learning Research},
	Month = dec,
	Numpages = {37},
	Pages = {1817--1853},
	Publisher = {JMLR.org},
	Title = {A Framework for Learning Predictive Structures from Multiple Tasks and Unlabeled Data},
	Volume = {6},
	Year = {2005}
}

@inproceedings{langley00,
 author    = {P. Langley},
 title     = {Crafting Papers on Machine Learning},
 year      = {2000},
 pages     = {1207--1216},
 editor    = {Pat Langley},
 booktitle     = {Proceedings of the 17th International Conference
              on Machine Learning (ICML 2000)},
 address   = {Stanford, CA},
 publisher = {Morgan Kaufmann}
}

@TechReport{mitchell80,
  author = 	 "T. M. Mitchell",
  title = 	 "The Need for Biases in Learning Generalizations",
  institution =  "Computer Science Department, Rutgers University",
  year = 	 "1980",
  address =	 "New Brunswick, MA",
}

@phdthesis{kearns89,
  author = {M. J. Kearns},
  title =  {Computational Complexity of Machine Learning},
  school = {Department of Computer Science, Harvard University},
  year =   {1989}
}

@Book{MachineLearningI,
  editor = 	 "R. S. Michalski and J. G. Carbonell and T.
		  M. Mitchell",
  title = 	 "Machine Learning: An Artificial Intelligence
		  Approach, Vol. I",
  publisher = 	 "Tioga",
  year = 	 "1983",
  address =	 "Palo Alto, CA"
}

@Book{DudaHart2nd,
  author =       "R. O. Duda and P. E. Hart and D. G. Stork",
  title =        "Pattern Classification",
  publisher =    "John Wiley and Sons",
  edition =      "2nd",
  year =         "2000"
}

@misc{anonymous,
  title= {Suppressed for Anonymity},
  author= {Author, N. N.},
  year= {2021}
}

@InCollection{Newell81,
  author =       "A. Newell and P. S. Rosenbloom",
  title =        "Mechanisms of Skill Acquisition and the Law of
                  Practice", 
  booktitle =    "Cognitive Skills and Their Acquisition",
  pages =        "1--51",
  publisher =    "Lawrence Erlbaum Associates, Inc.",
  year =         "1981",
  editor =       "J. R. Anderson",
  chapter =      "1",
  address =      "Hillsdale, NJ"
}


@Article{Samuel59,
  author = 	 "A. L. Samuel",
  title = 	 "Some Studies in Machine Learning Using the Game of
		  Checkers",
  journal =	 "IBM Journal of Research and Development",
  year =	 "1959",
  volume =	 "3",
  number =	 "3",
  pages =	 "211--229"
}

@incollection{Bengio+chapter2007,
author = {Bengio, Yoshua and LeCun, Yann},
booktitle = {Large Scale Kernel Machines},
publisher = {MIT Press},
title = {Scaling Learning Algorithms Towards {AI}},
year = {2007}
}

@article{Hinton06,
author = {Hinton, Geoffrey E. and Osindero, Simon and Teh, Yee Whye},
journal = {Neural Computation},
pages = {1527--1554},
title = {A Fast Learning Algorithm for Deep Belief Nets},
volume = {18},
year = {2006}
}

@book{goodfellow2016deep,
title={Deep learning},
author={Goodfellow, Ian and Bengio, Yoshua and Courville, Aaron and Bengio, Yoshua},
volume={1},
year={2016},
publisher={MIT Press}
}

% Use this file for citations not found in the ACL Anthology (contained in "anthology.bib").

@book{Aho:72,
    author  = {Alfred V. Aho and Jeffrey D. Ullman},
    title   = {The Theory of Parsing, Translation and Compiling},
    year    = "1972",
    volume  = "1",
    publisher = {Prentice-Hall},
    address = {Englewood Cliffs, NJ}
}

@book{APA:83,
    author  = {{American Psychological Association}},
    title   = {Publications Manual},
    year    = "1983",
    publisher = {American Psychological Association},
    address = {Washington, DC}
}

@article{Chandra:81,
	author = {Ashok K. Chandra and Dexter C. Kozen and Larry J. Stockmeyer},
	year = "1981",
	title = {Alternation},
	journal = {Journal of the Association for Computing Machinery},
	volume = "28",
	number = "1",
	pages = "114--133",
	doi = "10.1145/322234.322243",
}

@inproceedings{andrew2007scalable,
  title={Scalable training of {L1}-regularized log-linear models},
  author={Andrew, Galen and Gao, Jianfeng},
  booktitle={Proceedings of the 24th International Conference on Machine Learning},
  pages={33--40},
  year={2007},
}

@book{Gusfield:97,
    author  = {Dan Gusfield},
    title   = {Algorithms on Strings, Trees and Sequences},
    year    = "1997",
    publisher = {Cambridge University Press},
    address = {Cambridge, UK}
}

@article{rasooli-tetrault-2015,
    author    = {Mohammad Sadegh Rasooli and Joel R. Tetreault},
    title     = {Yara Parser: {A} Fast and Accurate Dependency Parser},
    journal   = {Computing Research Repository},
    volume    = {arXiv:1503.06733},
    year      = {2015},
    url       = {http://arxiv.org/abs/1503.06733},
    note    = {version 2}
}

@article{Ando2005,
	Acmid = {1194905},
	Author = {Ando, Rie Kubota and Zhang, Tong},
	Issn = {1532-4435},
	Issue_Date = {12/1/2005},
	Journal = {Journal of Machine Learning Research},
	Month = dec,
	Numpages = {37},
	Pages = {1817--1853},
	Publisher = {JMLR.org},
	Title = {A Framework for Learning Predictive Structures from Multiple Tasks and Unlabeled Data},
	Volume = {6},
	Year = {2005}
}

%%%%%%%%%%%%%%%%%%%%%%%%%%%%%%%%%%%%%%%%%%%%%%%%%%%%%%%

@inproceedings{KeN19,
  author       = {Zixuan Ke and
                  Vincent Ng},
  editor       = {Sarit Kraus},
  title        = {{Automated Essay Scoring: A Survey of the State of the Art}},
  booktitle    = {Proceedings of the Twenty-Eighth International Joint Conference on
                  Artificial Intelligence, {IJCAI} 2019, Macao, China, August 10-16,
                  2019},
  pages        = {6300--6308},
  publisher    = {ijcai.org},
  year         = {2019},
  url          = {https://doi.org/10.24963/ijcai.2019/879},
}

@misc{tang2023science,
      title={The Science of Detecting LLM-Generated Texts}, 
      author={Ruixiang Tang and Yu-Neng Chuang and Xia Hu},
      year={2023},
      eprint={2303.07205},
      archivePrefix={arXiv},
      primaryClass={cs.CL}
}

@misc{kirchenbauer2023watermark,
      title={{A Watermark for Large Language Models}}, 
      author={John Kirchenbauer and Jonas Geiping and Yuxin Wen and Jonathan Katz and Ian Miers and Tom Goldstein},
      year={2023},
      eprint={2301.10226},
      archivePrefix={arXiv},
      primaryClass={cs.LG}
}

@inproceedings{ent08,
  author       = {Thomas Lavergne and Tanguy Urvoy and Fran{\c{c}}ois Yvon},
  title        = {{Detecting Fake Content with Relative Entropy Scoring}},
  booktitle    = {Proceedings of the ECAI'08 Workshop on Uncovering Plagiarism, Authorship and Social Software Misuse},
  series       = {{CEUR} Workshop Proceedings},
  year         = {2008},
  url          = {https://ceur-ws.org/Vol-377/paper4.pdf},
}

@inproceedings{bere16,
  author       = {Daria Beresneva},
  title        = {{Computer-generated text detection using machine learning: A systematic review.}},
  booktitle    = {21st International Conference on Applications of Natural Language to Information Systems, NLDB},
  publisher={Springer},
  year         = {2016},
  pages={421--426}
}

@misc{solaiman2019release,
      title={{Release Strategies and the Social Impacts of Language Models}}, 
      author={Irene Solaiman and Miles Brundage and Jack Clark and Amanda Askell and Ariel Herbert-Voss and Jeff Wu and Alec Radford and Gretchen Krueger and Jong Wook Kim and Sarah Kreps and Miles McCain and Alex Newhouse and Jason Blazakis and Kris McGuffie and Jasmine Wang},
      year={2019},
      eprint={1908.09203},
      archivePrefix={arXiv},
      primaryClass={cs.CL}
}

@misc{mitchell2023detectgpt,
      title={{DetectGPT: Zero-Shot Machine-Generated Text Detection using Probability Curvature}}, 
      author={Eric Mitchell and Yoonho Lee and Alexander Khazatsky and Christopher D. Manning and Chelsea Finn},
      year={2023},
      eprint={2301.11305},
      archivePrefix={arXiv},
      primaryClass={cs.CL}
}

@misc{crothers2023machine,
      title={{Machine Generated Text: A Comprehensive Survey of Threat Models and Detection Methods}}, 
      author={Evan Crothers and Nathalie Japkowicz and Herna Viktor},
      year={2023},
      eprint={2210.07321},
      archivePrefix={arXiv},
      primaryClass={cs.CL}
}

@misc{bakhtin2019real,
      title={{Real or Fake? Learning to Discriminate Machine from Human Generated Text}}, 
      author={Anton Bakhtin and Sam Gross and Myle Ott and Yuntian Deng and Marc'Aurelio Ranzato and Arthur Szlam},
      year={2019},
      eprint={1906.03351},
      archivePrefix={arXiv},
      primaryClass={cs.LG}
}

@InProceedings{Koike:OUTFOX:2024,
  author    = {Ryuto Koike and Masahiro Kaneko and Naoaki Okazaki},
  title     = {{OUTFOX: LLM-Generated Essay Detection Through In-Context Learning with Adversarially Generated Examples}},
  booktitle = {Proceedings of the 38th AAAI Conference on Artificial Intelligence},
  year      = {2024},
  month     = {February},
  address   = {Vancouver, Canada}
}


@InProceedings{pmlr-v139-zhao21c,
  title = 	 {Calibrate Before Use: Improving Few-shot Performance of Language Models},
  author =       {Zhao, Zihao and Wallace, Eric and Feng, Shi and Klein, Dan and Singh, Sameer},
  booktitle = 	 {Proceedings of the 38th International Conference on Machine Learning},
  pages = 	 {12697--12706},
  year = 	 {2021},
  editor = 	 {Meila, Marina and Zhang, Tong},
  volume = 	 {139},
  series = 	 {Proceedings of Machine Learning Research},
  month = 	 {18--24 Jul},
  publisher =    {PMLR},
  pdf = 	 {http://proceedings.mlr.press/v139/zhao21c/zhao21c.pdf},
  url = 	 {https://proceedings.mlr.press/v139/zhao21c.html},
}


@misc{jiang2020know,
      title={How Can We Know What Language Models Know?}, 
      author={Zhengbao Jiang and Frank F. Xu and Jun Araki and Graham Neubig},
      year={2020},
      eprint={1911.12543},
      archivePrefix={arXiv},
      primaryClass={cs.CL}
}


@misc{zhang2023prompting,
      title={Prompting Large Language Model for Machine Translation: A Case Study}, 
      author={Biao Zhang and Barry Haddow and Alexandra Birch},
      year={2023},
      eprint={2301.07069},
      archivePrefix={arXiv},
      primaryClass={cs.CL}
}

@misc{zhang2023benchmarking,
      title={Benchmarking Large Language Models for News Summarization}, 
      author={Tianyi Zhang and Faisal Ladhak and Esin Durmus and Percy Liang and Kathleen McKeown and Tatsunori B. Hashimoto},
      year={2023},
      eprint={2301.13848},
      archivePrefix={arXiv},
      primaryClass={cs.CL}
}

@misc{chatgpt,
 author = {OpenAI},
 title = {Introducing {ChatGPT}},
 url = {https://openai.com/blog/chatgpt},
 year = {2023},
 note = {Accessed on 2024-03-10}
}

@misc{bloomberg,
 author = {Bloomberg},
 title = {AI Detectors Falsely Accuse Students of Cheating—With Big Consequences},
 url = {https://tinyurl.com/bloomberg-ai-detector},
 year = {2024},
 note = {Accessed on 2024-10-20}
}

@misc{gizmodo,
 author = {Gizmodo},
 title = {{AI Detectors Get It Wrong. Writers Are Being Fired Anyway}},
 url = {https://tinyurl.com/ai-detectors-writers-fired},
 year = {2024},
 note = {Accessed on 2024-07-12}
}

@article{touvron2023llama,
  title={Llama 2: Open foundation and fine-tuned chat models},
  author={Touvron, Hugo and Martin, Louis and Stone, Kevin and Albert, Peter and Almahairi, Amjad and Babaei, Yasmine and Bashlykov, Nikolay and Batra, Soumya and Bhargava, Prajjwal and Bhosale, Shruti and others},
  journal={arXiv preprint arXiv:2307.09288},
  year={2023}
}

@misc{su2023detectllm,
  title={DetectLLM: Leveraging Log Rank Information for Zero-Shot Detection of Machine-Generated Text},
  author={Su, Jinyan and Zhuo, Terry Yue and Wang, Di and Nakov, Preslav},
  year={2023},
      eprint={2306.05540},
      archivePrefix={arXiv},
      primaryClass={cs.CL}
}

@misc{guo2023close,
      title={How Close is ChatGPT to Human Experts? Comparison Corpus, Evaluation, and Detection}, 
      author={Biyang Guo and Xin Zhang and Ziyuan Wang and Minqi Jiang and Jinran Nie and Yuxuan Ding and Jianwei Yue and Yupeng Wu},
      year={2023},
      eprint={2301.07597},
      archivePrefix={arXiv},
      primaryClass={cs.CL}
}

@misc{liu2023argugpt,
      title={ArguGPT: evaluating, understanding and identifying argumentative essays generated by GPT models}, 
      author={Yikang Liu and Ziyin Zhang and Wanyang Zhang and Shisen Yue and Xiaojing Zhao and Xinyuan Cheng and Yiwen Zhang and Hai Hu},
      year={2023},
      eprint={2304.07666},
      archivePrefix={arXiv},
      primaryClass={cs.CL}
}

@misc{krishna2023paraphrasing,
      title={Paraphrasing evades detectors of AI-generated text, but retrieval is an effective defense}, 
      author={Kalpesh Krishna and Yixiao Song and Marzena Karpinska and John Wieting and Mohit Iyyer},
      year={2023},
      eprint={2303.13408},
      archivePrefix={arXiv},
      primaryClass={cs.CL}
}

@misc{sadasivan2023aigenerated,
      title={Can AI-Generated Text be Reliably Detected?}, 
      author={Vinu Sankar Sadasivan and Aounon Kumar and Sriram Balasubramanian and Wenxiao Wang and Soheil Feizi},
      year={2023},
      eprint={2303.11156},
      archivePrefix={arXiv},
      primaryClass={cs.CL}
}

@misc{li2023deepfake,
      title={Deepfake Text Detection in the Wild}, 
      author={Yafu Li and Qintong Li and Leyang Cui and Wei Bi and Longyue Wang and Linyi Yang and Shuming Shi and Yue Zhang},
      year={2023},
      eprint={2305.13242},
      archivePrefix={arXiv},
      primaryClass={cs.CL}
}

@misc{wu2023survey,
      title={A Survey on LLM-generated Text Detection: Necessity, Methods, and Future Directions}, 
      author={Junchao Wu and Shu Yang and Runzhe Zhan and Yulin Yuan and Derek F. Wong and Lidia S. Chao},
      year={2023},
      eprint={2310.14724},
      archivePrefix={arXiv},
      primaryClass={cs.CL}
}

@article{1950youden,
	author = {William J. Youden},
	year = "1950",
	title = {An index for rating diagnostic tests},
	journal = {Cancer},
	pages = "32--35",
}

@misc{feng2023sentence,
      title={Sentence Simplification via Large Language Models}, 
      author={Yutao Feng and Jipeng Qiang and Yun Li and Yunhao Yuan and Yi Zhu},
      year={2023},
      eprint={2302.11957},
      archivePrefix={arXiv},
      primaryClass={cs.CL}
}

@misc{liu2021pretrain,
      title={Pre-train, Prompt, and Predict: A Systematic Survey of Prompting Methods in Natural Language Processing}, 
      author={Pengfei Liu and Weizhe Yuan and Jinlan Fu and Zhengbao Jiang and Hiroaki Hayashi and Graham Neubig},
      year={2021},
      eprint={2107.13586},
      archivePrefix={arXiv},
      primaryClass={cs.CL}
}

@misc{kamalloo2023evaluating,
      title={Evaluating Open-Domain Question Answering in the Era of Large Language Models}, 
      author={Ehsan Kamalloo and Nouha Dziri and Charles L. A. Clarke and Davood Rafiei},
      year={2023},
      eprint={2305.06984},
      archivePrefix={arXiv},
      primaryClass={cs.CL}
}

@misc{faiss_paper,
      title={Billion-scale similarity search with GPUs}, 
      author={Jeff Johnson and Matthijs Douze and Hervé Jégou},
      year={2017},
      eprint={1702.08734},
      archivePrefix={arXiv},
      primaryClass={cs.CV},
      url={https://arxiv.org/abs/1702.08734}, 
}

@inproceedings{dugan-etal-2024-raid,
    title = "{RAID}: A Shared Benchmark for Robust Evaluation of Machine-Generated Text Detectors",
    author = "Dugan, Liam  and
      Hwang, Alyssa  and
      Trhl{\'i}k, Filip  and
      Zhu, Andrew  and
      Ludan, Josh Magnus  and
      Xu, Hainiu  and
      Ippolito, Daphne  and
      Callison-Burch, Chris",
    editor = "Ku, Lun-Wei  and
      Martins, Andre  and
      Srikumar, Vivek",
    booktitle = "Proceedings of the 62nd Annual Meeting of the Association for Computational Linguistics (Volume 1: Long Papers)",
    month = aug,
    year = "2024",
    address = "Bangkok, Thailand",
    publisher = "Association for Computational Linguistics",
    url = "https://aclanthology.org/2024.acl-long.674/",
    doi = "10.18653/v1/2024.acl-long.674",
    pages = "12463--12492",
}


@inproceedings{bert,
    title = "{BERT}: Pre-training of Deep Bidirectional Transformers for Language Understanding",
    author = "Devlin, Jacob  and
      Chang, Ming-Wei  and
      Lee, Kenton  and
      Toutanova, Kristina",
    editor = "Burstein, Jill  and
      Doran, Christy  and
      Solorio, Thamar",
    booktitle = "Proceedings of the 2019 Conference of the North {A}merican Chapter of the Association for Computational Linguistics: Human Language Technologies, Volume 1 (Long and Short Papers)",
    month = jun,
    year = "2019",
    address = "Minneapolis, Minnesota",
    publisher = "Association for Computational Linguistics",
    url = "https://aclanthology.org/N19-1423/",
    doi = "10.18653/v1/N19-1423",
    pages = "4171--4186",
}

@misc{prompt2023engineering,
 author = {OpenAI},
 title = {Prompt Engineering Guide},
 url = {https://platform.openai.com/docs/guides/prompt-engineering},
 year = {2023},
 note = {Accessed: 2024-07-10}
}

@misc{prompt2024engineering,
 author = {Prompt Engineering Guide},
 title = {General Tips for Designing Prompts},
 url = {https://www.promptingguide.ai/introduction/tips},
 year = {2024},
 note = {Accessed: 2024-06-10}
}

@article{liu2019roberta,
  title={Roberta: A robustly optimized bert pretraining approach},
  author={Liu, Yinhan},
  journal={arXiv preprint arXiv:1907.11692},
  volume={364},
  year={2019}
}

@article{khandelwal2020nearest,
  title={Nearest neighbor machine translation},
  author={Khandelwal, Urvashi and Fan, Angela and Jurafsky, Dan and Zettlemoyer, Luke and Lewis, Mike},
  journal={arXiv preprint arXiv:2010.00710},
  year={2020}
}

@inproceedings{jurafsky2020proceedings,
  title={Proceedings of the 58th annual meeting of the Association for Computational Linguistics},
  author={Jurafsky, Dan and Chai, Joyce and Schluter, Natalie and Tetreault, Joel},
  booktitle={Proceedings of the 58th Annual Meeting of the Association for Computational Linguistics},
  year={2020}
}

@inproceedings{wiseman-stratos-2019-label,
    title = "Label-Agnostic Sequence Labeling by Copying Nearest Neighbors",
    author = "Wiseman, Sam  and
      Stratos, Karl",
    editor = "Korhonen, Anna  and
      Traum, David  and
      M{\`a}rquez, Llu{\'i}s",
    booktitle = "Proceedings of the 57th Annual Meeting of the Association for Computational Linguistics",
    month = jul,
    year = "2019",
    address = "Florence, Italy",
    publisher = "Association for Computational Linguistics",
    url = "https://aclanthology.org/P19-1533/",
    pages = "5363--5369",
}

@inproceedings{kaneko-etal-2022-interpretability,
    title = "Interpretability for Language Learners Using Example-Based Grammatical Error Correction",
    author = "Kaneko, Masahiro  and
      Takase, Sho  and
      Niwa, Ayana  and
      Okazaki, Naoaki",
    editor = "Muresan, Smaranda  and
      Nakov, Preslav  and
      Villavicencio, Aline",
    booktitle = "Proceedings of the 60th Annual Meeting of the Association for Computational Linguistics (Volume 1: Long Papers)",
    month = may,
    year = "2022",
    address = "Dublin, Ireland",
    publisher = "Association for Computational Linguistics",
    url = "https://aclanthology.org/2022.acl-long.496/",
    doi = "10.18653/v1/2022.acl-long.496",
    pages = "7176--7187",
}

@inproceedings{cheng2025beyond,
title={Beyond Binary: Towards Fine-Grained {LLM}-Generated Text Detection via Role Recognition and Involvement Measurement},
author={Zihao Cheng and Li Zhou and Feng Jiang and Benyou Wang and Haizhou Li},
booktitle={THE WEB CONFERENCE 2025},
year={2025},
}

@article{barron-cedeno-etal-2013-plagiarism,
    title = "Plagiarism Meets Paraphrasing: Insights for the Next Generation in Automatic Plagiarism Detection",
    author = "Barr{\'o}n-Cede{\~n}o, Alberto  and
      Vila, Marta  and
      Mart{\'i}, M. Ant{\`o}nia  and
      Rosso, Paolo",
    journal = "Computational Linguistics",
    volume = "39",
    number = "4",
    month = dec,
    year = "2013",
    address = "Cambridge, MA",
    publisher = "MIT Press",
    url = "https://aclanthology.org/J13-4005/",
    doi = "10.1162/COLI_a_00153",
    pages = "917--947"
}

@article{MaurerKZ06,
  author       = {Hermann A. Maurer and
                  Frank Kappe and
                  Bilal Zaka},
  title        = {Plagiarism - {A} Survey},
  journal      = {J. Univers. Comput. Sci.},
  volume       = {12},
  number       = {8},
  pages        = {1050--1084},
  year         = {2006},
  url          = {https://doi.org/10.3217/jucs-012-08-1050},
  doi          = {10.3217/JUCS-012-08-1050},
  timestamp    = {Thu, 07 Sep 2023 16:42:07 +0200},
  biburl       = {https://dblp.org/rec/journals/jucs/MaurerKZ06.bib},
  bibsource    = {dblp computer science bibliography, https://dblp.org}
}

@misc{mitrović2023chatgpt,
      title={ChatGPT or Human? Detect and Explain. Explaining Decisions of Machine Learning Model for Detecting Short ChatGPT-generated Text}, 
      author={Sandra Mitrović and Davide Andreoletti and Omran Ayoub},
      year={2023},
      eprint={2301.13852},
      archivePrefix={arXiv},
      primaryClass={cs.CL}
}

@misc{liu2023geval,
      title={G-Eval: NLG Evaluation using GPT-4 with Better Human Alignment}, 
      author={Yang Liu and Dan Iter and Yichong Xu and Shuohang Wang and Ruochen Xu and Chenguang Zhu},
      year={2023},
      eprint={2303.16634},
      archivePrefix={arXiv},
      primaryClass={cs.CL}
}

@misc{educatorconsiderations4chatgpt,
 author = {OpenAI},
 title = {How can educators respond to students presenting AI-generated content as their own?},
 url = {https://tinyurl.com/how-to-respond-student},
 year = {2023},
 note = {Accessed: 2024-6-10}
}

@misc{dolly,
 author = {Mike Conover and Matt Hayes and Ankit Mathur and Jianwei Xie and Jun Wan and Sam Shah and Ali Ghodsi and Patrick Wendell and Matei Zaharia and Reynold Xin},
 title = {{Free Dolly: Introducing the World's First Truly Open Instruction-Tuned LLM}},
 url = {https://tinyurl.com/databricks-introducing-dolly},
 year = {2023},
 note = {Accessed: 2024-7-12}
}

@misc{hans2024spotting,
      title={Spotting LLMs With Binoculars: Zero-Shot Detection of Machine-Generated Text}, 
      author={Abhimanyu Hans and Avi Schwarzschild and Valeriia Cherepanova and Hamid Kazemi and Aniruddha Saha and Micah Goldblum and Jonas Geiping and Tom Goldstein},
      year={2024},
      eprint={2401.12070},
      archivePrefix={arXiv},
      primaryClass={cs.CL}
}

@misc{verma2024ghostbuster,
      title={Ghostbuster: Detecting Text Ghostwritten by Large Language Models}, 
      author={Vivek Verma and Eve Fleisig and Nicholas Tomlin and Dan Klein},
      year={2024},
      eprint={2305.15047},
      archivePrefix={arXiv},
      primaryClass={cs.CL},
}

@misc{tian2024gptzero,
    publisher = {GPTZero},
    url       = {https://gptzero.me},
    year      = {2024},
    author    = {Tian, Edward and Cui, Alexander},
    title     = {GPTZero: Towards detection of AI-generated text using zero-shot and supervised methods}
}

@misc{gehrmann2019gltr,
      title={GLTR: Statistical Detection and Visualization of Generated Text}, 
      author={Sebastian Gehrmann and Hendrik Strobelt and Alexander M. Rush},
      year={2019},
      eprint={1906.04043},
      archivePrefix={arXiv},
      primaryClass={cs.CL},
}

@misc{ji2024detectingmachinegeneratedtextsjust,
      title={Detecting Machine-Generated Texts: Not Just "AI vs Humans" and Explainability is Complicated}, 
      author={Jiazhou Ji and Ruizhe Li and Shujun Li and Jie Guo and Weidong Qiu and Zheng Huang and Chiyu Chen and Xiaoyu Jiang and Xinru Lu},
      year={2024},
      eprint={2406.18259},
      archivePrefix={arXiv},
      primaryClass={cs.CL},
      url={https://arxiv.org/abs/2406.18259}, 
}

@misc{bao2024fastdetectgptefficientzeroshotdetection,
      title={Fast-DetectGPT: Efficient Zero-Shot Detection of Machine-Generated Text via Conditional Probability Curvature}, 
      author={Guangsheng Bao and Yanbin Zhao and Zhiyang Teng and Linyi Yang and Yue Zhang},
      year={2024},
      eprint={2310.05130},
      archivePrefix={arXiv},
      primaryClass={cs.CL},
      url={https://arxiv.org/abs/2310.05130}, 
}

@inproceedings{uchendu-etal-2020-authorship,
    title = "Authorship Attribution for Neural Text Generation",
    author = "Uchendu, Adaku  and
      Le, Thai  and
      Shu, Kai  and
      Lee, Dongwon",
    editor = "Webber, Bonnie  and
      Cohn, Trevor  and
      He, Yulan  and
      Liu, Yang",
    booktitle = "Proceedings of the 2020 Conference on Empirical Methods in Natural Language Processing (EMNLP)",
    month = nov,
    year = "2020",
    address = "Online",
    publisher = "Association for Computational Linguistics",
    url = "https://aclanthology.org/2020.emnlp-main.673/",
    doi = "10.18653/v1/2020.emnlp-main.673",
    pages = "8384--8395",
}

@inproceedings{rodriguez-etal-2022-cross,
    title = "Cross-Domain Detection of {GPT}-2-Generated Technical Text",
    author = "Rodriguez, Juan Diego  and
      Hay, Todd  and
      Gros, David  and
      Shamsi, Zain  and
      Srinivasan, Ravi",
    editor = "Carpuat, Marine  and
      de Marneffe, Marie-Catherine  and
      Meza Ruiz, Ivan Vladimir",
    booktitle = "Proceedings of the 2022 Conference of the North American Chapter of the Association for Computational Linguistics: Human Language Technologies",
    month = jul,
    year = "2022",
    address = "Seattle, United States",
    publisher = "Association for Computational Linguistics",
    url = "https://aclanthology.org/2022.naacl-main.88/",
    doi = "10.18653/v1/2022.naacl-main.88",
    pages = "1213--1233",
}

@inproceedings{wang-etal-2024-m4,
    title = "M4: Multi-generator, Multi-domain, and Multi-lingual Black-Box Machine-Generated Text Detection",
    author = "Wang, Yuxia  and
      Mansurov, Jonibek  and
      Ivanov, Petar  and
      Su, Jinyan  and
      Shelmanov, Artem  and
      Tsvigun, Akim  and
      Whitehouse, Chenxi  and
      Mohammed Afzal, Osama  and
      Mahmoud, Tarek  and
      Sasaki, Toru  and
      Arnold, Thomas  and
      Aji, Alham Fikri  and
      Habash, Nizar  and
      Gurevych, Iryna  and
      Nakov, Preslav",
    editor = "Graham, Yvette  and
      Purver, Matthew",
    booktitle = "Proceedings of the 18th Conference of the European Chapter of the Association for Computational Linguistics (Volume 1: Long Papers)",
    month = mar,
    year = "2024",
    address = "St. Julian{'}s, Malta",
    publisher = "Association for Computational Linguistics",
    url = "https://aclanthology.org/2024.eacl-long.83/",
    pages = "1369--1407",
}

@misc{shap17,
      title={A Unified Approach to Interpreting Model Predictions}, 
      author={Scott Lundberg and Su-In Lee},
      year={2017},
      eprint={1705.07874},
      archivePrefix={arXiv},
      primaryClass={cs.AI},
      url={https://arxiv.org/abs/1705.07874}, 
}


@misc{lime16,
      title={"Why Should I Trust You?": Explaining the Predictions of Any Classifier}, 
      author={Marco Tulio Ribeiro and Sameer Singh and Carlos Guestrin},
      year={2016},
      eprint={1602.04938},
      archivePrefix={arXiv},
      primaryClass={cs.LG},
      url={https://arxiv.org/abs/1602.04938}, 
}

@inproceedings{ippolito-etal-2020-automatic,
    title = "Automatic Detection of Generated Text is Easiest when Humans are Fooled",
    author = "Ippolito, Daphne  and
      Duckworth, Daniel  and
      Callison-Burch, Chris  and
      Eck, Douglas",
    editor = "Jurafsky, Dan  and
      Chai, Joyce  and
      Schluter, Natalie  and
      Tetreault, Joel",
    booktitle = "Proceedings of the 58th Annual Meeting of the Association for Computational Linguistics",
    month = jul,
    year = "2020",
    address = "Online",
    publisher = "Association for Computational Linguistics",
    url = "https://aclanthology.org/2020.acl-main.164/",
    doi = "10.18653/v1/2020.acl-main.164",
    pages = "1808--1822",
}

@misc{crothers2023machinegeneratedtextcomprehensive,
      title={Machine Generated Text: A Comprehensive Survey of Threat Models and Detection Methods}, 
      author={Evan Crothers and Nathalie Japkowicz and Herna Viktor},
      year={2023},
      eprint={2210.07321},
      archivePrefix={arXiv},
      primaryClass={cs.CL},
      url={https://arxiv.org/abs/2210.07321}, 
}

@misc{yang2023dnagptdivergentngramanalysis,
      title={DNA-GPT: Divergent N-Gram Analysis for Training-Free Detection of GPT-Generated Text}, 
      author={Xianjun Yang and Wei Cheng and Yue Wu and Linda Petzold and William Yang Wang and Haifeng Chen},
      year={2023},
      eprint={2305.17359},
      archivePrefix={arXiv},
      primaryClass={cs.CL},
      url={https://arxiv.org/abs/2305.17359}, 
}

@misc{su2023detectllmleveraginglogrank,
      title={DetectLLM: Leveraging Log Rank Information for Zero-Shot Detection of Machine-Generated Text}, 
      author={Jinyan Su and Terry Yue Zhuo and Di Wang and Preslav Nakov},
      year={2023},
      eprint={2306.05540},
      archivePrefix={arXiv},
      primaryClass={cs.CL},
      url={https://arxiv.org/abs/2306.05540}, 
}


@article{maurer06,
    title = "Plagiarism – A Survey",
    author = "Hermann Maurer and Frank Kappe and Bilal Zaka",
    year = "2006",
    language = "English",
    volume = "12",
    pages = "1050--1084",
    journal = "Journal of Universal Computer Science ",
    issn = "0948-6968",
    publisher = "Verlag der Technischen Universit{\"a}t Graz",
    number = "8",
}