@misc{bao2024fastdetectgptefficientzeroshotdetection,
      title={Fast-DetectGPT: Efficient Zero-Shot Detection of Machine-Generated Text via Conditional Probability Curvature}, 
      author={Guangsheng Bao and Yanbin Zhao and Zhiyang Teng and Linyi Yang and Yue Zhang},
      year={2024},
      eprint={2310.05130},
      archivePrefix={arXiv},
      primaryClass={cs.CL},
      url={https://arxiv.org/abs/2310.05130}, 
}

@article{barron-cedeno-etal-2013-plagiarism,
    title = "Plagiarism Meets Paraphrasing: Insights for the Next Generation in Automatic Plagiarism Detection",
    author = "Barr{\'o}n-Cede{\~n}o, Alberto  and
      Vila, Marta  and
      Mart{\'i}, M. Ant{\`o}nia  and
      Rosso, Paolo",
    journal = "Computational Linguistics",
    volume = "39",
    number = "4",
    month = dec,
    year = "2013",
    address = "Cambridge, MA",
    publisher = "MIT Press",
    url = "https://aclanthology.org/J13-4005/",
    doi = "10.1162/COLI_a_00153",
    pages = "917--947"
}

@inproceedings{bere16,
  author       = {Daria Beresneva},
  title        = {{Computer-generated text detection using machine learning: A systematic review.}},
  booktitle    = {21st International Conference on Applications of Natural Language to Information Systems, NLDB},
  publisher={Springer},
  year         = {2016},
  pages={421--426}
}

@inproceedings{cheng2025beyond,
title={Beyond Binary: Towards Fine-Grained {LLM}-Generated Text Detection via Role Recognition and Involvement Measurement},
author={Zihao Cheng and Li Zhou and Feng Jiang and Benyou Wang and Haizhou Li},
booktitle={THE WEB CONFERENCE 2025},
year={2025},
}

@misc{crothers2023machinegeneratedtextcomprehensive,
      title={Machine Generated Text: A Comprehensive Survey of Threat Models and Detection Methods}, 
      author={Evan Crothers and Nathalie Japkowicz and Herna Viktor},
      year={2023},
      eprint={2210.07321},
      archivePrefix={arXiv},
      primaryClass={cs.CL},
      url={https://arxiv.org/abs/2210.07321}, 
}

@inproceedings{ent08,
  author       = {Thomas Lavergne and Tanguy Urvoy and Fran{\c{c}}ois Yvon},
  title        = {{Detecting Fake Content with Relative Entropy Scoring}},
  booktitle    = {Proceedings of the ECAI'08 Workshop on Uncovering Plagiarism, Authorship and Social Software Misuse},
  series       = {{CEUR} Workshop Proceedings},
  year         = {2008},
  url          = {https://ceur-ws.org/Vol-377/paper4.pdf},
}

@misc{gehrmann2019gltr,
      title={GLTR: Statistical Detection and Visualization of Generated Text}, 
      author={Sebastian Gehrmann and Hendrik Strobelt and Alexander M. Rush},
      year={2019},
      eprint={1906.04043},
      archivePrefix={arXiv},
      primaryClass={cs.CL},
}

@misc{guo2023close,
      title={How Close is ChatGPT to Human Experts? Comparison Corpus, Evaluation, and Detection}, 
      author={Biyang Guo and Xin Zhang and Ziyuan Wang and Minqi Jiang and Jinran Nie and Yuxuan Ding and Jianwei Yue and Yupeng Wu},
      year={2023},
      eprint={2301.07597},
      archivePrefix={arXiv},
      primaryClass={cs.CL}
}

@misc{hans2024spotting,
      title={Spotting LLMs With Binoculars: Zero-Shot Detection of Machine-Generated Text}, 
      author={Abhimanyu Hans and Avi Schwarzschild and Valeriia Cherepanova and Hamid Kazemi and Aniruddha Saha and Micah Goldblum and Jonas Geiping and Tom Goldstein},
      year={2024},
      eprint={2401.12070},
      archivePrefix={arXiv},
      primaryClass={cs.CL}
}

@inproceedings{ippolito-etal-2020-automatic,
    title = "Automatic Detection of Generated Text is Easiest when Humans are Fooled",
    author = "Ippolito, Daphne  and
      Duckworth, Daniel  and
      Callison-Burch, Chris  and
      Eck, Douglas",
    editor = "Jurafsky, Dan  and
      Chai, Joyce  and
      Schluter, Natalie  and
      Tetreault, Joel",
    booktitle = "Proceedings of the 58th Annual Meeting of the Association for Computational Linguistics",
    month = jul,
    year = "2020",
    address = "Online",
    publisher = "Association for Computational Linguistics",
    url = "https://aclanthology.org/2020.acl-main.164/",
    doi = "10.18653/v1/2020.acl-main.164",
    pages = "1808--1822",
}

@inproceedings{jurafsky2020proceedings,
  title={Proceedings of the 58th annual meeting of the Association for Computational Linguistics},
  author={Jurafsky, Dan and Chai, Joyce and Schluter, Natalie and Tetreault, Joel},
  booktitle={Proceedings of the 58th Annual Meeting of the Association for Computational Linguistics},
  year={2020}
}

@inproceedings{kaneko-etal-2022-interpretability,
    title = "Interpretability for Language Learners Using Example-Based Grammatical Error Correction",
    author = "Kaneko, Masahiro  and
      Takase, Sho  and
      Niwa, Ayana  and
      Okazaki, Naoaki",
    editor = "Muresan, Smaranda  and
      Nakov, Preslav  and
      Villavicencio, Aline",
    booktitle = "Proceedings of the 60th Annual Meeting of the Association for Computational Linguistics (Volume 1: Long Papers)",
    month = may,
    year = "2022",
    address = "Dublin, Ireland",
    publisher = "Association for Computational Linguistics",
    url = "https://aclanthology.org/2022.acl-long.496/",
    doi = "10.18653/v1/2022.acl-long.496",
    pages = "7176--7187",
}

@article{khandelwal2020nearest,
  title={Nearest neighbor machine translation},
  author={Khandelwal, Urvashi and Fan, Angela and Jurafsky, Dan and Zettlemoyer, Luke and Lewis, Mike},
  journal={arXiv preprint arXiv:2010.00710},
  year={2020}
}

@misc{kirchenbauer2023watermark,
      title={{A Watermark for Large Language Models}}, 
      author={John Kirchenbauer and Jonas Geiping and Yuxin Wen and Jonathan Katz and Ian Miers and Tom Goldstein},
      year={2023},
      eprint={2301.10226},
      archivePrefix={arXiv},
      primaryClass={cs.LG}
}

@misc{lime16,
      title={"Why Should I Trust You?": Explaining the Predictions of Any Classifier}, 
      author={Marco Tulio Ribeiro and Sameer Singh and Carlos Guestrin},
      year={2016},
      eprint={1602.04938},
      archivePrefix={arXiv},
      primaryClass={cs.LG},
      url={https://arxiv.org/abs/1602.04938}, 
}

@article{maurer06,
    title = "Plagiarism – A Survey",
    author = "Hermann Maurer and Frank Kappe and Bilal Zaka",
    year = "2006",
    language = "English",
    volume = "12",
    pages = "1050--1084",
    journal = "Journal of Universal Computer Science ",
    issn = "0948-6968",
    publisher = "Verlag der Technischen Universit{\"a}t Graz",
    number = "8",
}

@misc{mitchell2023detectgpt,
      title={{DetectGPT: Zero-Shot Machine-Generated Text Detection using Probability Curvature}}, 
      author={Eric Mitchell and Yoonho Lee and Alexander Khazatsky and Christopher D. Manning and Chelsea Finn},
      year={2023},
      eprint={2301.11305},
      archivePrefix={arXiv},
      primaryClass={cs.CL}
}

@misc{mitrović2023chatgpt,
      title={ChatGPT or Human? Detect and Explain. Explaining Decisions of Machine Learning Model for Detecting Short ChatGPT-generated Text}, 
      author={Sandra Mitrović and Davide Andreoletti and Omran Ayoub},
      year={2023},
      eprint={2301.13852},
      archivePrefix={arXiv},
      primaryClass={cs.CL}
}

@inproceedings{rodriguez-etal-2022-cross,
    title = "Cross-Domain Detection of {GPT}-2-Generated Technical Text",
    author = "Rodriguez, Juan Diego  and
      Hay, Todd  and
      Gros, David  and
      Shamsi, Zain  and
      Srinivasan, Ravi",
    editor = "Carpuat, Marine  and
      de Marneffe, Marie-Catherine  and
      Meza Ruiz, Ivan Vladimir",
    booktitle = "Proceedings of the 2022 Conference of the North American Chapter of the Association for Computational Linguistics: Human Language Technologies",
    month = jul,
    year = "2022",
    address = "Seattle, United States",
    publisher = "Association for Computational Linguistics",
    url = "https://aclanthology.org/2022.naacl-main.88/",
    doi = "10.18653/v1/2022.naacl-main.88",
    pages = "1213--1233",
}

@misc{shap17,
      title={A Unified Approach to Interpreting Model Predictions}, 
      author={Scott Lundberg and Su-In Lee},
      year={2017},
      eprint={1705.07874},
      archivePrefix={arXiv},
      primaryClass={cs.AI},
      url={https://arxiv.org/abs/1705.07874}, 
}

@misc{solaiman2019release,
      title={{Release Strategies and the Social Impacts of Language Models}}, 
      author={Irene Solaiman and Miles Brundage and Jack Clark and Amanda Askell and Ariel Herbert-Voss and Jeff Wu and Alec Radford and Gretchen Krueger and Jong Wook Kim and Sarah Kreps and Miles McCain and Alex Newhouse and Jason Blazakis and Kris McGuffie and Jasmine Wang},
      year={2019},
      eprint={1908.09203},
      archivePrefix={arXiv},
      primaryClass={cs.CL}
}

@misc{su2023detectllmleveraginglogrank,
      title={DetectLLM: Leveraging Log Rank Information for Zero-Shot Detection of Machine-Generated Text}, 
      author={Jinyan Su and Terry Yue Zhuo and Di Wang and Preslav Nakov},
      year={2023},
      eprint={2306.05540},
      archivePrefix={arXiv},
      primaryClass={cs.CL},
      url={https://arxiv.org/abs/2306.05540}, 
}

@inproceedings{uchendu-etal-2020-authorship,
    title = "Authorship Attribution for Neural Text Generation",
    author = "Uchendu, Adaku  and
      Le, Thai  and
      Shu, Kai  and
      Lee, Dongwon",
    editor = "Webber, Bonnie  and
      Cohn, Trevor  and
      He, Yulan  and
      Liu, Yang",
    booktitle = "Proceedings of the 2020 Conference on Empirical Methods in Natural Language Processing (EMNLP)",
    month = nov,
    year = "2020",
    address = "Online",
    publisher = "Association for Computational Linguistics",
    url = "https://aclanthology.org/2020.emnlp-main.673/",
    doi = "10.18653/v1/2020.emnlp-main.673",
    pages = "8384--8395",
}

@inproceedings{wang-etal-2024-m4,
    title = "M4: Multi-generator, Multi-domain, and Multi-lingual Black-Box Machine-Generated Text Detection",
    author = "Wang, Yuxia  and
      Mansurov, Jonibek  and
      Ivanov, Petar  and
      Su, Jinyan  and
      Shelmanov, Artem  and
      Tsvigun, Akim  and
      Whitehouse, Chenxi  and
      Mohammed Afzal, Osama  and
      Mahmoud, Tarek  and
      Sasaki, Toru  and
      Arnold, Thomas  and
      Aji, Alham Fikri  and
      Habash, Nizar  and
      Gurevych, Iryna  and
      Nakov, Preslav",
    editor = "Graham, Yvette  and
      Purver, Matthew",
    booktitle = "Proceedings of the 18th Conference of the European Chapter of the Association for Computational Linguistics (Volume 1: Long Papers)",
    month = mar,
    year = "2024",
    address = "St. Julian{'}s, Malta",
    publisher = "Association for Computational Linguistics",
    url = "https://aclanthology.org/2024.eacl-long.83/",
    pages = "1369--1407",
}

@inproceedings{wiseman-stratos-2019-label,
    title = "Label-Agnostic Sequence Labeling by Copying Nearest Neighbors",
    author = "Wiseman, Sam  and
      Stratos, Karl",
    editor = "Korhonen, Anna  and
      Traum, David  and
      M{\`a}rquez, Llu{\'i}s",
    booktitle = "Proceedings of the 57th Annual Meeting of the Association for Computational Linguistics",
    month = jul,
    year = "2019",
    address = "Florence, Italy",
    publisher = "Association for Computational Linguistics",
    url = "https://aclanthology.org/P19-1533/",
    pages = "5363--5369",
}

@misc{yang2023dnagptdivergentngramanalysis,
      title={DNA-GPT: Divergent N-Gram Analysis for Training-Free Detection of GPT-Generated Text}, 
      author={Xianjun Yang and Wei Cheng and Yue Wu and Linda Petzold and William Yang Wang and Haifeng Chen},
      year={2023},
      eprint={2305.17359},
      archivePrefix={arXiv},
      primaryClass={cs.CL},
      url={https://arxiv.org/abs/2305.17359}, 
}

