@ARTICLE{9712249,
  author={Cai, Desheng and Qian, Shengsheng and Fang, Quan and Hu, Jun and Ding, Wenkui and Xu, Changsheng},
  title={Heterogeneous Graph Contrastive Learning Network for Personalized Micro-Video Recommendation}, 
  journal={IEEE Transactions on Multimedia}, 
  year={2023},
  volume={25},
  pages={2761-2773}
}

@ARTICLE{9354543,
  author={Shirian, Amir and Tripathi, Subarna and Guha, Tanaya},
  title={Dynamic Emotion Modeling With Learnable Graphs and Graph Inception Network}, 
  journal={IEEE Transactions on Multimedia}, 
  year={2022},
  volume={24},
  pages={780-790}
}

@ARTICLE{10292891,
  author={Zhang, Han and Li, Yiding and Li, Xuelong},
  title={Constrained Bipartite Graph Learning for Imbalanced Multi-Modal Retrieval}, 
  journal={IEEE Transactions on Multimedia}, 
  year={2024},
  volume={26},
  pages={4502-4514}
}

@ARTICLE{10243145,
  author={Assefa, Maregu and Jiang, Wei and Zhan, Jinyu and Gedamu, Kumie and Yilma, Getinet and Ayalew, Melese and Adhikari, Deepak},
  title={Audio-Visual Contrastive and Consistency Learning for Semi-Supervised Action Recognition}, 
  journal={IEEE Transactions on Multimedia}, 
  year={2024},
  volume={26},
  pages={3491-3504}
}

@ARTICLE{10286310,
  author={Gao, Yuan and Li, Xin and Hui, Yan},
  title={Rethinking Graph Contrastive Learning: An Efficient Single-View Approach via Instance Discrimination}, 
  journal={IEEE Transactions on Multimedia}, 
  year={2024},
  volume={26},
  number={},
  pages={3616-3625}
}

@inproceedings{chen2020simple,
  title={A simple framework for contrastive learning of visual representations},
  author={Chen, Ting and Kornblith, Simon and Norouzi, Mohammad and Hinton, Geoffrey},
  booktitle={Proceedings of the International Conference on Machine Learning},
  pages={1597--1607},
  year={2020},
  organization={PMLR}
}

@article{jin2021adversarial,
  title={Adversarial attacks and defenses on graphs},
  author={Jin, Wei and Li, Yaxing and Xu, Han and Wang, Yiqi and Ji, Shuiwang and Aggarwal, Charu and Tang, Jiliang},
  journal={ACM SIGKDD Explorations Newsletter},
  volume={22},
  number={2},
  pages={19--34},
  year={2021},
  publisher={ACM}
}


@article{hjelm2018learning,
  title={Learning deep representations by mutual information estimation and maximization},
  author={Hjelm, R Devon and Fedorov, Alex and Lavoie-Marchildon, Samuel and Grewal, Karan and Bachman, Phil and Trischler, Adam and Bengio, Yoshua},
  journal={arXiv preprint arXiv:1808.06670},
  year={2018}
}

@inproceedings{spielman2007spectral,
  title={Spectral graph theory and its applications},
  author={Spielman, Daniel A},
  booktitle={48th Annual IEEE Symposium on Foundations of Computer Science (FOCS'07)},
  pages={29--38},
  year={2007},
  organization={IEEE}
}

@book{biggs1993algebraic,
  title={Algebraic graph theory},
  author={Biggs, Norman},
  volume={67},
  year={1993},
  publisher={Cambridge University Press}
}

@article{dorfler2018electrical,
  title={Electrical networks and algebraic graph theory: Models, properties, and applications},
  author={D{\"o}rfler, Florian and Simpson-Porco, John W and Bullo, Francesco},
  journal={Proceedings of the IEEE},
  volume={106},
  number={5},
  pages={977--1005},
  year={2018},
  publisher={IEEE}
}

@article{wang2019implicit,
  title={Implicit semantic data augmentation for deep networks},
  author={Wang, Yulin and Pan, Xuran and Song, Shiji and Zhang, Hong and Huang, Gao and Wu, Cheng},
  journal={Advances in Neural Information Processing Systems},
  volume={32},
  year={2019}
}

@inproceedings{sun2021mocl,
  title={MoCL: data-driven molecular fingerprint via knowledge-aware contrastive learning from molecular graph},
  author={Sun, Mengying and Xing, Jing and Wang, Huijun and Chen, Bin and Zhou, Jiayu},
  booktitle={Proceedings of the 27th ACM SIGKDD conference on knowledge discovery \& data mining},
  pages={3585--3594},
  year={2021}
}

@inproceedings{jing2021hdmi,
  title={Hdmi: High-order deep multiplex infomax},
  author={Jing, Baoyu and Park, Chanyoung and Tong, Hanghang},
  booktitle={Proceedings of the Web Conference 2021},
  pages={2414--2424},
  year={2021}
}

@inproceedings{lee2022augmentation,
  title={Augmentation-free self-supervised learning on graphs},
  author={Lee, Namkyeong and Lee, Junseok and Park, Chanyoung},
  booktitle={Proceedings of the AAAI Conference on Artificial Intelligence},
  volume={36},
  number={7},
  pages={7372--7380},
  year={2022}
}

@article{godsil1981full,
  title={On the full automorphism group of a graph},
  author={Godsil, Chris D},
  journal={Combinatorica},
  volume={1},
  pages={243--256},
  year={1981},
  publisher={Springer}
}

@inproceedings{zhang2023accelerating,
  title={Accelerating dataset distillation via model augmentation},
  author={Zhang, Lei and Zhang, Jie and Lei, Bowen and Mukherjee, Subhabrata and Pan, Xiang and Zhao, Bo and Ding, Caiwen and Li, Yao and Xu, Dongkuan},
  booktitle={Proceedings of the IEEE/CVF Conference on Computer Vision and Pattern Recognition},
  pages={11950--11959},
  year={2023}
}

@inproceedings{xia2022simgrace,
  title={Simgrace: A simple framework for graph contrastive learning without data augmentation},
  author={Xia, Jun and Wu, Lirong and Chen, Jintao and Hu, Bozhen and Li, Stan Z},
  booktitle={Proceedings of the ACM Web Conference 2022},
  pages={1070--1079},
  year={2022}
}

@article{wang2022augmentation,
  title={Augmentation-free graph contrastive learning with performance guarantee},
  author={Wang, Haonan and Zhang, Jieyu and Zhu, Qi and Huang, Wei},
  journal={arXiv preprint arXiv:2204.04874},
  year={2022}
}

@ARTICLE{9426408,
  author={Wang, Runzhong and Yan, Junchi and Yang, Xiaokang},
  journal={IEEE Transactions on Pattern Analysis and Machine Intelligence}, 
  title={Neural Graph Matching Network: Learning Lawlerâ€™s Quadratic Assignment Problem With Extension to Hypergraph and Multiple-Graph Matching}, 
  year={2022},
  volume={44},
  number={9},
  pages={5261--5279}
}

@article{zhang2021canonical,
  title={From canonical correlation analysis to self-supervised graph neural networks},
  author={Zhang, Hengrui and Wu, Qitian and Yan, Junchi and Wipf, David and Yu, Philip S},
  journal={Advances in Neural Information Processing Systems},
  volume={34},
  pages={76--89},
  year={2021}
}

@inproceedings{yang2022dual,
  title={Dual space graph contrastive learning},
  author={Yang, Haoran and Chen, Hongxu and Pan, Shirui and Li, Lin and Yu, Philip S and Xu, Guandong},
  booktitle={Proceedings of the ACM Web Conference 2022},
  pages={1238--1247},
  year={2022}
}

@article{wang2022uncovering,
  title={Uncovering the Structural Fairness in Graph Contrastive Learning},
  author={Wang, Ruijia and Wang, Xiao and Shi, Chuan and Song, Le},
  journal={Advances in Neural Information Processing Systems},
  volume={35},
  pages={32465--32473},
  year={2022}
}

@inproceedings{misra2020self,
  title={Self-supervised learning of pretext-invariant representations},
  author={Misra, Ishan and Maaten, Laurens van der},
  booktitle={Proceedings of the IEEE/CVF conference on computer vision and pattern recognition},
  pages={6707--6717},
  year={2020}
}

@article{banville2021uncovering,
  title={Uncovering the structure of clinical EEG signals with self-supervised learning},
  author={Banville, Hubert and Chehab, Omar and Hyv{\"a}rinen, Aapo and Engemann, Denis-Alexander and Gramfort, Alexandre},
  journal={Journal of Neural Engineering},
  volume={18},
  number={4},
  pages={046020},
  year={2021},
  publisher={IOP Publishing}
}

@ARTICLE{9662655,
  author={Wang, Qifan and Wei, Yinwei and Yin, Jianhua and Wu, Jianlong and Song, Xuemeng and Nie, Liqiang},
  journal={IEEE Transactions on Multimedia}, 
  title={DualGNN: Dual Graph Neural Network for Multimedia Recommendation}, 
  year={2023},
  volume={25},
  number={},
  pages={1074--1084},
  publisher={IEEE}
}


@article{sun2022multimedia,
  title={A Multimedia Graph Collaborative Filter},
  author={Sun, Jingzhou and Chang, He and Zhao, Wenxuan and Yu, Youjian and Yang, Lifang and Huang, Xianglin},
  journal={IEEE Access},
  volume={10},
  pages={50892--50902},
  year={2022},
  publisher={IEEE}
}

@incollection{rawka2022survey,
  title={A Survey on Graph Neural Network Based Video Recommendation System},
  author={Rawka, Toshi and Jadeja, Mahipal},
  booktitle={Deep Learning for Social Media Data Analytics},
  pages={141--155},
  year={2022},
  publisher={Springer}
}

@ARTICLE{kipf2016semi,
  title={Semi-supervised classification with graph convolutional networks},
  author={Kipf, Thomas N and Welling, Max},
  journal={arXiv preprint arXiv:1609.02907},
  year={2016}
}

@ARTICLE{zhu2020deep,
  title={Deep Graph Contrastive Representation Learning},
  author={Zhu, Yanqiao and Xu, Yichen and Yu, Feng and Liu, Qiang and Wu, Shu and Wang, Liang},
  journal={arXiv preprint arXiv:2006.04131},
  year={2020}
}

@inproceedings{peng2020graph,
  title={Graph representation learning via graphical mutual information maximization},
  author={Peng, Zhen and Huang, Wenbing and Luo, Minnan and Zheng, Qinghua and Rong, Yu and Xu, Tingyang and Huang, Junzhou},
  booktitle={Proceedings of The Web Conference 2020},
  pages={259--270},
  year={2020}
}

@article{zhu2022generalized,
  title={Generalized Laplacian Eigenmaps},
  author={Zhu, Hao and Koniusz, Piotr},
  journal={Advances in Neural Information Processing Systems},
  volume={35},
  pages={30783--30797},
  year={2022}
}

@article{gharaee2021graph,
  title={Graph representation learning for road type classification},
  author={Gharaee, Zahra and Kowshik, Shreyas and Stromann, Oliver and Felsberg, Michael},
  journal={Pattern Recognition},
  volume={120},
  pages={108174},
  year={2021},
  publisher={Elsevier}
}

@inproceedings{wang2020understanding,
  title={Understanding contrastive representation learning through alignment and uniformity on the hypersphere},
  author={Wang, Tongzhou and Isola, Phillip},
  booktitle={International Conference on Machine Learning},
  pages={9929--9939},
  year={2020},
  organization={PMLR}
}

@article{you2020graph,
  title={Graph contrastive learning with augmentations},
  author={You, Yuning and Chen, Tianlong and Sui, Yongduo and Chen, Ting and Wang, Zhangyang and Shen, Yang},
  journal={Advances in Neural Information Processing Systems},
  volume={33},
  pages={5812--5823},
  year={2020}
}

@article{ali2020deep,
  title={Deep learning in citation recommendation models survey},
  author={Ali, Zafar and Kefalas, Pavlos and Muhammad, Khan and Ali, Bahadar and Imran, Muhammad},
  journal={Expert Systems with Applications},
  volume={162},
  pages={113790},
  year={2020},
  publisher={Elsevier}
}

@inproceedings{3467186,
  title={MoCL: Data-Driven Molecular Fingerprint via Knowledge-Aware Contrastive Learning from Molecular Graph},
  author={Sun, Mengying and Xing, Jing and Wang, Huijun and Chen, Bin and Zhou, Jiayu},
  booktitle={Proceedings of the 27th ACM SIGKDD Conference on Knowledge Discovery \& Data Mining},
  pages={3585--3594},
  year={2021}
}

@article{huang2020skipgnn,
  title={SkipGNN: Predicting molecular interactions with skip-graph networks},
  author={Huang, Kexin and Xiao, Cao and Glass, Lucas M and Zitnik, Marinka and Sun, Jimeng},
  journal={Scientific Reports},
  volume={10},
  number={1},
  pages={21092},
  year={2020},
  publisher={Nature Publishing Group UK London}
}


@inproceedings{zhao2022graph,
  title={Data augmentation for graph neural networks},
  author={Zhao, Tong and Liu, Yozen and Neves, Leonardo and Woodford, Oliver and Jiang, Meng and Shah, Neil},
  booktitle={Proceedings of the aaai conference on artificial intelligence},
  volume={35},
  number={12},
  pages={11015--11023},
  year={2021}
}

@article{ding2022data,
  title={Data augmentation for deep graph learning: A survey},
  author={Ding, Kaize and Xu, Zhe and Tong, Hanghang and Liu, Huan},
  journal={ACM SIGKDD Explorations Newsletter},
  volume={24},
  number={2},
  pages={61--77},
  year={2022}
}

@article{velivckovic2019neural,
  title={Neural execution of graph algorithms},
  author={Veli{\v{c}}kovi{\'c}, Petar and Ying, Rex and Padovano, Matilde and Hadsell, Raia and Blundell, Charles},
  journal={arXiv preprint arXiv:1910.10593},
  year={2019}
}

@article{rethmeier2023primer,
  title={A Primer on Contrastive Pretraining in Language Processing: Methods, Lessons Learned, and Perspectives},
  author={Rethmeier, Nils and Augenstein, Isabelle},
  journal={ACM Computing Surveys},
  volume={55},
  number={10},
  pages={1--17},
  year={2023},
  publisher={ACM New York, NY}
}

@inproceedings{zhu2021graph,
  title={Graph Contrastive Learning with Adaptive Augmentation},
  author={Zhu, Yanqiao and Xu, Yichen and Yu, Feng and Liu, Qiang and Wu, Shu and Wang, Liang},
  booktitle={Proceedings of the Web Conference 2021},
  pages={2069--2080},
  year={2021}
}

@inproceedings{hassani2020contrastive,
  title={Contrastive Multi-View Representation Learning on Graphs},
  author={Hassani, Kaveh and Khasahmadi, Amir Hosein},
  booktitle={International Conference on Machine Learning},
  pages={4116--4126},
  year={2020},
  organization={PMLR}
}

@inproceedings{huang2023adversarial,
  title={Adversarial Learning Data Augmentation for Graph Contrastive Learning in Recommendation},
  author={Huang, Junjie and Cao, Qi and Xie, Ruobing and Zhang, Shaoliang and Xia, Feng and Shen, Huawei and Cheng, Xueqi},
  booktitle={International Conference on Database Systems for Advanced Applications},
  pages={373--388},
  year={2023},
  organization={Springer}
}

@inproceedings{lin2022spectrum,
  title={Spectrum Guided Topology Augmentation for Graph Contrastive Learning},
  author={Lin, Lu and Chen, Jinghui and Wang, Hongning},
  booktitle={NeurIPS 2022 Workshop: New Frontiers in Graph Learning},
  year={2022}
}

@article{li2023dynamic,
  title={Dynamic Graph Structure Learning for Multivariate Time Series Forecasting},
  author={Li, Zhuo Lin and Zhang, Gao Wei and Yu, Jie and Xu, Ling Yu},
  journal={Pattern Recognition},
  volume={138},
  pages={109423},
  year={2023},
  publisher={Elsevier}
}

@article{yuan2022unified,
  title={A Unified Structure Learning Framework for Graph Attention Networks},
  author={Yuan, Jinliang and Cao, Meng and Cheng, Hao and Yu, Hualei and Xie, Junyuan and Wang, Chongjun},
  journal={Neurocomputing},
  volume={495},
  pages={194--204},
  year={2022},
  publisher={Elsevier}
}

@article{martin2016structural,
  title={Structural Inference for Uncertain Networks},
  author={Martin, Travis and Ball, Brian and Newman, Mark EJ},
  journal={Physical Review E},
  volume={93},
  number={1},
  pages={012306},
  year={2016},
  publisher={APS}
}

@article{zhu2021deep,
  title={Deep Graph Structure Learning for Robust Representations: A Survey},
  author={Zhu, Yanqiao and Xu, Weizhi and Zhang, Jinghao and Liu, Qiang and Wu, Shu and Wang, Liang},
  journal={arXiv preprint arXiv:2103.03036},
  year={2021}
}

@article{sun2019infograph,
  title={Infograph: Unsupervised and Semi-supervised Graph-level Representation Learning via Mutual Information Maximization},
  author={Sun, Fan-Yun and Hoffmann, Jordan and Verma, Vikas and Tang, Jian},
  journal={arXiv preprint arXiv:1908.01000},
  year={2019}
}

@inproceedings{jiao2020subgraph,
  author={Jiao, Yizhu and Xiong, Yun and Zhang, Jiawei and Zhang, Yao and Zhang, Tianqi and Zhu, Yangyong},
  booktitle={2020 IEEE International Conference on Data Mining (ICDM)}, 
  title={Sub-Graph Contrast for Scalable Self-Supervised Graph Representation Learning}, 
  year={2020},
  pages={222--231}
}

@inproceedings{franceschi2019learning,
  title={Learning Discrete Structures for Graph Neural Networks},
  author={Franceschi, Luca and Niepert, Mathias and Pontil, Massimiliano and He, Xiao},
  booktitle={International Conference on Machine Learning},
  pages={1972--1982},
  year={2019},
  organization={PMLR}
}

@article{chen2020iterative,
  title={Iterative Deep Graph Learning for Graph Neural Networks: Better and Robust Node Embeddings},
  author={Chen, Yu and Wu, Lingfei and Zaki, Mohammed},
  journal={Advances in Neural Information Processing Systems},
  volume={33},
  pages={19314--19326},
  year={2020}
}

@article{fatemi2021slaps,
  title={SLAPS: Self-Supervision Improves Structure Learning for Graph Neural Networks},
  author={Fatemi, Bahare and El Asri, Layla and Kazemi, Seyed Mehran},
  journal={Advances in Neural Information Processing Systems},
  volume={34},
  pages={22667--22681},
  year={2021}
}

@inproceedings{yu2021graph,
  title={Graph-Revised Convolutional Network},
  author={Yu, Donghan and Zhang, Ruohong and Jiang, Zhengbao and Wu, Yuexin and Yang, Yiming},
  booktitle={Machine Learning and Knowledge Discovery in Databases: European Conference, ECML PKDD 2020},
  pages={378--393},
  year={2021},
  organization={Springer}
}

@inproceedings{jin2020graph,
  title={Graph Structure Learning for Robust Graph Neural Networks},
  author={Jin, Wei and Ma, Yao and Liu, Xiaorui and Tang, Xianfeng and Wang, Suhang and Tang, Jiliang},
  booktitle={Proceedings of the 26th ACM SIGKDD International Conference on Knowledge Discovery \& Data Mining},
  pages={66--74},
  year={2020}
}

@article{nie2023enhancing,
  title={Enhancing Motion Visual Cues for Self-Supervised Video Representation Learning},
  author={Nie, Mu and Quan, Zhibin and Ding, Weiping and Yang, Wankou},
  journal={Engineering Applications of Artificial Intelligence},
  volume={123},
  pages={106203},
  year={2023},
  publisher={Elsevier}
}

@inproceedings{lim2019fast,
  title={Fast AutoAugment},
  author={Lim, Sungbin and Kim, Ildoo and Kim, Taesup and Kim, Chiheon and Kim, Sungwoong},
  booktitle={Proceedings of the 33rd International Conference on Neural Information Processing Systems},
  pages={6665--6675},
  year={2019}
}

@article{velivckovic2018deep,
  title={Deep Graph Infomax},
  author={Veli{\v{c}}kovi{\'c}, Petar and Fedus, William and Hamilton, William L and Li{\`o}, Pietro and Bengio, Yoshua and Hjelm, R Devon},
  journal={arXiv preprint arXiv:1809.10341},
  year={2018}
}

@inproceedings{jing2022graph,
  title={Graph Contrastive Learning with Adaptive Augmentation for Recommendation},
  author={Jing, Mengyuan and Zhu, Yanmin and Zang, Tianzi and Yu, Jiadi and Tang, Feilong},
  booktitle={Joint European Conference on Machine Learning and Knowledge Discovery in Databases},
  pages={590--605},
  year={2022},
  organization={Springer}
}

@inproceedings{yuan2021semi,
  title={Semi-Supervised and Self-Supervised Classification with Multi-View Graph Neural Networks},
  author={Yuan, Jinliang and Yu, Hualei and Cao, Meng and Xu, Ming and Xie, Junyuan and Wang, Chongjun},
  booktitle={Proceedings of the 30th ACM International Conference on Information \& Knowledge Management},
  pages={2466--2476},
  year={2021}
}

@inproceedings{thakoor2021bootstrapped,
  title={Bootstrapped Representation Learning on Graphs},
  author={Thakoor, Shantanu and Tallec, Corentin and Azar, Mohammad Gheshlaghi and Munos, RÃ©mi and Veli{\v{c}}kovi{\'c}, Petar and Valko, Michal},
  booktitle={ICLR 2021 Workshop on Geometrical and Topological Representation Learning},
  year={2021}
}

@inproceedings{feng2022adversarial,
  title={Adversarial Graph Contrastive Learning with Information Regularization},
  author={Feng, Shengyu and Jing, Baoyu and Zhu, Yada and Tong, Hanghang},
  booktitle={Proceedings of the ACM Web Conference 2022},
  pages={1362--1371},
  year={2022}
}

@inproceedings{qiu2020gcc,
  title={GCC: Graph Contrastive Coding for Graph Neural Network Pre-Training},
  author={Qiu, Jiezhong and Chen, Qibin and Dong, Yuxiao and Zhang, Jing and Yang, Hongxia and Ding, Ming and Wang, Kuansan and Tang, Jie},
  booktitle={Proceedings of the 26th ACM SIGKDD International Conference on Knowledge Discovery \& Data Mining},
  pages={1150--1160},
  year={2020}
}

@article{frasca2022understanding,
  title={Understanding and Extending Subgraph GNNs by Rethinking Their Symmetries},
  author={Frasca, Fabrizio and Bevilacqua, Beatrice and Bronstein, Michael and Maron, Haggai},
  journal={Advances in Neural Information Processing Systems},
  volume={35},
  pages={31376--31390},
  year={2022}
}

@article{xia2022substructure,
  title={On the Substructure Countability of Graph Neural Networks},
  author={Xia, Wenwen and Li, Yuchen and Li, Shenghong},
  journal={IEEE Transactions on Knowledge and Data Engineering},
  year={2022},
  publisher={IEEE}
}

@inproceedings{zhang2022costa,
  title={COSTA: Covariance-Preserving Feature Augmentation for Graph Contrastive Learning},
  author={Zhang, Yifei and Zhu, Hao and Song, Zixing and Koniusz, Piotr and King, Irwin},
  booktitle={Proceedings of the 28th ACM SIGKDD Conference on Knowledge Discovery and Data Mining},
  pages={2524--2534},
  year={2022}
}

@article{tong2021directed,
  title={Directed Graph Contrastive Learning},
  author={Tong, Zekun and Liang, Yuxuan and Ding, Henghui and Dai, Yongxing and Li, Xinke and Wang, Changhu},
  journal={Advances in Neural Information Processing Systems},
  volume={34},
  pages={19580--19593},
  year={2021}
}

@inproceedings{you2021graph,
  title={Graph Contrastive Learning Automated},
  author={You, Yuning and Chen, Tianlong and Shen, Yang and Wang, Zhangyang},
  booktitle={International Conference on Machine Learning},
  pages={12121--12132},
  year={2021},
  organization={PMLR}
}

@article{suresh2021adversarial,
  title={Adversarial Graph Augmentation to Improve Graph Contrastive Learning},
  author={Suresh, Susheel and Li, Pan and Hao, Cong and Neville, Jennifer},
  journal={Advances in Neural Information Processing Systems},
  volume={34},
  pages={15920--15933},
  year={2021}
}

@article{xu2021infogcl,
  title={INFOGCL: Information-Aware Graph Contrastive Learning},
  author={Xu, Dongkuan and Cheng, Wei and Luo, Dongsheng and Chen, Haifeng and Zhang, Xiang},
  journal={Advances in Neural Information Processing Systems},
  volume={34},
  pages={30414--30425},
  year={2021}
}

@book{newman2018networks,
  title={Networks},
  author={Newman, Mark},
  year={2018},
  publisher={Oxford University Press}
}


@article{zhu2020beyond,
  title={Beyond Homophily in Graph Neural Networks: Current Limitations and Effective Designs},
  author={Zhu, Jiong and Yan, Yujun and Zhao, Lingxiao and Heimann, Mark and Akoglu, Leman and Koutra, Danai},
  journal={Advances in Neural Information Processing Systems},
  volume={33},
  pages={7793--7804},
  year={2020}
}

@inproceedings{zeng2021contrastive,
  title={Contrastive Self-Supervised Learning for Graph Classification},
  author={Zeng, Jiaqi and Xie, Pengtao},
  booktitle={Proceedings of the AAAI Conference on Artificial Intelligence},
  pages={10824--10832},
  year={2021}
}

@inproceedings{ren2021label,
  title={Label Contrastive Coding Based Graph Neural Network for Graph Classification},
  author={Ren, Yuxiang and Bai, Jiyang and Zhang, Jiawei},
  booktitle={Database Systems for Advanced Applications: 26th International Conference},
  pages={123--140},
  year={2021},
  organization={Springer}
}

@inproceedings{cao2021bipartite,
  title={Bipartite Graph Embedding via Mutual Information Maximization},
  author={Cao, Jiangxia and Lin, Xixun and Guo, Shu and Liu, Luchen and Liu, Tingwen and Wang, Bin},
  booktitle={Proceedings of the 14th ACM International Conference on Web Search and Data Mining},
  pages={635--643},
  year={2021}
}

@inproceedings{mavromatis2021graph,
  title={Graph InfoClust: Maximizing Coarse-Grain Mutual Information in Graphs},
  author={Mavromatis, Costas and Karypis, George},
  booktitle={Pacific-Asia Conference on Knowledge Discovery and Data Mining},
  pages={541--553},
  year={2021},
  organization={Springer}
}

@inproceedings{yang2016revisiting,
  title={Revisiting Semi-Supervised Learning with Graph Embeddings},
  author={Yang, Zhilin and Cohen, William and Salakhudinov, Ruslan},
  booktitle={International Conference on Machine Learning},
  pages={40--48},
  year={2016},
  organization={PMLR}
}

@inproceedings{li2022let,
  title={Let Invariant Rationale Discovery Inspire Graph Contrastive Learning},
  author={Li, Sihang and Wang, Xiang and Zhang, An and Wu, Yingxin and He, Xiangnan and Chua, Tat-Seng},
  booktitle={International Conference on Machine Learning},
  pages={13052--13065},
  year={2022},
  organization={PMLR}
}

@article{hu2020open,
  title={Open Graph Benchmark: Datasets for Machine Learning on Graphs},
  author={Hu, Weihua and Fey, Matthias and Zitnik, Marinka and Dong, Yuxiao and Ren, Hongyu and Liu, Bowen and Catasta, Michele and Leskovec, Jure},
  journal={Advances in Neural Information Processing Systems},
  volume={33},
  pages={22118--22133},
  year={2020}
}

@inproceedings{perozzi2014deepwalk,
  title={DeepWalk: Online Learning of Social Representations},
  author={Perozzi, Bryan and Al-Rfou, Rami and Skiena, Steven},
  booktitle={Proceedings of the 20th ACM SIGKDD International Conference on Knowledge Discovery and Data Mining},
  pages={701--710},
  year={2014}
}

@inproceedings{grover2016node2vec,
  title={Node2Vec: Scalable Feature Learning for Networks},
  author={Grover, Aditya and Leskovec, Jure},
  booktitle={Proceedings of the 22nd ACM SIGKDD International Conference on Knowledge Discovery and Data Mining},
  pages={855--864},
  year={2016}
}

@article{kipf2016variational,
  title={Variational Graph Auto-Encoders},
 author={Kipf, Thomas N and Welling, Max},
  journal={stat},
  volume={1050},
  pages={21},
  year={2016}
}

@inproceedings{gong2023ma,
  title={MA-GCL: Model Augmentation Tricks for Graph Contrastive Learning},
  author={Gong, Xumeng and Yang, Cheng and Shi, Chuan},
  booktitle={Proceedings of the AAAI Conference on Artificial Intelligence},
  pages={4284--4292},
  year={2023}
}

@inproceedings{cao2016deep,
  title={Deep Neural Networks for Learning Graph Representations},
  author={Cao, Shaosheng and Lu, Wei and Xu, Qiongkai},
  booktitle={Proceedings of the AAAI Conference on Artificial Intelligence},
  year={2016}
}

@inproceedings{yang2015network,
  title={Network Representation Learning with Rich Text Information},
  author={Yang, Cheng and Liu, Zhiyuan and Zhao, Deli and Sun, Maosong and Chang, Edward Y},
  booktitle={Proceedings of the 24th International Conference on Artificial Intelligence},
  pages={2111--2117},
  year={2015}
}



@inproceedings{velivckovic2017graph,
  author       = {Petar Velickovic and
                  Guillem Cucurull and
                  Arantxa Casanova and
                  Adriana Romero and
                  Pietro Li{\`{o}} and
                  Yoshua Bengio},
  title        = {Graph Attention Networks},
  booktitle    = {6th International Conference on Learning Representations, {ICLR} 2018},
  year         = {2018}
}


@article{guo2022graph,
  title={Graph Clustering via Variational Graph Embedding},
  author={Guo, Lin and Dai, Qun},
  journal={Pattern Recognition},
  volume={122},
  pages={108334},
  year={2022},
  publisher={Elsevier}
}

@article{mernyei2020wiki,
  title={Wiki-CS: A Wikipedia-Based Benchmark for Graph Neural Networks},
  author={Mernyei, PÃ©ter and Cangea, CÄƒtÄƒlina},
  journal={arXiv preprint arXiv:2007.02901},
  year={2020}
}

@article{van2008visualizing,
  title={Visualizing Data Using t-SNE},
  author={Van der Maaten, Laurens and Hinton, Geoffrey},
  journal={Journal of Machine Learning Research},
  volume={9},
  number={11},
  year={2008}
}

@inproceedings{ge2023hyperbolic,
  title={Hyperbolic Contrastive Learning for Visual Representations Beyond Objects},
  author={Ge, Songwei and Mishra, Shlok and Kornblith, Simon and Li, Chun-Liang and Jacobs, David},
  booktitle={Proceedings of the IEEE/CVF Conference on Computer Vision and Pattern Recognition},
  pages={6840--6849},
  year={2023}
}

@article{wang2021adaptive,
  title={Adaptive Data Augmentation on Temporal Graphs},
  author={Wang, Yiwei and Cai, Yujun and Liang, Yuxuan and Ding, Henghui and Wang, Changhu and Bhatia, Siddharth and Hooi, Bryan},
  journal={Advances in Neural Information Processing Systems},
  volume={34},
  pages={1440--1452},
  year={2021}
}

@inproceedings{jiang2023adaptive,
  title={Adaptive Graph Contrastive Learning for Recommendation},
  author={Jiang, Yangqin and Huang, Chao and Huang, Lianghao},
  booktitle={Proceedings of the 29th ACM SIGKDD Conference on Knowledge Discovery and Data Mining},
  pages={4252--4261},
  year={2023}
}

@article{zhang2024motif,
  title={Motif-Driven Contrastive Learning of Graph Representations},
  author={Zhang, Shichang and Hu, Ziniu and Subramonian, Arjun and Sun, Yizhou},
  journal={IEEE Transactions on Knowledge and Data Engineering},
  year={2024}
}

@inproceedings{huang2023robust,
  title={Robust Mid-Pass Filtering Graph Convolutional Networks},
  author={Huang, Jincheng and Du, Lun and Chen, Xu and Fu, Qiang and Han, Shi and Zhang, Dongmei},
  booktitle={Proceedings of the ACM Web Conference 2023},
  pages={328--338},
  year={2023}
}

@inproceedings{wu2023graph,
  title={Graph Contrastive Learning with Generative Adversarial Network},
  author={Wu, Cheng and Wang, Chaokun and Xu, Jingcao and Liu, Ziyang and Zheng, Kai and Wang, Xiaowei and Song, Yang and Gai, Kun},
  booktitle={Proceedings of the 29th ACM SIGKDD Conference on Knowledge Discovery and Data Mining},
  pages={2721--2730},
  year={2023}
}

@inproceedings{shen2023neighbor,
  title={Neighbor Contrastive Learning on Learnable Graph Augmentation},
  author={Shen, Xiao and Sun, Dewang and Pan, Shirui and Zhou, Xi and Yang, Laurence T},
  booktitle={Proceedings of the AAAI Conference on Artificial Intelligence},
  volume={37},
  number={8},
  pages={9782--9791},
  year={2023}
}

@inproceedings{mo2024graph,
  title={Graph Contrastive Invariant Learning from the Causal Perspective},
  author={Mo, Yanhu and Wang, Xiao and Fan, Shaohua and Shi, Chuan},
  booktitle={Proceedings of the AAAI Conference on Artificial Intelligence},
  volume={38},
  number={8},
  pages={8904--8912},
  year={2024}
}

@article{LIU2024110274,
title = {Unbiased and augmentation-free self-supervised graph representation learning},
 author={Liu, Ruyue and Yin, Rong and Liu, Yong and Wang, Weiping},
journal = {Pattern Recognition},
volume = {149},
pages = {110274},
year = {2024},
issn = {0031-3203}
}

@inproceedings{liu2024aswt,
  title={ASWT-SGNN: Adaptive Spectral Wavelet Transform-based Self-Supervised Graph Neural Network},
  author={Liu, Ruyue and Yin, Rong and Liu, Yong and Wang, Weiping},
  booktitle={Proceedings of the AAAI Conference on Artificial Intelligence},
  volume={38},
  number={12},
  pages={13990--13998},
  year={2024}
}

@article{liu2022revisiting,
  title={Revisiting graph contrastive learning from the perspective of graph spectrum},
  author={Liu, Nian and Wang, Xiao and Bo, Deyu and Shi, Chuan and Pei, Jian},
  journal={Advances in Neural Information Processing Systems},
  volume={35},
  pages={2972--2983},
  year={2022}
}

@inproceedings{ghose2023spectral,
  title={Spectral augmentations for graph contrastive learning},
  author={Ghose, Amur and Zhang, Yingxue and Hao, Jianye and Coates, Mark},
  booktitle={International Conference on Artificial Intelligence and Statistics},
  pages={11213--11266},
  year={2023},
  organization={PMLR}
}

@inproceedings{zhang2023spectral,
  title={Spectral feature augmentation for graph contrastive learning and beyond},
  author={Zhang, Yifei and Zhu, Hao and Song, Zixing and Koniusz, Piotr and King, Irwin},
  booktitle={Proceedings of the AAAI Conference on Artificial Intelligence},
  volume={37},
  number={9},
  pages={11289--11297},
  year={2023}
}

