@ARTICLE{10286310,
  author={Gao, Yuan and Li, Xin and Hui, Yan},
  title={Rethinking Graph Contrastive Learning: An Efficient Single-View Approach via Instance Discrimination}, 
  journal={IEEE Transactions on Multimedia}, 
  year={2024},
  volume={26},
  number={},
  pages={3616-3625}
}

@inproceedings{chen2020simple,
  title={A simple framework for contrastive learning of visual representations},
  author={Chen, Ting and Kornblith, Simon and Norouzi, Mohammad and Hinton, Geoffrey},
  booktitle={Proceedings of the International Conference on Machine Learning},
  pages={1597--1607},
  year={2020},
  organization={PMLR}
}

@inproceedings{ghose2023spectral,
  title={Spectral augmentations for graph contrastive learning},
  author={Ghose, Amur and Zhang, Yingxue and Hao, Jianye and Coates, Mark},
  booktitle={International Conference on Artificial Intelligence and Statistics},
  pages={11213--11266},
  year={2023},
  organization={PMLR}
}

@inproceedings{hassani2020contrastive,
  title={Contrastive Multi-View Representation Learning on Graphs},
  author={Hassani, Kaveh and Khasahmadi, Amir Hosein},
  booktitle={International Conference on Machine Learning},
  pages={4116--4126},
  year={2020},
  organization={PMLR}
}

@article{hjelm2018learning,
  title={Learning deep representations by mutual information estimation and maximization},
  author={Hjelm, R Devon and Fedorov, Alex and Lavoie-Marchildon, Samuel and Grewal, Karan and Bachman, Phil and Trischler, Adam and Bengio, Yoshua},
  journal={arXiv preprint arXiv:1808.06670},
  year={2018}
}

@inproceedings{huang2023robust,
  title={Robust Mid-Pass Filtering Graph Convolutional Networks},
  author={Huang, Jincheng and Du, Lun and Chen, Xu and Fu, Qiang and Han, Shi and Zhang, Dongmei},
  booktitle={Proceedings of the ACM Web Conference 2023},
  pages={328--338},
  year={2023}
}

@inproceedings{jiang2023adaptive,
  title={Adaptive Graph Contrastive Learning for Recommendation},
  author={Jiang, Yangqin and Huang, Chao and Huang, Lianghao},
  booktitle={Proceedings of the 29th ACM SIGKDD Conference on Knowledge Discovery and Data Mining},
  pages={4252--4261},
  year={2023}
}

@inproceedings{jing2021hdmi,
  title={Hdmi: High-order deep multiplex infomax},
  author={Jing, Baoyu and Park, Chanyoung and Tong, Hanghang},
  booktitle={Proceedings of the Web Conference 2021},
  pages={2414--2424},
  year={2021}
}

@inproceedings{jing2022graph,
  title={Graph Contrastive Learning with Adaptive Augmentation for Recommendation},
  author={Jing, Mengyuan and Zhu, Yanmin and Zang, Tianzi and Yu, Jiadi and Tang, Feilong},
  booktitle={Joint European Conference on Machine Learning and Knowledge Discovery in Databases},
  pages={590--605},
  year={2022},
  organization={Springer}
}

@article{liu2022revisiting,
  title={Revisiting graph contrastive learning from the perspective of graph spectrum},
  author={Liu, Nian and Wang, Xiao and Bo, Deyu and Shi, Chuan and Pei, Jian},
  journal={Advances in Neural Information Processing Systems},
  volume={35},
  pages={2972--2983},
  year={2022}
}

@inproceedings{mavromatis2021graph,
  title={Graph InfoClust: Maximizing Coarse-Grain Mutual Information in Graphs},
  author={Mavromatis, Costas and Karypis, George},
  booktitle={Pacific-Asia Conference on Knowledge Discovery and Data Mining},
  pages={541--553},
  year={2021},
  organization={Springer}
}

@inproceedings{mo2024graph,
  title={Graph Contrastive Invariant Learning from the Causal Perspective},
  author={Mo, Yanhu and Wang, Xiao and Fan, Shaohua and Shi, Chuan},
  booktitle={Proceedings of the AAAI Conference on Artificial Intelligence},
  volume={38},
  number={8},
  pages={8904--8912},
  year={2024}
}

@inproceedings{peng2020graph,
  title={Graph representation learning via graphical mutual information maximization},
  author={Peng, Zhen and Huang, Wenbing and Luo, Minnan and Zheng, Qinghua and Rong, Yu and Xu, Tingyang and Huang, Junzhou},
  booktitle={Proceedings of The Web Conference 2020},
  pages={259--270},
  year={2020}
}

@inproceedings{shen2023neighbor,
  title={Neighbor Contrastive Learning on Learnable Graph Augmentation},
  author={Shen, Xiao and Sun, Dewang and Pan, Shirui and Zhou, Xi and Yang, Laurence T},
  booktitle={Proceedings of the AAAI Conference on Artificial Intelligence},
  volume={37},
  number={8},
  pages={9782--9791},
  year={2023}
}

@inproceedings{sun2021mocl,
  title={MoCL: data-driven molecular fingerprint via knowledge-aware contrastive learning from molecular graph},
  author={Sun, Mengying and Xing, Jing and Wang, Huijun and Chen, Bin and Zhou, Jiayu},
  booktitle={Proceedings of the 27th ACM SIGKDD conference on knowledge discovery \& data mining},
  pages={3585--3594},
  year={2021}
}

@article{velivckovic2018deep,
  title={Deep Graph Infomax},
  author={Veli{\v{c}}kovi{\'c}, Petar and Fedus, William and Hamilton, William L and Li{\`o}, Pietro and Bengio, Yoshua and Hjelm, R Devon},
  journal={arXiv preprint arXiv:1809.10341},
  year={2018}
}

@article{wang2019implicit,
  title={Implicit semantic data augmentation for deep networks},
  author={Wang, Yulin and Pan, Xuran and Song, Shiji and Zhang, Hong and Huang, Gao and Wu, Cheng},
  journal={Advances in Neural Information Processing Systems},
  volume={32},
  year={2019}
}

@article{wang2022uncovering,
  title={Uncovering the Structural Fairness in Graph Contrastive Learning},
  author={Wang, Ruijia and Wang, Xiao and Shi, Chuan and Song, Le},
  journal={Advances in Neural Information Processing Systems},
  volume={35},
  pages={32465--32473},
  year={2022}
}

@inproceedings{wu2023graph,
  title={Graph Contrastive Learning with Generative Adversarial Network},
  author={Wu, Cheng and Wang, Chaokun and Xu, Jingcao and Liu, Ziyang and Zheng, Kai and Wang, Xiaowei and Song, Yang and Gai, Kun},
  booktitle={Proceedings of the 29th ACM SIGKDD Conference on Knowledge Discovery and Data Mining},
  pages={2721--2730},
  year={2023}
}

@inproceedings{you2021graph,
  title={Graph Contrastive Learning Automated},
  author={You, Yuning and Chen, Tianlong and Shen, Yang and Wang, Zhangyang},
  booktitle={International Conference on Machine Learning},
  pages={12121--12132},
  year={2021},
  organization={PMLR}
}

@inproceedings{zhang2022costa,
  title={COSTA: Covariance-Preserving Feature Augmentation for Graph Contrastive Learning},
  author={Zhang, Yifei and Zhu, Hao and Song, Zixing and Koniusz, Piotr and King, Irwin},
  booktitle={Proceedings of the 28th ACM SIGKDD Conference on Knowledge Discovery and Data Mining},
  pages={2524--2534},
  year={2022}
}

@inproceedings{zhang2023spectral,
  title={Spectral feature augmentation for graph contrastive learning and beyond},
  author={Zhang, Yifei and Zhu, Hao and Song, Zixing and Koniusz, Piotr and King, Irwin},
  booktitle={Proceedings of the AAAI Conference on Artificial Intelligence},
  volume={37},
  number={9},
  pages={11289--11297},
  year={2023}
}

@ARTICLE{zhu2020deep,
  title={Deep Graph Contrastive Representation Learning},
  author={Zhu, Yanqiao and Xu, Yichen and Yu, Feng and Liu, Qiang and Wu, Shu and Wang, Liang},
  journal={arXiv preprint arXiv:2006.04131},
  year={2020}
}

@inproceedings{zhu2021graph,
  title={Graph Contrastive Learning with Adaptive Augmentation},
  author={Zhu, Yanqiao and Xu, Yichen and Yu, Feng and Liu, Qiang and Wu, Shu and Wang, Liang},
  booktitle={Proceedings of the Web Conference 2021},
  pages={2069--2080},
  year={2021}
}

