@misc{1xfuaylr0c,
 URL = {https://en.wikipedia.org/wiki/Oromo_language},
 accessed = {June 24 2024},
 author = {Wikipedia},
 issued = {2024},
 title = {Oromo language},
 type = {webpage}
}

@inproceedings{yao2021wenet,
  title     = {WeNet: Production Oriented Streaming and Non-Streaming End-to-End Speech Recognition Toolkit},
  author    = {Zhuoyuan Yao and Di Wu and Xiong Wang and Binbin Zhang and Fan Yu and Chao Yang and Zhendong Peng and Xiaoyu Chen and Lei Xie and Xin Lei},
  year      = {2021},
  booktitle = {Interspeech 2021},
  pages     = {4054--4058},
  doi       = {10.21437/Interspeech.2021-1983},
  issn      = {2958-1796},
}

@misc{gulati2020conformer,
      title={Conformer: Convolution-augmented Transformer for Speech Recognition}, 
      author={Anmol Gulati and James Qin and Chung-Cheng Chiu and Niki Parmar and Yu Zhang and Jiahui Yu and Wei Han and Shibo Wang and Zhengdong Zhang and Yonghui Wu and Ruoming Pang},
      year={2020},
      eprint={2005.08100},
      archivePrefix={arXiv},
      primaryClass={eess.AS}
}

@proceedings{49414,
title	= {Conformer: Convolution-augmented Transformer for Speech Recognition},
editor	= {Anmol Gulati and Chung-Cheng Chiu and James Qin and Jiahui Yu and Niki Parmar and Ruoming Pang and Shibo Wang and Wei Han and Yonghui Wu and Yu Zhang and Zhengdong Zhang},
year	= {2020}}

@article{yu2020acoustic,
  title={Acoustic modeling based on deep learning for low-resource speech recognition: An overview},
  author={Yu, Chongchong and Kang, Meng and Chen, Yunbing and Wu, Jiajia and Zhao, Xia},
  journal={IEEE Access},
  volume={8},
  pages={163829--163843},
  year={2020},
  publisher={IEEE}
}
@article{fendji2022automatic,
  title={Automatic speech recognition using limited vocabulary: A survey},
  author={Fendji, Jean Louis K E and Tala, Diane CM and Yenke, Blaise O and Atemkeng, Marcellin},
  journal={Applied Artificial Intelligence},
  volume={36},
  number={1},
  pages={2095039},
  year={2022},
  publisher={Taylor \& Francis}
}

@inproceedings{yadav-sitaram-2022-survey,
    title = "A Survey of Multilingual Models for Automatic Speech Recognition",
    author = "Yadav, Hemant  and
      Sitaram, Sunayana",
    booktitle = "Proceedings of the Thirteenth Language Resources and Evaluation Conference",
    month = jun,
    year = "2022",
    address = "Marseille, France",
    publisher = "European Language Resources Association",
    url = "https://aclanthology.org/2022.lrec-1.542",
    pages = "5071--5079",
}

@INPROCEEDINGS{9023195,
  author={Zhan, Qingran and Motlicek, Petr and Du, Shixuan and Shan, Yahui and Ma, Sifan and Xie, Xiang},
  booktitle={2019 Asia-Pacific Signal and Information Processing Association Annual Summit and Conference (APSIPA ASC)}, 
  title={Cross-lingual Automatic Speech Recognition Exploiting Articulatory Features}, 
  year={2019},
  volume={},
  number={},
  pages={1912-1916},
  keywords={Feature extraction;Acoustics;Artificial neural networks;Hidden Markov models;Adaptation models;Speech recognition;Task analysis},
  doi={10.1109/APSIPAASC47483.2019.9023195}}

@inproceedings{Park_2019,
   title={SpecAugment: A Simple Data Augmentation Method for Automatic Speech Recognition},
   url={http://dx.doi.org/10.21437/Interspeech.2019-2680},
   DOI={10.21437/interspeech.2019-2680},
   booktitle={Interspeech 2019},
   publisher={ISCA},
   author={Park, Daniel S. and Chan, William and Zhang, Yu and Chiu, Chung-Cheng and Zoph, Barret and Cubuk, Ekin D. and Le, Quoc V.},
   year={2019},
   month=sep, collection={interspeech_2019} }


@INPROCEEDINGS{nguyen2020improvingseq2seqasr,
  author={Nguyen, Thai-Son and Stüker, Sebastian and Niehues, Jan and Waibel, Alex},
  booktitle={ICASSP 2020 - 2020 IEEE International Conference on Acoustics, Speech and Signal Processing (ICASSP)}, 
  title={Improving Sequence-To-Sequence Speech Recognition Training with On-The-Fly Data Augmentation}, 
  year={2020},
  volume={},
  number={},
  pages={7689-7693},
  keywords={Training;Perturbation methods;Training data;Switches;Signal processing;Data models;Speech processing;Sequence-to-sequence;Self-attention;Data Augmentation;Speed Perturbation;Sub-sequence},
  doi={10.1109/ICASSP40776.2020.9054130}
}


@inproceedings{Lam_2021,
   title={On-the-Fly Aligned Data Augmentation for Sequence-to-Sequence ASR},
   url={http://dx.doi.org/10.21437/Interspeech.2021-1679},
   DOI={10.21437/interspeech.2021-1679},
   booktitle={Interspeech 2021},
   publisher={ISCA},
   author={Lam, Tsz Kin and Ohta, Mayumi and Schamoni, Shigehiko and Riezler, Stefan},
   year={2021},
   month=aug, collection={interspeech_2021} 
}

@misc{4untue5zij,
 URL = {https://openslr.org/},
 accessed = {2024-08-15},
 author = {OpenSLR},
 issued = {2024},
 title = {openslr.org},
 type = {webpage}
}
@inproceedings{abate-etal-2020-large,
    title = "Large Vocabulary Read Speech Corpora for Four {E}thiopian Languages: {A}mharic, {T}igrigna, {O}romo, and {W}olaytta",
    author = "Abate, Solomon Teferra  and
      Tachbelie, Martha Yifiru  and
      Melese, Michael  and
      Abera, Hafte  and
      Gebreselassie, Tewodros  and
      Mulugeta, Wondwossen  and
      Assabie, Yaregal  and
      Beyene, Million Meshesha  and
      Atinafu, Solomon  and
      Seyoum, Binyam Ephrem",
    booktitle = "Proceedings of the Fourth Widening Natural Language Processing Workshop",
    month = jul,
    year = "2020",
    address = "Seattle, USA",
    publisher = "Association for Computational Linguistics",
    url = "https://aclanthology.org/2020.winlp-1.5",
    doi = "10.18653/v1/2020.winlp-1.5",
    pages = "13--17",
   
}

@inproceedings{teferra-abate-etal-2018-parallel,
    title = "Parallel Corpora for bi-Directional Statistical Machine Translation for Seven {E}thiopian Language Pairs",
    author = "Teferra Abate, Solomon  and
      Melese, Michael  and
      Yifiru Tachbelie, Martha  and
      Meshesha, Million  and
      Atinafu, Solomon  and
      Mulugeta, Wondwossen  and
      Assabie, Yaregal  and
      Abera, Hafte  and
      Ephrem, Binyam  and
      Abebe, Tewodros  and
      Tsegaye, Wondimagegnhue  and
      Lemma, Amanuel  and
      Andargie, Tsegaye  and
      Shifaw, Seifedinet a
",
    booktitle = "Proceedings of the First Workshop on Linguistic Resources for Natural Language Processing",
    month = aug,
    year = "2018",
    address = "Santa Fe, New Mexico, USA",
    publisher = "Association for Computational Linguistics",
    url = "https://aclanthology.org/W18-3812",
    pages = "83--90",

}
@misc{tonja2024ethiollmmultilinguallargelanguage,
      title={EthioLLM: Multilingual Large Language Models for Ethiopian Languages with Task Evaluation}, 
      author={Atnafu Lambebo Tonja and Israel Abebe Azime and Tadesse Destaw Belay and Mesay Gemeda Yigezu and Moges Ahmed Mehamed and Abinew Ali Ayele and Ebrahim Chekol Jibril and Michael Melese Woldeyohannis and Olga Kolesnikova and Philipp Slusallek and Dietrich Klakow and Shengwu Xiong and Seid Muhie Yimam},
      year={2024},
      eprint={2403.13737},
      archivePrefix={arXiv},
      primaryClass={cs.CL},
      url={https://arxiv.org/abs/2403.13737}, 
}

@inproceedings{sennrich2016bpe,
    title = "Neural Machine Translation of Rare Words with Subword Units",
    author = "Sennrich, Rico  and
      Haddow, Barry  and
      Birch, Alexandra",
    editor = "Erk, Katrin  and
      Smith, Noah A.",
    booktitle = "Proceedings of the 54th Annual Meeting of the Association for Computational Linguistics (Volume 1: Long Papers)",
    month = aug,
    year = "2016",
    address = "Berlin, Germany",
    publisher = "Association for Computational Linguistics",
    url = "https://aclanthology.org/P16-1162/",
    doi = "10.18653/v1/P16-1162",
    pages = "1715--1725"
}

@inproceedings{ctcloss,
author = {Graves, Alex and Fern\'{a}ndez, Santiago and Gomez, Faustino and Schmidhuber, J\"{u}rgen},
title = {Connectionist temporal classification: labelling unsegmented sequence data with recurrent neural networks},
year = {2006},
isbn = {1595933832},
publisher = {Association for Computing Machinery},
address = {New York, NY, USA},
url = {https://doi.org/10.1145/1143844.1143891},
doi = {10.1145/1143844.1143891},

booktitle = {Proceedings of the 23rd International Conference on Machine Learning},
pages = {369–376},
numpages = {8},
location = {Pittsburgh, Pennsylvania, USA},
series = {ICML '06}
}
@misc{zhang2022wenet20,
      title={WeNet 2.0: More Productive End-to-End Speech Recognition Toolkit}, 
      author={Binbin Zhang and Di Wu and Zhendong Peng and Xingchen Song and Zhuoyuan Yao and Hang Lv and Lei Xie and Chao Yang and Fuping Pan and Jianwei Niu},
      year={2022},
      eprint={2203.15455},
      archivePrefix={arXiv},
      primaryClass={cs.SD},
      url={https://arxiv.org/abs/2203.15455}, 
}

@inproceedings{bartelds-etal-2023-making,
    title = "Making More of Little Data: Improving Low-Resource Automatic Speech Recognition Using Data Augmentation",
    author = "Bartelds, Martijn  and
      San, Nay  and
      McDonnell, Bradley  and
      Jurafsky, Dan  and
      Wieling, Martijn",
    editor = "Rogers, Anna  and
      Boyd-Graber, Jordan  and
      Okazaki, Naoaki",
    booktitle = "Proceedings of the 61st Annual Meeting of the Association for Computational Linguistics (Volume 1: Long Papers)",
    month = jul,
    year = "2023",
    address = "Toronto, Canada",
    publisher = "Association for Computational Linguistics",
    url = "https://aclanthology.org/2023.acl-long.42/",
    doi = "10.18653/v1/2023.acl-long.42",
    pages = "715--729",
}


@misc{yeroyan2024enablingasrlowresourcelanguages,
author = {Yeroyan, Ara and Karpov, Nikolay},
year = {2024},
month = {06},
pages = {},
title = {Enabling ASR for Low-Resource Languages: A Comprehensive Dataset Creation Approach},
doi = {10.48550/arXiv.2406.01446}
}

@Article{app13010326,
AUTHOR = {Du, Wenqiang and Maimaitiyiming, Yikeremu and Nijat, Mewlude and Li, Lantian and Hamdulla, Askar and Wang, Dong},
TITLE = {Automatic Speech Recognition for Uyghur, Kazakh, and Kyrgyz: An Overview},
JOURNAL = {Applied Sciences},
VOLUME = {13},
YEAR = {2023},
NUMBER = {1},
ARTICLE-NUMBER = {326},
URL = {https://www.mdpi.com/2076-3417/13/1/326},
ISSN = {2076-3417},

DOI = {10.3390/app13010326}
}
@book{griefenow2001grammatical,
  title={A Grammatical Sketch of Written Oromo},
  author={Griefenow-Mewis, C.},
  isbn={9783896450395},
  lccn={2002390286},
  series={Grammatical analyses of african languages},
  url={https://books.google.com.hk/books?id=YuliAAAAMAAJ},
  year={2001},
  publisher={R. K{\"o}ppe}
}

@article{Kheddar_2024,
   title={Automatic speech recognition using advanced deep learning approaches: A survey},
   volume={109},
   ISSN={1566-2535},
   url={http://dx.doi.org/10.1016/j.inffus.2024.102422},
   DOI={10.1016/j.inffus.2024.102422},
   journal={Information Fusion},
   publisher={Elsevier BV},
   author={Kheddar, Hamza and Hemis, Mustapha and Himeur, Yassine},
   year={2024},
   month=sep, pages={102422} 
}

@inproceedings{shamsian2024keyword,
  author    = {Shamsian, A. and Navon, A. and Glazer, N. and Hetz, G. and Keshet, J.},
  title     = {Keyword-Guided Adaptation of Automatic Speech Recognition},
  booktitle = {Proceedings of Interspeech 2024},
  pages     = {732--736},
  year      = {2024},
  doi       = {10.21437/Interspeech.2024-391}
}


@article{malik2021automatic,
  title={Automatic speech recognition: a survey},
  author={Malik, Mishaim and Malik, Muhammad Kamran and Mehmood, Khawar and Makhdoom, Imran},
  journal={Multimedia Tools and Applications},
  volume={80},
  pages={9411--9457},
  year={2021},
  publisher={Springer}
}
@article{teshite2023afan,
  title={Afan Oromo Speech-Based Computer Command and Control: An Evaluation with Selected Commands},
  author={Teshite Kebede and Mamo Getachew and Calpotura Kris},
  journal={Jimma Institute of Technology Electrical and Computer Engineering},
  volume={2023},
  year={2023},
  publisher={Jimma University}
}

@inproceedings{vaswani2023attentionneed,
 author = {Vaswani, Ashish and Shazeer, Noam and Parmar, Niki and Uszkoreit, Jakob and Jones, Llion and Gomez, Aidan N and Kaiser, \L ukasz and Polosukhin, Illia},
 booktitle = {Advances in Neural Information Processing Systems},
 editor = {I. Guyon and U. Von Luxburg and S. Bengio and H. Wallach and R. Fergus and S. Vishwanathan and R. Garnett},
 pages = {},
 publisher = {Curran Associates, Inc.},
 title = {Attention is All you Need},
 url = {https://proceedings.neurips.cc/paper_files/paper/2017/file/3f5ee243547dee91fbd053c1c4a845aa-Paper.pdf},
 volume = {30},
 year = {2017}
}

@misc{chala2021,
      title={Crowdsourcing Parallel Corpus for English-Oromo Neural Machine Translation using Community Engagement Platform}, 
      author={Sisay Chala and Bekele Debisa and Amante Diriba and Silas Getachew and Chala Getu and Solomon Shiferaw},
      year={2021},
      eprint={2102.07539},
      archivePrefix={arXiv},
      primaryClass={cs.AI},
      url={https://arxiv.org/abs/2102.07539}, 
}

@article{ramachandran2017swish,
  title={Swish: a Self-Gated Activation Function},
  author={Prajit Ramachandran and Barret Zoph and Quoc V. Le},
  journal={arXiv: Neural and Evolutionary Computing},
  year={2017},
  url={https://api.semanticscholar.org/CorpusID:196158220}
}

@book{stroomer1987comparative,
  title={A Comparative Study of Three Southern Oromo Dialects in Kenya: Phonology, Morphology and Vocabulary},
  author={Stroomer, H.},
  isbn={9783871188466},
  lccn={88154806},
  series={Cushitic language studies},
  url={https://books.google.co.id/books?id=shoOAAAAYAAJ},
  year={1987},
  publisher={Buske}
}

@article{tegegne2016development,
  title={The development of written Afan Oromo and the appropriateness of Qubee, Latin Script, for Afan Oromo writing},
  author={Tegegne, Wondimu},
  journal={Historical Research Letter},
  volume={28},
  year={2016}
}

@misc{seth2023,
      title={Stable Distillation: Regularizing Continued Pre-training for Low-Resource Automatic Speech Recognition}, 
      author={Ashish Seth and Sreyan Ghosh and S. Umesh and Dinesh Manocha},
      year={2023},
      eprint={2312.12783},
      archivePrefix={arXiv},
      primaryClass={eess.AS},
      url={https://arxiv.org/abs/2312.12783}, 
}
@misc{yang2023knowledge,
      title={Knowledge Distillation from Multiple Foundation Models for End-to-End Speech Recognition}, 
      author={Xiaoyu Yang and Qiujia Li and Chao Zhang and Philip C. Woodland},
      year={2023},
      eprint={2303.10917},
      archivePrefix={arXiv},
      primaryClass={eess.AS},
      url={https://arxiv.org/abs/2303.10917}, 
}
@article{Demie1996HistoricalCI,
  title={Historical Challenges in the Development of the Oromo Language and Some Agenda for Future Research},
  author={Feyisa Demie},
  journal={The journal of Oromo studies},
  year={1996},
  volume={3},
  url={https://api.semanticscholar.org/CorpusID:155784010}
}
@article{Gamta1993QubeAO,
  title={Qube Afaan Oromo: Reasons for Choosing the Latin script for Developing an Oromo Alphabet},
  author={Tilahun Gamta},
  journal={The journal of Oromo studies},
  year={1993},
  volume={1},
  url={https://api.semanticscholar.org/CorpusID:60149752}
}
@article{Hassen1994SomeAO,
  title={Some Aspects of Oromo History That Have Been Misunderstood},
  author={Mohammed Hassen},
  journal={The journal of Oromo studies},
  year={1994},
  volume={1},
  url={https://api.semanticscholar.org/CorpusID:155351114}
}
@article{Tolessa2013EarlyHO,
  title={Early History of Written Oromo Language up to 1900},
  author={Tesfaye Tolessa},
  journal={Science, Technology and Arts Research Journal},
  year={2013},
  volume={1},
  pages={76-80},
  url={https://api.semanticscholar.org/CorpusID:76657798}
}

@article{OromoOrtho,
 ISSN = {0041977X, 14740699},
 URL = {http://www.jstor.org/stable/616613},
 author = {R. J. Hayward and Mohammed Hassan},
 journal = {Bulletin of the School of Oriental and African Studies, University of London},
 number = {3},
 pages = {550--566},
 publisher = {Cambridge University Press},
 title = {The Oromo Orthography of Shaykh Bakri Sapalo},
 urldate = {2024-09-10},
 volume = {44},
 year = {1981}
}

@article{baevski2019effectiveness,
  title={Effectiveness of self-supervised pre-training for speech recognition},
  author={Baevski, Alexei and Auli, Michael and Mohamed, Abdelrahman},
  journal={arXiv preprint arXiv:1911.03912},
  year={2019}
}
@inproceedings{chen2014joint,
  title={Joint acoustic modeling of triphones and trigraphemes by multi-task learning deep neural networks for low-resource speech recognition},
  author={Chen, Dongpeng and Mak, Brian and Leung, Cheung-Chi and Sivadas, Sunil},
  booktitle={2014 IEEE International Conference on Acoustics, Speech and Signal Processing (ICASSP)},
  pages={5592--5596},
  year={2014},
  organization={IEEE}
}
@misc{radford2022whisper,
      title={Robust Speech Recognition via Large-Scale Weak Supervision}, 
      author={Alec Radford and Jong Wook Kim and Tao Xu and Greg Brockman and Christine McLeavey and Ilya Sutskever},
      year={2022},
      eprint={2212.04356},
      archivePrefix={arXiv},
      primaryClass={eess.AS},
      url={https://arxiv.org/abs/2212.04356}, 
}
@misc{2024kinspeak,
      title={KinSPEAK: Improving speech recognition for Kinyarwanda via semi-supervised learning methods}, 
      author={Antoine Nzeyimana},
      year={2024},
      eprint={2308.11863},
      archivePrefix={arXiv},
      primaryClass={eess.AS},
      url={https://arxiv.org/abs/2308.11863}, 
}
@inproceedings{wang23_interspeech,
  title     = {Multi-pass Training and Cross-information Fusion for Low-resource End-to-end Accented Speech Recognition},
  author    = {Xuefei Wang and Yanhua Long and Yijie Li and Haoran Wei},
  year      = {2023},
  booktitle = {Interspeech 2023},
  pages     = {2923--2927},
  doi       = {10.21437/Interspeech.2023-142},
  issn      = {2958-1796},
}
@inproceedings{damania22_interspeech,
  title     = {Combining Simple but Novel Data Augmentation Methods for Improving Conformer ASR},
  author    = {Ronit Damania and Christopher Homan and Emily Prud'hommeaux},
  year      = {2022},
  booktitle = {Interspeech 2022},
  pages     = {4890--4894},
  doi       = {10.21437/Interspeech.2022-10835},
  issn      = {2958-1796},
}
@article{bakri_orthography,
 ISSN = {0041977X, 14740699},
 URL = {http://www.jstor.org/stable/616613},
 author = {R. J. Hayward and Mohammed Hassan},
 journal = {Bulletin of the School of Oriental and African Studies, University of London},
 number = {3},
 pages = {550--566},
 publisher = {Cambridge University Press},
 title = {The Oromo Orthography of Shaykh Bakri Sapalo},
 urldate = {2025-01-27},
 volume = {44},
 year = {1981}
}