%Ref1
@article{Chen2020UnblindYA,
  title={Unblind Your Apps: Predicting Natural-Language Labels for Mobile GUI Components by Deep Learning},
  author={Jieshan Chen and Chunyang Chen and Zhenchang Xing and Xiwei Xu and Liming Zhu and Guoqiang Li and Jinshui Wang},
  journal={2020 IEEE/ACM 42nd International Conference on Software Engineering (ICSE)},
  year={2020},
  pages={322-334}
}

%Ref2
@inproceedings{Park2011EffectOT,
  title={Effect of Target Size and Duration of Visual Feedback on Touch Screen},
  author={Jeeyea Park and Kwang-hee Han},
  booktitle={HCI},
  year={2011}
}

%Ref3
@article{Rao2014MATLABBasedGD,
  title={MATLAB-Based GUI Development for Stochastic Noise Analysis of Tri-Axial Gyroscopes},
  author={A. D. Rao and Piyush Kumar and N. Nain and V. K. Agrawal},
  journal={2014 Fifth International Symposium on Electronic System Design},
  year={2014},
  pages={109-114}
}

%Ref4
@article{Sezgin2020ASR,
  title={A scoping review of patient-facing, behavioral health interventions with voice assistant technology targeting self-management and healthy lifestyle behaviors.},
  author={Emre Sezgin and L. Militello and Yungui Huang and Simon M. Lin},
  journal={Translational behavioral medicine},
  year={2020},
  volume={10 3},
  pages={606-628}
}

%Ref5
@article{Li2020AutoCO,
  title={Auto Completion of User Interface Layout Design Using Transformer-Based Tree Decoders},
  author={Yang Li and J. Amelot and X. Zhou and S. Bengio and Si Si},
  journal={ArXiv},
  year={2020},
  volume={abs/2001.05308}
}

%Ref6
@article{Vaswani2017AttentionIA,
  title={Attention is All you Need},
  author={Ashish Vaswani and Noam M. Shazeer and Niki Parmar and Jakob Uszkoreit and Llion Jones and Aidan N. Gomez and Lukasz Kaiser and Illia Polosukhin},
  journal={ArXiv},
  year={2017},
  volume={abs/1706.03762}
}

%Ref7
@article{MayordomoMartnez2019SustainableAA,
  title={Sustainable Accessibility: A Mobile App for Helping People with Disabilities to Search Accessible Shops},
  author={Diego Mayordomo-Mart{\'i}nez and J. M. Carrillo-de-Gea and G. Garc{\'i}a-Mateos and Jos{\'e} A. Garc{\'i}a-Bern{\'a} and J. Fern{\'a}ndez-Alem{\'a}n and Sa{\'u}l Rosero-L{\'o}pez and Salvador Parada-Sarabia and M. Garc{\'i}a-Hern{\'a}ndez},
  journal={International Journal of Environmental Research and Public Health},
  year={2019},
  volume={16}
}

%Ref8
@Misc{MobileAccessibilityChecker,
	howpublished = {[EB/OL]},
	note = {\url{https://www.ibm.com/blogs/age-and-ability/2016/10/12/ibm-strengthens-mobile-app-accessibility-and-usability/}},
	title = {IBM Strengthens Mobile App Accessibility and Usability},
	author = {Shunguo Yan},
	year = {2016}
}

%Ref9
@article{Hao2014PUMAPU,
  title={PUMA: programmable UI-automation for large-scale dynamic analysis of mobile apps},
  author={Shuai Hao and B. Liu and Suman Nath and William G. J. Halfond and R. Govindan},
  journal={Proceedings of the 12th annual international conference on Mobile systems, applications, and services},
  year={2014},
  pages={204-217}
}

%Ref10
@article{Eler2018AutomatedAT,
  title={Automated Accessibility Testing of Mobile Apps},
  author={M. Eler and J. Rojas and Yan Ge and G. Fraser},
  journal={2018 IEEE 11th International Conference on Software Testing, Verification and Validation (ICST)},
  year={2018},
  pages={116-126}
}

%Ref11
@article{Long2020ADA,
  title={A data-driven approach for recommending UI element layout},
  author={Yonghao Long and Xiangping Chen and Yuting Xie},
  journal={Science China Information Sciences},
  year={2020},
  volume={63}
}

%Ref12
@article{Xiao2019IconIntentAI,
  title={IconIntent: Automatic Identification of Sensitive UI Widgets Based on Icon Classification for Android Apps},
  author={Xusheng Xiao and Xiaoyin Wang and Zhihao Cao and Hanlin Wang and Peng Gao},
  journal={2019 IEEE/ACM 41st International Conference on Software Engineering (ICSE)},
  year={2019},
  pages={257-268}
}

%Ref13
@article{Tomlinson2016TalkinAT,
  title={Talkin' about the weather: incorporating TalkBack functionality and sonifications for accessible app design},
  author={Brianna J. Tomlinson and Jonathan H. Schuett and Woodbury Shortridge and Jehoshaph Chandran and B. Walker},
  journal={Proceedings of the 18th International Conference on Human-Computer Interaction with Mobile Devices and Services},
  year={2016}
}

%Ref14
@Misc{GooglePlay,
	note = {\url{https://play.google.com}},
	title = {Google Play Store},
	year = {2020}
}

%Ref15
@Misc{AppleStore,
	note = {\url{https://www.apple.com/au/ios/app-store/}},
	title = {Apple Store},
	year = {2020}
}

%Ref16
@Misc{AppZoo,
	note={\url{https://www.crunchbase.com/organization/appzoo}},
	title={AppZoo},
	year={2020}
}

%Ref17
@Misc{WorldHealthO,
	note={\url{https://www.who.int/news-room/fact-sheets/detail/blindness-and-visual-impairment}},
	title={Blindness and vision impairment},
	year={2021}
}

%Ref17
@Misc{TencentMusic,
	note={\url{https://play.google.com/store/apps/details?id=com.tencent.qqmusic}},
	title={Tencent Music},
	year={2022}
}

%Ref18
@Misc{AccessibilityScanner,
	note={https://play.google.com/store/apps},
	title={Accessibility Scanner},
	year={2016}
}

%Ref19
@Misc{LowVision,
	note = {\url{https://www.w3.org/TR/low-vision-needs/}},
	title = {Accessibility Requirements for People with Low Vision},
	year = {2016}
}

@Misc{MAC,
	note = {\url{https://www.ibm.com/able/toolkit/tools/}},
	title = {IBM Mobile Accessibility Checker},
	year = {2017}
}

%Ref20
@Misc{GUI,
	note = {\url{https://wikipedia.org/wiki/GUI}},
	title = {Graph User Interface},
	year = {2016}
}

%Ref21
@article{Lee2020NeuralDN,
  title={Neural Design Network: Graphic Layout Generation with Constraints},
  author={Hsin-Ying Lee and Weilong Yang and Lu Jiang and Madison Le and Irfan Essa and Haifeng Gong and Ming-Hsuan Yang},
  booktitle={ECCV},
  year={2020}
}

%Ref22
@Misc{UIautomator,
	note = {\url{https://developer.android.google.cn/training/ui-automator}},
	title = {UIAutomator},
	year = {2020}
}

%Ref23
@article{Moran2020MachineLP,
  title={Machine Learning-Based Prototyping of Graphical User Interfaces for Mobile Apps},
  author={Kevin Moran and Carlos Bernal-C{\'a}rdenas and Michael Curcio and R. Bonett and D. Poshyvanyk},
  journal={IEEE Transactions on Software Engineering},
  year={2020},
  volume={46},
  pages={196-221}
}

%Ref24
@misc{UseApp,
	note = {\url{https://wj.capa.ac/fillin?id=1gd7ql0}},
	title = {How to use App for low-vision users},
	year = {2021}
}

%Ref25
@misc{AirTestIDE,
	note = {\url{https://airtest.netease.com/}},
	title = {Airtest IDE},
	year = {2019}
}

%Ref26
@article{Schlichtkrull2018ModelingRD,
  title={Modeling Relational Data with Graph Convolutional Networks},
  author={M. Schlichtkrull and Thomas Kipf and Peter Bloem and Rianne van den Berg and Ivan Titov and M. Welling},
  journal={ArXiv},
  year={2018},
  volume={abs/1703.06103}
}

%Ref27
@article{Gangemi2017ModelingRD,
  title={Modeling Relational Data with Graph Convolutional Networks},
  author={Aldo Gangemi and R. Navigli and M. Vidal and P. Hitzler and Raphael Troncy and L. Hollink and A. Tordai},
  year={2017}
}

%Ref28
@article{AbuElHaija2019NGCNMG,
  title={N-GCN: Multi-scale Graph Convolution for Semi-supervised Node Classification},
  author={Sami Abu-El-Haija and Amol Kapoor and Bryan Perozzi and Joonseok Lee},
  booktitle={UAI},
  year={2019}
}

%Ref29
@article{Lei2019GCNGANAN,
  title={GCN-GAN: A Non-linear Temporal Link Prediction Model for Weighted Dynamic Networks},
  author={Kai Lei and Meng Qin and B. Bai and Gong Zhang and Min Yang},
  journal={IEEE INFOCOM 2019 - IEEE Conference on Computer Communications},
  year={2019},
  pages={388-396}
}

%Ref30
@misc{AppCrawler,
	note = {\url{https://developer.android.com/training/testing/crawler}},
	title = {AppCrawler},
	year = {2016}
}

%Ref31
@article{Vaibhav2018NonlinearFT,
  title={Nonlinear Fourier transform of time-limited and one-sided signals},
  author={V. Vaibhav},
  journal={Journal of Physics A},
  year={2018},
  volume={51},
  pages={425201}
}

%Ref32
@article{Kipf2017SemiSupervisedCW,
  title={Semi-Supervised Classification with Graph Convolutional Networks},
  author={Thomas Kipf and M. Welling},
  journal={ArXiv},
  year={2017},
  volume={abs/1609.02907}
}

%Ref33
@article{Wang2020ResGCNAMT,
  title={ResGCN:A method to train deep graph convolutional network},
  author={Mingkai Wang and Yiwei Ma and Ming Li},
	journal = {IEEE AAAI 2020 IEEE Conference on Artificial Intelligence},
  year={2020}
}

%Ref34
@article{Alshayban2020AccessibilityII,
  title={Accessibility Issues in Android Apps: State of Affairs, Sentiments, and Ways Forward},
  author={Abdulaziz Alshayban and Iftekhar Ahmed and S. Malek},
  journal={2020 IEEE/ACM 42nd International Conference on Software Engineering (ICSE)},
  year={2020},
  pages={1323-1334}
}
%Ref36
@misc{GUIDesign,
	note = {\url{https://xd.adobe.com/ideas/process/ui-design/4-golden-rules-ui-design/}},
	title = {The 4 Golden Rules of UI Design},
	year = {2020}
}

%Ref37
@misc{DataCode,
	note = {\url{https://doi.org/10.5281/zenodo.10858910}},
	title = {The supporting data and code},
	year = {2024}

}

%Ref38 
@misc{AccessibilitySurvey,
	note = {\url{https://wj.capa.ac/fillin?id=1gd7ql0}},
	title = {Mobile Accessibility Survey},
	year = {2021}
}

%Ref39
@misc{AccessibilityInterview,
	note = {\url{https://doi.org/10.5281/zenodo.7042780}},
	title = {Mobile Accessibility Interview},
	year = {2022}
}
%Ref40
@article{Chen2021AccessibleON,
  title={Accessible or Not An Empirical Investigation of Android App Accessibility},
  author={Sen Chen and Chunyang Chen and Lingling Fan and Mingming Fan and Xian Zhan and Yang Liu},
  journal={IEEE Transactions on Software Engineering},
  year={2022},
  pages={3954-3968}
}
%Ref41
@misc{Accessibilityguide,
	note = {\url{https://www.google.com/accessibility/}},
	title = {Accessibility Guidelines},
	year = {2021}
}
%Ref42
@inproceedings{Wood2016ThreeDimensionalGD,
  title={Three-Dimensional Graph Drawing},
  author={David R. Wood},
  booktitle={Encyclopedia of Algorithms},
  year={2016}
}
%Ref43
@article{Velickovic2018GraphAN,
  title={Graph Attention Networks},
  author={Petar Velickovic and Guillem Cucurull and Arantxa Casanova and Adriana Romero and Pietro Lio’ and Yoshua Bengio},
  journal={ArXiv},
  year={2018},
  volume={abs/1710.10903}
}
%Ref44
@misc{Talkback,
	note = {\url{https://support.google.com/accessibility/android/answer/6283677?hl=en}},
	title = {Google TalkBack},
	year = {2017}
}
%Ref45
@misc{VoiceOver,
	note = {\url{https://www.apple.com/voiceover/info/guide/_1121.html}},
	title = {Apple Voice Over},
	year = {2015}
}
%Ref46
@misc{AccessibilityTF,
	note = {\url{https://github.com/google/Accessibility-Test-Framework-for-Android}},
	title = {Accessibility Test Framework},
	year = {2016}
}
%Ref47
@misc{Opensource,
	note = {\url{https://github.com/qiang/AndroidOpenSourceProject}},
	title = {Open-source Apps in GitHub},
	year = {2019}
}
%Ref48
@article{Mehralian2021DatadrivenAR,
  title={Data-driven accessibility repair revisited: on the effectiveness of generating labels for icons in Android apps},
  author={Forough Mehralian and Navid Salehnamadi and Sam Malek},
  journal={Proceedings of the 29th ACM Joint Meeting on European Software Engineering Conference and Symposium on the Foundations of Software Engineering},
  year={2021}
}
%Ref49
@article{Xu2020PrevalenceAC,
  title={Prevalence and causes of vision loss in China from 1990 to 2019: findings from the Global Burden of Disease Study 2019.},
  author={Tingling Xu and Bing-song Wang and Hua Liu and Haidong Wang and Peng Yin and Wen-lan Dong and Jianhong Li and Ya Xing Wang and Mayinuer Yusufu and Paul Svitil Briant and Nickolas Reinig and Charlie Ashbaugh and Jaimie D. Adelson and Theo Vos and Rupert R A Bourne and Ningli Wang and Maigeng Zhou},
  journal={The Lancet. Public health},
  year={2020},
  volume={5 12},
  pages={
          e682-e691
        }
}
%Ref50
@article{Salehnamadi2021LatteUA,
  title={Latte: Use-Case and Assistive-Service Driven Automated Accessibility Testing Framework for Android},
  author={Navid Salehnamadi and Abdulaziz Alshayban and Jun-Wei Lin and Iftekhar Ahmed and Stacy M. Branham and Sam Malek},
  journal={Proceedings of the 2021 CHI Conference on Human Factors in Computing Systems},
  year={2021},
  pages={1-11}
}
@article{Salehnamadi2022GroundhogAA,
  title={Groundhog: An Automated Accessibility Crawler for Mobile Apps},
  author={Navid Salehnamadi and Forough Mehralian and Sam Malek},
  journal={Proceedings of the 37th IEEE/ACM International Conference on Automated Software Engineering},
  year={2022},
  pages={1-12}
}
@article{Salehnamadi2023AssistiveTechnologyAM,
  title={Assistive-Technology Aided Manual Accessibility Testing in Mobile Apps, Powered by Record-and-Replay},
  author={Navid Salehnamadi and Ziyao He and Sam Malek},
  journal={Proceedings of the 2023 CHI Conference on Human Factors in Computing Systems},
  year={2023},
  pages={1-20}
}
@article{Kreveld2020BetweenSU,
  title={Between Shapes, Using the Hausdorff Distance},
  author={Marc J. van Kreveld and Tillmann Miltzow and Tim Ophelders and Willem Sonke and Jordi L. Vermeulen},
  journal={Comput. Geom.},
  year={2020},
  volume={100},
  pages={101817}
}
@article{Karimi2019ReducingTH,
  title={Reducing the Hausdorff Distance in Medical Image Segmentation With Convolutional Neural Networks},
  author={Davood Karimi and Septimiu E. Salcudean},
  journal={IEEE Transactions on Medical Imaging},
  year={2019},
  volume={39},
  pages={499-513}
}
@article{nilsson2020understanding,
  title={Understanding ssim},
  author={Nilsson, Jim and Akenine-M{\"o}ller, Tomas},
  journal={arXiv preprint arXiv:2006.13846},
  year={2020}
}
%Ref51
@misc{AAAT,
	note = {\url{https://github.com/paypal/AATT}},
	title = {Automated Accessibility Test Tool},
	year = {2020}
}
%Ref52
@article{Zhang2017SketchguidedGT,
  title={Sketch-guided GUI test generation for mobile applications},
  author={Chucheng Zhang and Haoliang Cheng and Enyi Tang and Xin Chen and Lei Bu and Xuandong Li},
  journal={2017 32nd IEEE/ACM International Conference on Automated Software Engineering (ASE)},
  year={2017},
  pages={38-43}
}
%Ref53
@article{Borges2020SpeedingUG,
  title={Speeding up GUI Testing by On-Device Test Generation},
  author={Nataniel Pereira Borges and Jenny Rau and Andreas Zeller},
  journal={2020 35th IEEE/ACM International Conference on Automated Software Engineering (ASE)},
  year={2020},
  pages={1340-1343}
}
%Ref54
@article{Rau2018PosterEG,
  title={Poster: Efficient GUI Test Generation by Learning from Tests of Other Apps},
  author={Andreas Rau and Jenny Hotzkow and Andreas Zeller},
  journal={2018 IEEE/ACM 40th International Conference on Software Engineering: Companion (ICSE-Companion)},
  year={2018},
  pages={370-371}
}
%Ref55
@article{Pan2022GUIGuidedTS,
  title={GUI-Guided Test Script Repair for Mobile Apps},
  author={Minxue Pan and Tongtong Xu and Yu Pei and Zhong Li and Tian Zhang and Xuandong Li},
  journal={IEEE Transactions on Software Engineering},
  year={2022},
  volume={48},
  pages={910-929}
}
%Ref56
@article{Xu2021GUIDERGS,
  title={GUIDER: GUI structure and vision co-guided test script repair for Android apps},
  author={Tongtong Xu and Minxue Pan and Yu Pei and Guiyin Li and Xia Zeng and Tian Zhang and Yuetang Deng and Xuandong Li},
  journal={Proceedings of the 30th ACM SIGSOFT International Symposium on Software Testing and Analysis},
  year={2021}
}
%Ref57
@article{Yazdani2021DeepGB,
  title={Deep GUI: Black-box GUI Input Generation with Deep Learning},
  author={Faraz Yazdani and Sam Malek},
  journal={2021 36th IEEE/ACM International Conference on Automated Software Engineering (ASE)},
  year={2021},
  pages={905-916}
}
%Ref58
@misc{FDroid,
	note = {\url{https://f-droid.org/en/packages/}},
	title = {F-Droid: Free and Open Source Android App Repository},
	year = {2022}
}
%Ref59
@misc{LowVison,
	note = {\url{https://www.w3.org/WAI/GL/low-vision-a11y-tf/wiki/Overview\_of\_Low\_Vision}},
	title = {Overview of Low Vision},
	year = {2022}
}
%Ref60
@misc{BlindUser,
	note = {\url{https://www.healthline.com/health/eye-health/what-do-blind-people-see}},
	title = {What Do Blind People See?},
	year = {2022}
}
%Ref61
@article{Rodrigues2020OpenCO,
  title={Open Challenges of Blind People Using Smartphones},
  author={Andr{\'e} Rodrigues and Hugo Nicolau and Kyle Montague and Jo{\~a}o Pedro Vieira Guerreiro and Tiago Guerreiro},
  journal={International Journal of Human–Computer Interaction},
  year={2020},
  volume={36},
  pages={1605 - 1622}
}
%Ref62
@misc{GUIContainer,
	note = {\url{https://semantic-ui.com/elements/container.html}},
	title = {UI Container},
	year = {2022}
}
%Ref63
@misc{Levelorder,
	note = {\url{https://www.interviewbit.com/blog/level-order-traversal}},
	title = {Level Order Traversal Method},
	year = {2022}
}
%Ref64
@misc{GitHub,
	note = {\url{https://github.com/}},
	title = {GitHub Index Page},
	year = {2008}
}
%Ref65
@misc{GitLab,
	note = {\url{https://gitlib.com/}},
	title = {GitLib Index Page},
	year = {2012}
}
%Ref66
@article{Nayak2020SessionBasedRS,
  title={Session-Based Recommender Systems for Action Selection in GUI Test Generation},
  author={Varun Nayak and Daniel Kraus},
  journal={2020 IEEE International Conference on Software Testing, Verification and Validation Workshops (ICSTW)},
  year={2020},
  pages={372-375}
}
%Ref67
@article{Zhao2016GUITC,
  title={GUI test case generation based on Activity-Flow Graph},
  author={Lei Zhao and Dongdong Gao},
  journal={2016 7th IEEE International Conference on Software Engineering and Service Science (ICSESS)},
  year={2016},
  pages={738-741}
}
%Ref68
@misc{AccessibilityService,
	note = {\url{https://developer.android.com/reference/android/accessibilityservice/AccessibilityService}},
	title = {Android Developers Accessibility Service},
	year = {2022}
}
%Ref69
@article{Liu2020OwlES,
  title={Owl Eyes: Spotting UI Display Issues via Visual Understanding},
  author={Zhe Liu and Chunyang Chen and Junjie Wang and Yuekai Huang and Jun Hu and Qing Wang},
  journal={2020 35th IEEE/ACM International Conference on Automated Software Engineering (ASE)},
  year={2020},
  pages={398-409}
}
%Ref70
@misc{AndroidLayout,
	note = {\url{https://developer.android.com/guide/topics/ui/declaring-layout}},
	title = {Android Developers Layouts Guidelines},
	year = {2022}
}
%Ref71
@article{McHugh2012InterraterRT,
  title={Interrater reliability: the kappa statistic},
  author={M. L. McHugh},
  journal={Biochemia Medica},
  year={2012},
  volume={22},
  pages={276 - 282}
}

%%%Appendix Reference
%Ref1
@article{Trewin2010AccessibilityCA,
  title={Accessibility challenges and tool features: an IBM Web developer perspective},
  author={Shari Trewin and Brian P. Cragun and Calvin Swart and Jonathan P. Brezin and John T. Richards},
  booktitle={W4A},
  year={2010}
}
%Ref2
@article{Bigham2010AccessibilityBD,
  title={Accessibility by demonstration: enabling end users to guide developers to web accessibility solutions},
  author={Jeffrey P. Bigham and Jeremy T. Brudvik and Bernie Zhang},
  journal={Proceedings of the 12th international ACM SIGACCESS conference on Computers and accessibility},
  year={2010},
  pages={35-42}
}
%Ref3
@article{Ross2020AnEL,
  title={An Epidemiology-inspired Large-scale Analysis of Android App Accessibility},
  author={Anne Spencer Ross and Xiaoyi Zhang and James Fogarty and Jacob O. Wobbrock},
  journal={ACM Transactions on Accessible Computing (TACCESS)},
  year={2020},
  volume={13},
  pages={1 - 36}
}
%Ref4
@article{Serra2015AccessibilityEO,
  title={Accessibility Evaluation of E-Government Mobile Applications in Brazil},
  author={Leandro Coelho Serra and Lucas Pedroso Carvalho and Lucas Pereira Ferreira and Jorge Belimar Silva Vaz and Andr{\'e} Pimenta Freire},
  booktitle={DSAI},
  year={2015}
}
%Ref5
@article{Ross2018ExaminingIB,
  title={Examining Image-Based Button Labeling for Accessibility in Android Apps through Large-Scale Analysis},
  author={Anne Spencer Ross and Xiaoyi Zhang and James Fogarty and Jacob O. Wobbrock},
  journal={Proceedings of the 20th International ACM SIGACCESS Conference on Computers and Accessibility},
  year={2018}
}
%Ref6
@article{Yan2019TheCS,
  title={The Current Status of Accessibility in Mobile Apps},
  author={Shunguo Yan and P. G. Ramachandran},
  journal={ACM Transactions on Accessible Computing (TACCESS)},
  year={2019},
  volume={12},
  pages={1 - 31}
}
%Ref7
@article{Vendome2019CanEU,
  title={Can Everyone use my app? An Empirical Study on Accessibility in Android Apps},
  author={Christopher Vendome and Diana Solano and Santiago Linan and Mario Linares-V{\'a}squez},
  journal={2019 IEEE International Conference on Software Maintenance and Evolution (ICSME)},
  year={2019},
  pages={41-52}
}
%Ref8
@article{Park2014TowardAM,
  title={Toward accessible mobile application design: developing mobile application accessibility guidelines for people with visual impairment},
  author={Kyudong Park and Taedong Goh and Hyo-Jeong So},
  year={2014}
}
%Ref9
@article{JaramilloAlczar2018AnAT,
  title={An Approach to Mobile Serious Games Accessibility Assessment for People with Hearing Impairments},
  author={{\'A}ngel Jaramillo-Alc{\'a}zar and Sergio Luj{\'a}n-Mora},
  booktitle={ICITS},
  year={2018}
}
%Ref10
@article{Grellmann2018InvestigatingMA,
  title={Investigating Mobile Accessibility Guidance for People with Aphasia},
  author={Brian Grellmann and Timothy Neate and Abi Roper and Stephanie M. Wilson and Jane Marshall},
  journal={Proceedings of the 20th International ACM SIGACCESS Conference on Computers and Accessibility},
  year={2018}
}
%Ref11
@article{Silva2018ASO,
  title={A survey on the tool support for the automatic evaluation of mobile accessibility},
  author={Camila Mariane C. Silva and Marcelo Medeiros Eler and Gordon Fraser},
  journal={Proceedings of the 8th International Conference on Software Development and Technologies for Enhancing Accessibility and Fighting Info-exclusion},
  year={2018}
}
%Ref12
@article{Oliveira2016AccessibilityOT,
  title={Accessibility of the smart home for users with visual disabilities: an evaluation of open source mobile applications for home automation},
  author={Gabriela Amaral Ara{\'u}jo de Oliveira and Raphael Winckler de Bettio and Andr{\'e} Pimenta Freire},
  journal={Proceedings of the 15th Brazilian Symposium on Human Factors in Computing Systems},
  year={2016}
}
%Ref13
@article{Kane2009FreedomTR,
  title={Freedom to roam: a study of mobile device adoption and accessibility for people with visual and motor disabilities},
  author={Shaun K. Kane and Chandrika Jayant and Jacob O. Wobbrock and Richard E. Ladner},
  booktitle={Assets '09},
  year={2009}
}
%Ref14
@article{Wei2016TamingAF,
  title={Taming Android fragmentation: Characterizing and detecting compatibility issues for Android apps},
  author={Lili Wei and Yepang Liu and S. C. Cheung},
  journal={2016 31st IEEE/ACM International Conference on Automated Software Engineering (ASE)},
  year={2016},
  pages={226-237}
}
%Ref15
@article{Vsquez2017ContinuousEA,
  title={Continuous, Evolutionary and Large-Scale: A New Perspective for Automated Mobile App Testing},
  author={Mario Linares V{\'a}squez and Kevin Moran and Denys Poshyvanyk},
  journal={2017 IEEE International Conference on Software Maintenance and Evolution (ICSME)},
  year={2017},
  pages={399-410}
}
%Ref16
@article{Zhang2018RobustAO,
  title={Robust Annotation of Mobile Application Interfaces in Methods for Accessibility Repair and Enhancement},
  author={Xiaoyi Zhang and Anne Spencer Ross and James Fogarty},
  journal={Proceedings of the 31st Annual ACM Symposium on User Interface Software and Technology},
  year={2018}
}
%Ref17
@misc{GooglePlayNumber,
	note = {\url{https://www.statista.com/statistics/266210/number-of-available-applications-in-the-google-play-store/}},
	title = {Number of available applications in the Google Play Store},
	year = {2022}
}
%Ref18
@misc{AppleStoreNumber,
	note = {\url{https://www.statista.com/statistics/268251/number-of-apps-in-the-itunes-app-store-since-2008/}},
	title = {Number of available applications in the Apple Store},
	year = {2022}
}
%Ref19
@inproceedings{Kline1995ImprovingGA,
  title={Improving GUI accessibility for people with low vision},
  author={Richard L. Kline and Ephraim P. Glinert},
  booktitle={CHI '95},
  year={1995}
}
%Ref20
@article{Mack2021WhatDW,
  title={What Do We Mean by “Accessibility Research”?: A Literature Survey of Accessibility Papers in CHI and ASSETS from 1994 to 2019},
  author={Kelly M. Mack and Emma J. McDonnell and Dhruv Jain and Lucy Lu Wang and Jon E. Froehlich and Leah Findlater},
  journal={Proceedings of the 2021 CHI Conference on Human Factors in Computing Systems},
  year={2021},
  pages={1-18}
}
%Ref21
@article{Zhang2021ScreenRC,
  title={Screen Recognition: Creating Accessibility Metadata for Mobile Applications from Pixels},
  author={Xiaoyi Zhang and Lilian de Greef and Amanda Swearngin and Samuel White and Kyle I. Murray and Lisa Yu and Qi Shan and Jeffrey Nichols and Jason Wu and Chris Fleizach and Aaron Everitt and Jeffrey P. Bigham},
  journal={Proceedings of the 2021 CHI Conference on Human Factors in Computing Systems},
  year={2021}
}
%Ref22
@article{Milne2018Blocks4AllOA,
  title={Blocks4All: Overcoming Accessibility Barriers to Blocks Programming for Children with Visual Impairments},
  author={Lauren R. Milne and Richard E. Ladner},
  journal={Proceedings of the 2018 CHI Conference on Human Factors in Computing Systems},
  year={2018},
  pages={1-10}
}
%Ref23
@article{Zhang2017InteractionPF,
  title={Interaction Proxies for Runtime Repair and Enhancement of Mobile Application Accessibility},
  author={Xiaoyi Zhang and Anne Spencer Ross and Anat Caspi and James Fogarty and Jacob O. Wobbrock},
  journal={Proceedings of the 2017 CHI Conference on Human Factors in Computing Systems},
  year={2017}
}
%Ref24T
@article{Hara2013CombiningCA,
  title={Combining crowdsourcing and google street view to identify street-level accessibility problems},
  author={Kotaro Hara and Vicki Le and Jon E. Froehlich},
  journal={Proceedings of the SIGCHI Conference on Human Factors in Computing Systems},
  year={2013},
  pages={631-640}
}
%Ref25
@article{Alotaibi2021AutomatedRO,
  title={Automated Repair of Size-Based Inaccessibility Issues in Mobile Applications},
  author={Ali S. Alotaibi and Paul T. Chiou and William G. J. Halfond},
  journal={2021 36th IEEE/ACM International Conference on Automated Software Engineering (ASE)},
  year={2021},
  pages={730-742}
}
%Ref26
@misc{AssistiveT,
	note = {\url{https://www.who.int/news-room/fact-sheets/detail/assistive-technology}},
	title = {Assistive technology},
	year = {2022}
}
%Ref27
@inproceedings{Mehralian2022TooMA,
  title={Too Much Accessibility is Harmful! Automated Detection and Analysis of Overly Accessible Elements in Mobile Apps},
  author={Forough Mehralian},
  year={2022}
}
%Ref28
@inproceedings{Yan2018SpatialTG,
  title={Spatial Temporal Graph Convolutional Networks for Skeleton-Based Action Recognition},
  author={Sijie Yan and Yuanjun Xiong and Dahua Lin},
  booktitle={AAAI Conference on Artificial Intelligence},
  year={2018}
}
%Ref29
@article{Zhang2019SpatioTemporalFB,
  title={Spatio-Temporal Fusion Based Convolutional Sequence Learning for Lip Reading},
  author={Xingxuan Zhang and Feng Cheng and Shilin Wang},
  journal={2019 IEEE/CVF International Conference on Computer Vision (ICCV)},
  year={2019},
  pages={713-722}
}
%Ref30
@article{10338828,
  author={Zhang, Mengxi and Liu, Huaxiao and Chen, Chunyang and Gao, Guangyong and Li, Han and Zhao, Jian},
  journal={IEEE Transactions on Software Engineering}, 
  title={AccessFixer: Enhancing GUI Accessibility for Low Vision Users With R-GCN Model}, 
  year={2024},
  volume={50},
  number={2},
  pages={173-189},
  doi={10.1109/TSE.2023.3337421}
}
%Ref31
@article{Zhang2023EnhancingAO,
  title={Enhancing accessibility of web-based SVG buttons: An optimization method and best practices},
  author={Mengxi Zhang and Yan Zhang and Guangyong Gao and Huaxiao Liu},
  journal={Expert Syst. Appl.},
  year={2023},
  volume={238},
  pages={121883}
}
%Ref32
@article{Alotaibi2022AutomatedDO,
  title={Automated Detection of TalkBack Interactive Accessibility Failures in Android Applications},
  author={Ali S. Alotaibi and Paul T. Chiou and William G. J. Halfond},
  journal={2022 IEEE Conference on Software Testing, Verification and Validation (ICST)},
  year={2022},
  pages={232-243}
}
%Ref33
@article{Chiou2023DetectingDK,
  title={Detecting Dialog-Related Keyboard Navigation Failures in Web Applications},
  author={Paul T. Chiou and Ali S. Alotaibi and William G. J. Halfond},
  journal={2023 IEEE/ACM 45th International Conference on Software Engineering (ICSE)},
  year={2023},
  pages={1368-1380}
}
%Ref34
@article{Chiou2023BAGELAA,
  title={BAGEL: An Approach to Automatically Detect Navigation-Based Web Accessibility Barriers for Keyboard Users},
  author={Paul T. Chiou and Ali S. Alotaibi and William G. J. Halfond},
  journal={Proceedings of the 2023 CHI Conference on Human Factors in Computing Systems},
  year={2023},
  pages={1-17}
}
@article{Alotaibi2023ScaleFixAA,
  title={ScaleFix: An Automated Repair of UI Scaling Accessibility Issues in Android Applications},
  author={Ali S. Alotaibi and Paul T. Chiou and Fazle Mohammad Tawsif and William G. J. Halfond},
  journal={2023 IEEE International Conference on Software Maintenance and Evolution (ICSME)},
  year={2023},
  pages={147-159}
}
%Ref35
@inproceedings{Heaton1993WisconsinCS,
  title={Wisconsin Card Sorting Test manual},
  author={Robert K Heaton},
  year={1993}
}
%Ref36
@article{Ashcraft1997FundamentalsOC,
  title={Fundamentals of Cognition},
  author={Mark H. Ashcraft},
  journal={Routledge},
  year={1997},
  pages={1-632}
}
%Ref37
@article{Xie2022PsychologicallyinspiredUI,
  title={Psychologically-inspired, unsupervised inference of perceptual groups of GUI widgets from GUI images},
  author={Mulong Xie and Zhenchang Xing and Sidong Feng and Chunyang Chen and Liming Zhu and Xiwei Xu},
  journal={Proceedings of the 30th ACM Joint European Software Engineering Conference and Symposium on the Foundations of Software Engineering},
  year={2022},
  pages={332-343}
}
%Ref38
@article{Zhang2023AutomatedAC,
  title={Automated and Context-Aware Repair of Color-Related Accessibility Issues for Android Apps},
  author={Yu-xin Zhang and Sen Chen and Lingling Fan and Chunyang Chen and Xiaohong Li},
  journal={Proceedings of the 31st ACM Joint European Software Engineering Conference and Symposium on the Foundations of Software Engineering},
  year={2023},
  pages={1225-1267}
}
%Ref39
@article{Sun2023PropertyBasedFF,
  title={Property-Based Fuzzing for Finding Data Manipulation Errors in Android Apps},
  author={Jingling Sun and Ting Su and Jiayi Jiang and Jue Wang and Geguang Pu and Zhendong Su},
  journal={Proceedings of the 31st ACM Joint European Software Engineering Conference and Symposium on the Foundations of Software Engineering},
  year={2023},
  pages={1088-1100}
}
%Ref40
@article{Canny1986ACA,
  title={A Computational Approach to Edge Detection},
  author={John F. Canny},
  journal={IEEE Transactions on Pattern Analysis and Machine Intelligence},
  year={1986},
  volume={PAMI-8},
  pages={679-698}
}
%Ref41
@article{Flusser2016RecognitionOI,
  title={Recognition of Images Degraded by Gaussian Blur},
  author={Jan Flusser and Sajad Farokhi and IV CyrilH{\"o}schl and Tom{\'a} Suk and Barbara Zitov{\'a} and Matteo Pedone},
  journal={IEEE Transactions on Image Processing},
  year={2016},
  volume={25},
  pages={790-806}
}
%Ref42
@article{Han2020ResearchOE,
  title={Research on edge detection algorithm based on improved sobel operator},
  author={Li-Wei Han and Yi-Cheng Tian and Qianhui Qi},
  journal={MATEC Web of Conferences},
  year={2020},
  volume={309},
  pages={03031}
}
%Ref43
@inproceedings{Wu2021FedCGLC,
  title={FedCG: Leverage Conditional GAN for Protecting Privacy and Maintaining Competitive Performance in Federated Learning},
  author={Yuezhou Wu and Yan Kang and Jiahuan Luo and Yuanqin He and Qiang Yang},
  booktitle={International Joint Conference on Artificial Intelligence},
  year={2021},
  pages={1-8}
}
%Ref44
@article{Hosang2017LearningNS,
  title={Learning Non-maximum Suppression},
  author={Jan Hendrik Hosang and Rodrigo Benenson and Bernt Schiele},
  journal={2017 IEEE Conference on Computer Vision and Pattern Recognition (CVPR)},
  year={2017},
  pages={6469-6477}
}
%Ref45
@article{Hasan2016DepthED,
  title={Depth edge detection by image-based smoothing and morphological operations},
  author={Syed Mohammad Abid Hasan and Kwanghee Ko},
  journal={J. Comput. Des. Eng.},
  year={2016},
  volume={3},
  pages={191-197}
}
%Ref46
@article{Yeh2017ThreeProngedCA,
  title={Three-Pronged Compensation and Hysteresis Thresholding for Moving Object Detection in Real-Time Video Surveillance},
  author={Chia-Hung Yeh and Chih-Yang Lin and Kahlil Muchtar and Hsiang-Erh Lai and Ming-Ting Sun},
  journal={IEEE Transactions on Industrial Electronics},
  year={2017},
  volume={64},
  pages={4945-4955}
}
%Ref47
@article{Sornam2016HysteresisTB,
  title={Hysteresis thresholding based edge detectors for inscriptional image enhancement},
  author={M. Sornam and Muthu Subash Kavitha and Martin Nivetha},
  journal={2016 IEEE International Conference on Computational Intelligence and Computing Research (ICCIC)},
  year={2016},
  pages={1-4}
}
%Ref48
@article{Eigenmann2017StructureLO,
  title={Structure Learning of Linear Gaussian Structural Equation Models with Weak Edges},
  author={Marco Eigenmann and Preetam Nandy and Marloes H. Maathuis},
  journal={Conference on Uncertainty in Artificial Intelligence},
  year={2017},
  pages={1-18}
}
%Ref49
@article{Spearman1987ThePA,
  title={The proof and measurement of association between two things. By C. Spearman, 1904.},
  author={C. Spearman},
  journal={The American journal of psychology},
  year={1987},
  volume={100 3-4},
  pages={
          441-71
        }
}
%Ref50
@article{Rodrigues2015GettingST,
  title={Getting Smartphones to Talkback: Understanding the Smartphone Adoption Process of Blind Users},
  author={Andr{\'e} Rodrigues and Kyle Montague and Hugo Nicolau and Tiago Guerreiro},
  journal={Proceedings of the 17th International ACM SIGACCESS Conference on Computers \& Accessibility},
  year={2015},
  pages={23–32}
}
%Ref51
@article{Koutrika2015GeneratingRO,
  title={Generating reading orders over document collections},
  author={Georgia Koutrika and Lei Liu and Steven J. Simske},
  journal={2015 IEEE 31st International Conference on Data Engineering},
  year={2015},
  pages={507-518}
}
%Ref52
@article{Calder1977FocusGA,
  title={Focus groups and the nature of qualitative marketing research.},
  author={Bobby J. Calder},
  journal={Journal of Marketing Research},
  year={1977},
  volume={14},
  pages={353-364}
}
%Ref53
@article{Chen2011ClusteringOT,
  title={Clustering of trajectories based on Hausdorff distance},
  author={Jinyang Chen and Rangding Wang and Liangxu Liu and Jiatao Song},
  journal={2011 International Conference on Electronics, Communications and Control (ICECC)},
  year={2011},
  pages={1940-1944}
}
%Ref54
@article{Bajammal2021SemanticWA,
  title={Semantic Web Accessibility Testing via Hierarchical Visual Analysis},
  author={Mohammad Bajammal and Ali Mesbah},
  journal={2021 IEEE/ACM 43rd International Conference on Software Engineering (ICSE)},
  year={2021},
  pages={1610-1621}
}
%Ref55
@article{Li2022PushButtonSO,
  title={Push-Button Synthesis of Watch Companions for Android Apps},
  author={Cong Li and Yanyan Jiang and Chang Xu},
  journal={2022 IEEE/ACM 44th International Conference on Software Engineering (ICSE)},
  year={2022},
  pages={1793-1804}
}
%Ref56
@article{Alshayban2022AccessiTextAD,
  title={AccessiText: automated detection of text accessibility issues in Android apps},
  author={Abdulaziz Alshayban and Sam Malek},
  journal={Proceedings of the 30th ACM Joint European Software Engineering Conference and Symposium on the Foundations of Software Engineering},
  year={2022},
  pages={984-995}
}

@article{Deza2014EncyclopediaOD,
  title={Encyclopedia of Distances},
  author={Michel Deza and Elena Deza},
  journal={Mathematics},
  year={2016},
  pages={1-756}
}

@inproceedings{xie2020uied,
  title={UIED: a hybrid tool for GUI element detection},
  author={Xie, Mulong and Feng, Sidong and Xing, Zhenchang and Chen, Jieshan and Chen, Chunyang},
  booktitle={Proceedings of the 28th ACM Joint Meeting on European Software Engineering Conference and Symposium on the Foundations of Software Engineering},
  pages={1655--1659},
  year={2020}
}

@article{Huttenlocher1993ComparingIU,
  title={Comparing Images Using the Hausdorff Distance},
  author={Daniel P. Huttenlocher and Gregory A. Klanderman and William Rucklidge},
  journal={IEEE Trans. Pattern Anal. Mach. Intell.},
  year={1993},
  volume={15},
  pages={850-863}
}
@article{Kitzinger1995QualitativeRI,
  title={Qualitative Research: Introducing focus groups},
  author={Jenny Kitzinger},
  journal={BMJ},
  year={1995},
  volume={311},
  pages={299 - 302}
}