@article{10338828,
  author={Zhang, Mengxi and Liu, Huaxiao and Chen, Chunyang and Gao, Guangyong and Li, Han and Zhao, Jian},
  journal={IEEE Transactions on Software Engineering}, 
  title={AccessFixer: Enhancing GUI Accessibility for Low Vision Users With R-GCN Model}, 
  year={2024},
  volume={50},
  number={2},
  pages={173-189},
  doi={10.1109/TSE.2023.3337421}
}

@misc{AAAT,
	note = {\url{https://github.com/paypal/AATT}},
	title = {Automated Accessibility Test Tool},
	year = {2020}
}

@Misc{AccessibilityScanner,
	note={https://play.google.com/store/apps},
	title={Accessibility Scanner},
	year={2016}
}

@misc{AccessibilityTF,
	note = {\url{https://github.com/google/Accessibility-Test-Framework-for-Android}},
	title = {Accessibility Test Framework},
	year = {2016}
}

@article{Alotaibi2021AutomatedRO,
  title={Automated Repair of Size-Based Inaccessibility Issues in Mobile Applications},
  author={Ali S. Alotaibi and Paul T. Chiou and William G. J. Halfond},
  journal={2021 36th IEEE/ACM International Conference on Automated Software Engineering (ASE)},
  year={2021},
  pages={730-742}
}

@article{Alotaibi2022AutomatedDO,
  title={Automated Detection of TalkBack Interactive Accessibility Failures in Android Applications},
  author={Ali S. Alotaibi and Paul T. Chiou and William G. J. Halfond},
  journal={2022 IEEE Conference on Software Testing, Verification and Validation (ICST)},
  year={2022},
  pages={232-243}
}

@article{Alotaibi2023ScaleFixAA,
  title={ScaleFix: An Automated Repair of UI Scaling Accessibility Issues in Android Applications},
  author={Ali S. Alotaibi and Paul T. Chiou and Fazle Mohammad Tawsif and William G. J. Halfond},
  journal={2023 IEEE International Conference on Software Maintenance and Evolution (ICSME)},
  year={2023},
  pages={147-159}
}

@article{Alshayban2020AccessibilityII,
  title={Accessibility Issues in Android Apps: State of Affairs, Sentiments, and Ways Forward},
  author={Abdulaziz Alshayban and Iftekhar Ahmed and S. Malek},
  journal={2020 IEEE/ACM 42nd International Conference on Software Engineering (ICSE)},
  year={2020},
  pages={1323-1334}
}

@article{Alshayban2022AccessiTextAD,
  title={AccessiText: automated detection of text accessibility issues in Android apps},
  author={Abdulaziz Alshayban and Sam Malek},
  journal={Proceedings of the 30th ACM Joint European Software Engineering Conference and Symposium on the Foundations of Software Engineering},
  year={2022},
  pages={984-995}
}

@article{Bigham2010AccessibilityBD,
  title={Accessibility by demonstration: enabling end users to guide developers to web accessibility solutions},
  author={Jeffrey P. Bigham and Jeremy T. Brudvik and Bernie Zhang},
  journal={Proceedings of the 12th international ACM SIGACCESS conference on Computers and accessibility},
  year={2010},
  pages={35-42}
}

@article{Chen2021AccessibleON,
  title={Accessible or Not An Empirical Investigation of Android App Accessibility},
  author={Sen Chen and Chunyang Chen and Lingling Fan and Mingming Fan and Xian Zhan and Yang Liu},
  journal={IEEE Transactions on Software Engineering},
  year={2022},
  pages={3954-3968}
}

@article{Chiou2023BAGELAA,
  title={BAGEL: An Approach to Automatically Detect Navigation-Based Web Accessibility Barriers for Keyboard Users},
  author={Paul T. Chiou and Ali S. Alotaibi and William G. J. Halfond},
  journal={Proceedings of the 2023 CHI Conference on Human Factors in Computing Systems},
  year={2023},
  pages={1-17}
}

@article{Chiou2023DetectingDK,
  title={Detecting Dialog-Related Keyboard Navigation Failures in Web Applications},
  author={Paul T. Chiou and Ali S. Alotaibi and William G. J. Halfond},
  journal={2023 IEEE/ACM 45th International Conference on Software Engineering (ICSE)},
  year={2023},
  pages={1368-1380}
}

@article{Eler2018AutomatedAT,
  title={Automated Accessibility Testing of Mobile Apps},
  author={M. Eler and J. Rojas and Yan Ge and G. Fraser},
  journal={2018 IEEE 11th International Conference on Software Testing, Verification and Validation (ICST)},
  year={2018},
  pages={116-126}
}

@article{Hao2014PUMAPU,
  title={PUMA: programmable UI-automation for large-scale dynamic analysis of mobile apps},
  author={Shuai Hao and B. Liu and Suman Nath and William G. J. Halfond and R. Govindan},
  journal={Proceedings of the 12th annual international conference on Mobile systems, applications, and services},
  year={2014},
  pages={204-217}
}

@article{Hara2013CombiningCA,
  title={Combining crowdsourcing and google street view to identify street-level accessibility problems},
  author={Kotaro Hara and Vicki Le and Jon E. Froehlich},
  journal={Proceedings of the SIGCHI Conference on Human Factors in Computing Systems},
  year={2013},
  pages={631-640}
}

@article{Koutrika2015GeneratingRO,
  title={Generating reading orders over document collections},
  author={Georgia Koutrika and Lei Liu and Steven J. Simske},
  journal={2015 IEEE 31st International Conference on Data Engineering},
  year={2015},
  pages={507-518}
}

@article{Liu2020OwlES,
  title={Owl Eyes: Spotting UI Display Issues via Visual Understanding},
  author={Zhe Liu and Chunyang Chen and Junjie Wang and Yuekai Huang and Jun Hu and Qing Wang},
  journal={2020 35th IEEE/ACM International Conference on Automated Software Engineering (ASE)},
  year={2020},
  pages={398-409}
}

@Misc{MAC,
	note = {\url{https://www.ibm.com/able/toolkit/tools/}},
	title = {IBM Mobile Accessibility Checker},
	year = {2017}
}

@article{Milne2018Blocks4AllOA,
  title={Blocks4All: Overcoming Accessibility Barriers to Blocks Programming for Children with Visual Impairments},
  author={Lauren R. Milne and Richard E. Ladner},
  journal={Proceedings of the 2018 CHI Conference on Human Factors in Computing Systems},
  year={2018},
  pages={1-10}
}

@Misc{MobileAccessibilityChecker,
	howpublished = {[EB/OL]},
	note = {\url{https://www.ibm.com/blogs/age-and-ability/2016/10/12/ibm-strengthens-mobile-app-accessibility-and-usability/}},
	title = {IBM Strengthens Mobile App Accessibility and Usability},
	author = {Shunguo Yan},
	year = {2016}
}

@article{Salehnamadi2021LatteUA,
  title={Latte: Use-Case and Assistive-Service Driven Automated Accessibility Testing Framework for Android},
  author={Navid Salehnamadi and Abdulaziz Alshayban and Jun-Wei Lin and Iftekhar Ahmed and Stacy M. Branham and Sam Malek},
  journal={Proceedings of the 2021 CHI Conference on Human Factors in Computing Systems},
  year={2021},
  pages={1-11}
}

@article{Salehnamadi2022GroundhogAA,
  title={Groundhog: An Automated Accessibility Crawler for Mobile Apps},
  author={Navid Salehnamadi and Forough Mehralian and Sam Malek},
  journal={Proceedings of the 37th IEEE/ACM International Conference on Automated Software Engineering},
  year={2022},
  pages={1-12}
}

@article{Salehnamadi2023AssistiveTechnologyAM,
  title={Assistive-Technology Aided Manual Accessibility Testing in Mobile Apps, Powered by Record-and-Replay},
  author={Navid Salehnamadi and Ziyao He and Sam Malek},
  journal={Proceedings of the 2023 CHI Conference on Human Factors in Computing Systems},
  year={2023},
  pages={1-20}
}

@article{Schlichtkrull2018ModelingRD,
  title={Modeling Relational Data with Graph Convolutional Networks},
  author={M. Schlichtkrull and Thomas Kipf and Peter Bloem and Rianne van den Berg and Ivan Titov and M. Welling},
  journal={ArXiv},
  year={2018},
  volume={abs/1703.06103}
}

@article{Vendome2019CanEU,
  title={Can Everyone use my app? An Empirical Study on Accessibility in Android Apps},
  author={Christopher Vendome and Diana Solano and Santiago Linan and Mario Linares-V{\'a}squez},
  journal={2019 IEEE International Conference on Software Maintenance and Evolution (ICSME)},
  year={2019},
  pages={41-52}
}

@article{Zhang2019SpatioTemporalFB,
  title={Spatio-Temporal Fusion Based Convolutional Sequence Learning for Lip Reading},
  author={Xingxuan Zhang and Feng Cheng and Shilin Wang},
  journal={2019 IEEE/CVF International Conference on Computer Vision (ICCV)},
  year={2019},
  pages={713-722}
}

