@article{barth2018data,
title = {Data synthesis methods for semantic segmentation in agriculture: A Capsicum annuum dataset},
journal = {Computers and Electronics in Agriculture},
volume = {144},
pages = {284-296},
year = {2018},
issn = {0168-1699},
doi = {https://doi.org/10.1016/j.compag.2017.12.001},
url = {https://www.sciencedirect.com/science/article/pii/S0168169917305689},
author = {R. Barth and J. IJsselmuiden and J. Hemming and E.J. Van Henten},
keywords = {Synthetic dataset, Semantic segmentation, 3D modelling, Agriculture, Robotics},
}

@article{barth2018improved,
  title={Improved part segmentation performance by optimising realism of synthetic images using cycle generative adversarial networks},
  author={Barth, Ruud and Hemming, Jochen and van Henten, Eldert J},
  journal={arXiv preprint arXiv:1803.06301},
  year={2018}
}

@article{giakoumoglou2023generate-paste-blend-detect,
title = {Generate-Paste-Blend-Detect: Synthetic dataset for object detection in the agriculture domain},
journal = {Smart Agricultural Technology},
volume = {5},
pages = {100258},
year = {2023},
issn = {2772-3755},
doi = {https://doi.org/10.1016/j.atech.2023.100258},
url = {https://www.sciencedirect.com/science/article/pii/S2772375523000886},
author = {Nikolaos Giakoumoglou and Eleftheria Maria Pechlivani and Dimitrios Tzovaras},
keywords = {Synthetic data, Deep learning, Diffusion models, Object detection, Precision agriculture},
}

@article{goodfellow2020generative,
author = {Goodfellow, Ian and Pouget-Abadie, Jean and Mirza, Mehdi and Xu, Bing and Warde-Farley, David and Ozair, Sherjil and Courville, Aaron and Bengio, Yoshua},
title = {Generative adversarial networks},
year = {2020},
issue_date = {November 2020},
publisher = {Association for Computing Machinery},
address = {New York, NY, USA},
volume = {63},
number = {11},
issn = {0001-0782},
url = {https://doi.org/10.1145/3422622},
doi = {10.1145/3422622},
journal = {Commun. ACM},
month = {oct},
pages = {139–144},
numpages = {6}
}

@INPROCEEDINGS{hammouch2022ganset,
  author={Hammouch, Hajar and Mohapatra, Sambit and El-Yacoubi, Mounim and Qin, Huafeng and Berbia, Hassan and Mäder, Patrick and Chikhaoui, Mohamed},
  booktitle={2022 International Conference on Cyber-Physical Social Intelligence (ICCSI)}, 
  title={GANSet - Generating annnotated datasets using Generative Adversarial Networks}, 
  year={2022},
  volume={},
  number={},
  pages={615-620},
  keywords={Training;Irrigation;Soil moisture;Neural networks;Training data;Moisture;Generative adversarial networks;Precision agriculture;Convolutional neural networks;Generative adversarial networks;Data augmentation;Regression},
  doi={10.1109/ICCSI55536.2022.9970561}
}

@Article{hartley2021domain,
AUTHOR = {Hartley, Zane K. J. and French, Andrew P.},
TITLE = {Domain Adaptation of Synthetic Images for Wheat Head Detection},
JOURNAL = {Plants},
VOLUME = {10},
YEAR = {2021},
NUMBER = {12},
ARTICLE-NUMBER = {2633},
URL = {https://www.mdpi.com/2223-7747/10/12/2633},
PubMedID = {34961104},
ISSN = {2223-7747},
DOI = {10.3390/plants10122633}
}

@article{kamilaris2017review,
  title={A review on the practice of big data analysis in agriculture},
  author={Kamilaris, Andreas and Kartakoullis, Andreas and Prenafeta-Bold{\'u}, Francesc X},
  journal={Computers and electronics in agriculture},
  volume={143},
  pages={23--37},
  year={2017},
  publisher={Elsevier}
}

@ARTICLE{karam2022gan-based,
AUTHOR={Karam, Christophe  and Awad, Mariette  and Abou Jawdah, Yusuf  and Ezzeddine, Nour  and Fardoun, Aya },
TITLE={GAN-based semi-automated augmentation online tool for agricultural pest detection: A case study on whiteflies},
JOURNAL={Frontiers in Plant Science},
VOLUME={13},
YEAR={2022},
URL={https://www.frontiersin.org/journals/plant-science/articles/10.3389/fpls.2022.813050},
DOI={10.3389/fpls.2022.813050},
ISSN={1664-462X},
}

@article{li2023label,
  title={Label-efficient learning in agriculture: A comprehensive review},
  author={Li, Jiajia and Chen, Dong and Qi, Xinda and Li, Zhaojian and Huang, Yanbo and Morris, Daniel and Tan, Xiaobo},
  journal={Computers and Electronics in Agriculture},
  volume={215},
  pages={108412},
  year={2023},
  publisher={Elsevier}
}

@article{lu2022generative,
title = {Generative adversarial networks (GANs) for image augmentation in agriculture: A systematic review},
journal = {Computers and Electronics in Agriculture},
volume = {200},
pages = {107208},
year = {2022},
issn = {0168-1699},
doi = {https://doi.org/10.1016/j.compag.2022.107208},
url = {https://www.sciencedirect.com/science/article/pii/S0168169922005233},
author = {Yuzhen Lu and Dong Chen and Ebenezer Olaniyi and Yanbo Huang},
keywords = {GAN, Image Augmentation, Agriculture, Deep Learning, Computer Vision},
}

@article{madsen2019generating,
title = {Generating artificial images of plant seedlings using generative adversarial networks},
journal = {Biosystems Engineering},
volume = {187},
pages = {147-159},
year = {2019},
issn = {1537-5110},
doi = {https://doi.org/10.1016/j.biosystemseng.2019.09.005},
url = {https://www.sciencedirect.com/science/article/pii/S1537511019308190},
author = {Simon L. Madsen and Mads Dyrmann and Rasmus N. Jørgensen and Henrik Karstoft},
keywords = {Image synthesis, Plant seedlings, GAN, Low inter-class and high intra-class variance, Plant classification},
}

@article{paulin2023review,
  title={Review and analysis of synthetic dataset generation methods and techniques for application in computer vision},
  author={Paulin, Goran and Ivasic-Kos, Marina},
  journal={Artificial Intelligence Review},
  volume={56},
  number={9},
  pages={9221--9265},
  year={2023},
  publisher={Springer}
}

@article{roscher2023data,
  title={Data-Centric Digital Agriculture: A Perspective},
  author={Roscher, Ribana and Roth, Lukas and Stachniss, Cyrill and Walter, Achim},
  journal={arXiv preprint arXiv:2312.03437},
  year={2023}
}

@InProceedings{segovia-martin2023double-weighting,
  title = 	 {Double-Weighting for Covariate Shift Adaptation},
  author =       {Segovia-Martín, José I. and Mazuelas, Santiago and Liu, Anqi},
  booktitle = 	 {Proceedings of the 40th International Conference on Machine Learning},
  pages = 	 {30439--30457},
  year = 	 {2023},
  editor = 	 {Krause, Andreas and Brunskill, Emma and Cho, Kyunghyun and Engelhardt, Barbara and Sabato, Sivan and Scarlett, Jonathan},
  volume = 	 {202},
  series = 	 {Proceedings of Machine Learning Research},
  month = 	 {23--29 Jul},
  publisher =    {PMLR},
  pdf = 	 {https://proceedings.mlr.press/v202/segovia-martin23a/segovia-martin23a.pdf},
  url = 	 {https://proceedings.mlr.press/v202/segovia-martin23a.html},
}

@inproceedings{valerio2017arigan,
  title={Arigan: Synthetic arabidopsis plants using generative adversarial network},
  author={Valerio Giuffrida, Mario and Scharr, Hanno and Tsaftaris, Sotirios A},
  booktitle={Proceedings of the IEEE international conference on computer vision workshops},
  pages={2064--2071},
  year={2017}
}

@inproceedings{zhu2017unpaired,
  title={Unpaired Image-to-Image Translation using Cycle-Consistent Adversarial Networks},
  author={Zhu, Jun-Yan and Park, Taesung and Isola, Phillip and Efros, Alexei A},
  booktitle={Computer Vision (ICCV), 2017 IEEE International Conference on},
  year={2017}
}

