@article{ciarfuglia2023weakly,
  title={Weakly and semi-supervised detection, segmentation and tracking of table grapes with limited and noisy data},
  author={Ciarfuglia, Thomas A and Motoi, Ionut M and Saraceni, Leonardo and Fawakherji, Mulham and Sanfeliu, Alberto and Nardi, Daniele},
  journal={Computers and Electronics in Agriculture},
  volume={205},
  pages={107624},
  year={2023},
  publisher={Elsevier}
}

@inproceedings{ciarfuglia2022pseudo,
  title={Pseudo-label generation for agricultural robotics applications},
  author={Ciarfuglia, Thomas A and Motoi, Ionut Marian and Saraceni, Leonardo and Nardi, Daniele},
  booktitle={Proceedings of the IEEE/CVF Conference on Computer Vision and Pattern Recognition},
  pages={1686--1694},
  year={2022}
}

@article{kirillov2023segment,
  title={Segment anything},
  author={Kirillov, Alexander and Mintun, Eric and Ravi, Nikhila and Mao, Hanzi and Rolland, Chloe and Gustafson, Laura and Xiao, Tete and Whitehead, Spencer and Berg, Alexander C and Lo, Wan-Yen and others},
  journal={arXiv preprint arXiv:2304.02643},
  year={2023}
}

@inproceedings{smith2019super,
  title={Super-convergence: Very fast training of neural networks using large learning rates},
  author={Smith, Leslie N and Topin, Nicholay},
  booktitle={Artificial intelligence and machine learning for multi-domain operations applications},
  volume={11006},
  pages={369--386},
  year={2019},
  organization={SPIE}
}

@inproceedings{lin2014microsoft,
  title={Microsoft coco: Common objects in context},
  author={Lin, Tsung-Yi and Maire, Michael and Belongie, Serge and Hays, James and Perona, Pietro and Ramanan, Deva and Doll{\'a}r, Piotr and Zitnick, C Lawrence},
  booktitle={Computer Vision--ECCV 2014: 13th European Conference, Zurich, Switzerland, September 6-12, 2014, Proceedings, Part V 13},
  pages={740--755},
  year={2014},
  organization={Springer}
}


@InProceedings{ginart2022mldemon,
  title = 	 { MLDemon:Deployment Monitoring for Machine Learning Systems },
  author =       {Ginart, Tony and Jinye Zhang, Martin and Zou, James},
  booktitle = 	 {Proceedings of The 25th International Conference on Artificial Intelligence and Statistics},
  pages = 	 {3962--3997},
  year = 	 {2022},
  editor = 	 {Camps-Valls, Gustau and Ruiz, Francisco J. R. and Valera, Isabel},
  volume = 	 {151},
  series = 	 {Proceedings of Machine Learning Research},
  month = 	 {28--30 Mar},
  publisher =    {PMLR},
  pdf = 	 {https://proceedings.mlr.press/v151/ginart22a/ginart22a.pdf},
  url = 	 {https://proceedings.mlr.press/v151/ginart22a.html},
}

@inproceedings{park2021reliable,
 author = {Park, Chunjong and Awadalla, Anas and Kohno, Tadayoshi and Patel, Shwetak},
 booktitle = {Advances in Neural Information Processing Systems},
 editor = {M. Ranzato and A. Beygelzimer and Y. Dauphin and P.S. Liang and J. Wortman Vaughan},
 pages = {3043--3056},
 publisher = {Curran Associates, Inc.},
 title = {Reliable and Trustworthy Machine Learning for Health Using Dataset Shift Detection},
 url = {https://proceedings.neurips.cc/paper_files/paper/2021/file/17e23e50bedc63b4095e3d8204ce063b-Paper.pdf},
 volume = {34},
 year = {2021}
}



@InProceedings{segovia-martin2023double-weighting,
  title = 	 {Double-Weighting for Covariate Shift Adaptation},
  author =       {Segovia-Martín, José I. and Mazuelas, Santiago and Liu, Anqi},
  booktitle = 	 {Proceedings of the 40th International Conference on Machine Learning},
  pages = 	 {30439--30457},
  year = 	 {2023},
  editor = 	 {Krause, Andreas and Brunskill, Emma and Cho, Kyunghyun and Engelhardt, Barbara and Sabato, Sivan and Scarlett, Jonathan},
  volume = 	 {202},
  series = 	 {Proceedings of Machine Learning Research},
  month = 	 {23--29 Jul},
  publisher =    {PMLR},
  pdf = 	 {https://proceedings.mlr.press/v202/segovia-martin23a/segovia-martin23a.pdf},
  url = 	 {https://proceedings.mlr.press/v202/segovia-martin23a.html},
}

@Article{hartley2021domain,
AUTHOR = {Hartley, Zane K. J. and French, Andrew P.},
TITLE = {Domain Adaptation of Synthetic Images for Wheat Head Detection},
JOURNAL = {Plants},
VOLUME = {10},
YEAR = {2021},
NUMBER = {12},
ARTICLE-NUMBER = {2633},
URL = {https://www.mdpi.com/2223-7747/10/12/2633},
PubMedID = {34961104},
ISSN = {2223-7747},
DOI = {10.3390/plants10122633}
}

@inproceedings{zhu2017unpaired,
  title={Unpaired Image-to-Image Translation using Cycle-Consistent Adversarial Networks},
  author={Zhu, Jun-Yan and Park, Taesung and Isola, Phillip and Efros, Alexei A},
  booktitle={Computer Vision (ICCV), 2017 IEEE International Conference on},
  year={2017}
}

@article{madsen2019generating,
title = {Generating artificial images of plant seedlings using generative adversarial networks},
journal = {Biosystems Engineering},
volume = {187},
pages = {147-159},
year = {2019},
issn = {1537-5110},
doi = {https://doi.org/10.1016/j.biosystemseng.2019.09.005},
url = {https://www.sciencedirect.com/science/article/pii/S1537511019308190},
author = {Simon L. Madsen and Mads Dyrmann and Rasmus N. Jørgensen and Henrik Karstoft},
keywords = {Image synthesis, Plant seedlings, GAN, Low inter-class and high intra-class variance, Plant classification},
}

@article{barth2018data,
title = {Data synthesis methods for semantic segmentation in agriculture: A Capsicum annuum dataset},
journal = {Computers and Electronics in Agriculture},
volume = {144},
pages = {284-296},
year = {2018},
issn = {0168-1699},
doi = {https://doi.org/10.1016/j.compag.2017.12.001},
url = {https://www.sciencedirect.com/science/article/pii/S0168169917305689},
author = {R. Barth and J. IJsselmuiden and J. Hemming and E.J. Van Henten},
keywords = {Synthetic dataset, Semantic segmentation, 3D modelling, Agriculture, Robotics},
}

@inproceedings{valerio2017arigan,
  title={Arigan: Synthetic arabidopsis plants using generative adversarial network},
  author={Valerio Giuffrida, Mario and Scharr, Hanno and Tsaftaris, Sotirios A},
  booktitle={Proceedings of the IEEE international conference on computer vision workshops},
  pages={2064--2071},
  year={2017}
}

@INPROCEEDINGS{hammouch2022ganset,
  author={Hammouch, Hajar and Mohapatra, Sambit and El-Yacoubi, Mounim and Qin, Huafeng and Berbia, Hassan and Mäder, Patrick and Chikhaoui, Mohamed},
  booktitle={2022 International Conference on Cyber-Physical Social Intelligence (ICCSI)}, 
  title={GANSet - Generating annnotated datasets using Generative Adversarial Networks}, 
  year={2022},
  volume={},
  number={},
  pages={615-620},
  keywords={Training;Irrigation;Soil moisture;Neural networks;Training data;Moisture;Generative adversarial networks;Precision agriculture;Convolutional neural networks;Generative adversarial networks;Data augmentation;Regression},
  doi={10.1109/ICCSI55536.2022.9970561}
}

@ARTICLE{karam2022gan-based,
AUTHOR={Karam, Christophe  and Awad, Mariette  and Abou Jawdah, Yusuf  and Ezzeddine, Nour  and Fardoun, Aya },
TITLE={GAN-based semi-automated augmentation online tool for agricultural pest detection: A case study on whiteflies},
JOURNAL={Frontiers in Plant Science},
VOLUME={13},
YEAR={2022},
URL={https://www.frontiersin.org/journals/plant-science/articles/10.3389/fpls.2022.813050},
DOI={10.3389/fpls.2022.813050},
ISSN={1664-462X},
}

@article{giakoumoglou2023generate-paste-blend-detect,
title = {Generate-Paste-Blend-Detect: Synthetic dataset for object detection in the agriculture domain},
journal = {Smart Agricultural Technology},
volume = {5},
pages = {100258},
year = {2023},
issn = {2772-3755},
doi = {https://doi.org/10.1016/j.atech.2023.100258},
url = {https://www.sciencedirect.com/science/article/pii/S2772375523000886},
author = {Nikolaos Giakoumoglou and Eleftheria Maria Pechlivani and Dimitrios Tzovaras},
keywords = {Synthetic data, Deep learning, Diffusion models, Object detection, Precision agriculture},
}

@article{barth2018improved,
  title={Improved part segmentation performance by optimising realism of synthetic images using cycle generative adversarial networks},
  author={Barth, Ruud and Hemming, Jochen and van Henten, Eldert J},
  journal={arXiv preprint arXiv:1803.06301},
  year={2018}
}

@article{paulin2023review,
  title={Review and analysis of synthetic dataset generation methods and techniques for application in computer vision},
  author={Paulin, Goran and Ivasic-Kos, Marina},
  journal={Artificial Intelligence Review},
  volume={56},
  number={9},
  pages={9221--9265},
  year={2023},
  publisher={Springer}
}

@misc{canopies,
    title = {EU CANOPIES project: A Collaborative Paradigm for Human Workers and Multi-Robot Teams in Precision Agriculture Systems},
    author = {},
    year = {2021},
    howpublished = {\url{https://canopies.inf.uniroma3.it/}}
}

@article{collribes2023accurate,
title = {Accurate detection and depth estimation of table grapes and peduncles for robot harvesting, combining monocular depth estimation and CNN methods},
journal = {Computers and Electronics in Agriculture},
volume = {215},
pages = {108362},
year = {2023},
issn = {0168-1699},
doi = {https://doi.org/10.1016/j.compag.2023.108362},
url = {https://www.sciencedirect.com/science/article/pii/S0168169923007500},
author = {Gabriel Coll-Ribes and Iván J. Torres-Rodríguez and Antoni Grau and Edmundo Guerra and Alberto Sanfeliu},
keywords = {Image segmentation, Monocular depth, Grape bunch and peduncle detection, Grape bunch and peduncle depth estimation, Robot harvesting},
}

@ARTICLE{pretto2020building,
  author={Pretto, Alberto and Aravecchia, Stéphanie and Burgard, Wolfram and Chebrolu, Nived and Dornhege, Christian and Falck, Tillmann and Fleckenstein, Freya and Fontenla, Alessandra and Imperoli, Marco and Khanna, Raghav and Liebisch, Frank and Lottes, Philipp and Milioto, Andres and Nardi, Daniele and Nardi, Sandro and Pfeifer, Johannes and Popović, Marija and Potena, Ciro and Pradalier, Cédric and Rothacker-Feder, Elisa and Sa, Inkyu and Schaefer, Alexander and Siegwart, Roland and Stachniss, Cyrill and Walter, Achim and Winterhalter, Wera and Wu, Xiaolong and Nieto, Juan},
  journal={IEEE Robotics \& Automation Magazine}, 
  title={Building an Aerial–Ground Robotics System for Precision Farming: An Adaptable Solution}, 
  year={2021},
  volume={28},
  number={3},
  pages={29-49},
  keywords={Agriculture;Robot kinematics;Cameras;Robot vision systems},
  doi={10.1109/MRA.2020.3012492}
}

@article{cheng2023recent,
  title={Recent advancements in agriculture robots: Benefits and challenges},
  author={Cheng, Chao and Fu, Jun and Su, Hang and Ren, Luquan},
  journal={Machines},
  volume={11},
  number={1},
  pages={48},
  year={2023},
  publisher={MDPI}
}

@article{lippi2023autonomous,
  title={An autonomous spraying robot architecture for sucker management in large-scale hazelnut orchards},
  author={Lippi, Martina and Santilli, Matteo and Carpio, Renzo Fabrizio and Maiolini, Jacopo and Garone, Emanuele and Cristofori, Valerio and Gasparri, Andrea},
  journal={Journal of Field Robotics},
  publisher={Wiley Online Library}
}

@INPROCEEDINGS{stavridis2121pick-and-place,
  author={Stavridis, Sotiris and Falco, Pietro and Doulgeri, Zoe},
  booktitle={2020 IEEE-RAS 20th International Conference on Humanoid Robots (Humanoids)}, 
  title={Pick-and-place in dynamic environments with a mobile dual-arm robot equipped with distributed distance sensors}, 
  year={2021},
  volume={},
  number={},
  pages={76-82},
  keywords={Robot motion;Dynamics;Humanoid robots;Robot sensing systems;Sensors;Task analysis;Collision avoidance},
  doi={10.1109/HUMANOIDS47582.2021.9555672}
}


@Article{lacotte2022pesticide-free,
AUTHOR = {Lacotte, Virginie and NGuyen, Toan and Sempere, Javier Diaz and Novales, Vivien and Dufour, Vincent and Moreau, Richard and Pham, Minh Tu and Rabenorosoa, Kanty and Peignier, Sergio and Feugier, François G. and Gaetani, Robin and Grenier, Thomas and Masenelli, Bruno and da Silva, Pedro and Heddi, Abdelaziz and Lelevé, Arnaud},
TITLE = {Pesticide-Free Robotic Control of Aphids as Crop Pests},
JOURNAL = {AgriEngineering},
VOLUME = {4},
YEAR = {2022},
NUMBER = {4},
PAGES = {903--921},
URL = {https://www.mdpi.com/2624-7402/4/4/58},
ISSN = {2624-7402},
DOI = {10.3390/agriengineering4040058}
}

@ARTICLE{kurtser2020in-field,
  author={Kurtser, Polina and Ringdahl, Ola and Rotstein, Nati and Berenstein, Ron and Edan, Yael},
  journal={IEEE Robotics and Automation Letters}, 
  title={In-Field Grape Cluster Size Assessment for Vine Yield Estimation Using a Mobile Robot and a Consumer Level RGB-D Camera}, 
  year={2020},
  volume={5},
  number={2},
  pages={2031-2038},
  keywords={Pipelines;Robot sensing systems;Yield estimation;Cameras;Clustering algorithms;Field robots;RGB-D perception;agricultural automation;robotics in agriculture and forestry},
  doi={10.1109/LRA.2020.2970654}
}

@article{droukas2023survey,
  title={A survey of robotic harvesting systems and enabling technologies},
  author={Droukas, Leonidas and Doulgeri, Zoe and Tsakiridis, Nikolaos L and Triantafyllou, Dimitra and Kleitsiotis, Ioannis and Mariolis, Ioannis and Giakoumis, Dimitrios and Tzovaras, Dimitrios and Kateris, Dimitrios and Bochtis, Dionysis},
  journal={Journal of Intelligent \& Robotic Systems},
  volume={107},
  number={2},
  pages={21},
  year={2023},
  publisher={Springer}
}

@article{kamilaris2017review,
  title={A review on the practice of big data analysis in agriculture},
  author={Kamilaris, Andreas and Kartakoullis, Andreas and Prenafeta-Bold{\'u}, Francesc X},
  journal={Computers and electronics in agriculture},
  volume={143},
  pages={23--37},
  year={2017},
  publisher={Elsevier}
}

@article{roscher2023data,
  title={Data-Centric Digital Agriculture: A Perspective},
  author={Roscher, Ribana and Roth, Lukas and Stachniss, Cyrill and Walter, Achim},
  journal={arXiv preprint arXiv:2312.03437},
  year={2023}
}

@article{li2023label,
  title={Label-efficient learning in agriculture: A comprehensive review},
  author={Li, Jiajia and Chen, Dong and Qi, Xinda and Li, Zhaojian and Huang, Yanbo and Morris, Daniel and Tan, Xiaobo},
  journal={Computers and Electronics in Agriculture},
  volume={215},
  pages={108412},
  year={2023},
  publisher={Elsevier}
}

@INPROCEEDINGS{9145130,
  author={Padilla, Rafael and Netto, Sergio L. and da Silva, Eduardo A. B.},
  booktitle={2020 International Conference on Systems, Signals and Image Processing (IWSSIP)}, 
  title={A Survey on Performance Metrics for Object-Detection Algorithms}, 
  year={2020},
  volume={},
  number={},
  pages={237-242},
  keywords={Measurement;Object detection;Detectors;Interpolation;Tools;Benchmark testing;Standards;object-detection metrics;average precision;object-detection challenges;bounding boxes},
  doi={10.1109/IWSSIP48289.2020.9145130}}

@article{saraceni2023agrisort,
  title={AgriSORT: A Simple Online Real-time Tracking-by-Detection framework for robotics in precision agriculture},
  author={Saraceni, Leonardo and Motoi, Ionut M and Nardi, Daniele and Ciarfuglia, Thomas A},
  journal={arXiv preprint arXiv:2309.13393},
  year={2023}
}

@article{barth2020optimizing,
title = {Optimising realism of synthetic images using cycle generative adversarial networks for improved part segmentation},
journal = {Computers and Electronics in Agriculture},
volume = {173},
pages = {105378},
year = {2020},
issn = {0168-1699},
doi = {https://doi.org/10.1016/j.compag.2020.105378},
url = {https://www.sciencedirect.com/science/article/pii/S0168169919320794},
author = {R. Barth and J. Hemming and E.J. {Van Henten}},
keywords = {Synthetic dataset, Semantic segmentation, 3D modelling, Agriculture, Robotics},
}

@article{lu2022generative,
title = {Generative adversarial networks (GANs) for image augmentation in agriculture: A systematic review},
journal = {Computers and Electronics in Agriculture},
volume = {200},
pages = {107208},
year = {2022},
issn = {0168-1699},
doi = {https://doi.org/10.1016/j.compag.2022.107208},
url = {https://www.sciencedirect.com/science/article/pii/S0168169922005233},
author = {Yuzhen Lu and Dong Chen and Ebenezer Olaniyi and Yanbo Huang},
keywords = {GAN, Image Augmentation, Agriculture, Deep Learning, Computer Vision},
}

@article{goodfellow2020generative,
author = {Goodfellow, Ian and Pouget-Abadie, Jean and Mirza, Mehdi and Xu, Bing and Warde-Farley, David and Ozair, Sherjil and Courville, Aaron and Bengio, Yoshua},
title = {Generative adversarial networks},
year = {2020},
issue_date = {November 2020},
publisher = {Association for Computing Machinery},
address = {New York, NY, USA},
volume = {63},
number = {11},
issn = {0001-0782},
url = {https://doi.org/10.1145/3422622},
doi = {10.1145/3422622},
journal = {Commun. ACM},
month = {oct},
pages = {139–144},
numpages = {6}
}

@book{canopiesD2.4,
  author={{PaleBlue AS}},
  title={VR Farming Environment Specification},
  subtitle={A subtitle (optional)},
  year={2014},
  publisher={The CANOPIES Project},
  url={https://www.iri.upc.edu/research/webprojects/canopies/D2.4_VR%20Farming%20Environment%20Specification.pdf},
}

@inproceedings{dwibedi2017cut,
  title={Cut, paste and learn: Surprisingly easy synthesis for instance detection},
  author={Dwibedi, Debidatta and Misra, Ishan and Hebert, Martial},
  booktitle={Proceedings of the IEEE international conference on computer vision},
  pages={1301--1310},
  year={2017}
}

@software{yolov8_ultralytics,
  author = {Glenn Jocher and Ayush Chaurasia and Jing Qiu},
  title = {Ultralytics YOLOv8},
  version = {8.0.0},
  year = {2023},
  url = {https://github.com/ultralytics/ultralytics},
  orcid = {0000-0001-5950-6979, 0000-0002-7603-6750, 0000-0003-3783-7069},
  license = {AGPL-3.0}
}