@article{kong2025position,
  title={Position: Empowering Time Series Reasoning with Multimodal LLMs},
  author={Kong, Yaxuan and Yang, Yiyuan and Wang, Shiyu and Liu, Chenghao and Liang, Yuxuan and Jin, Ming and Zohren, Stefan and Pei, Dan and Liu, Yan and Wen, Qingsong},
  journal={arXiv preprint arXiv:2502.01477},
  year={2025}
}

@article{williams2024context,
  title={Context is key: A benchmark for forecasting with essential textual information},
  author={Williams, Andrew Robert and Ashok, Arjun and Marcotte, {\'E}tienne and Zantedeschi, Valentina and Subramanian, Jithendaraa and Riachi, Roland and Requeima, James and Lacoste, Alexandre and Rish, Irina and Chapados, Nicolas and others},
  journal={arXiv preprint arXiv:2410.18959},
  year={2024}
}

@article{jin2023time,
  title={Time-llm: Time series forecasting by reprogramming large language models},
  author={Jin, Ming and Wang, Shiyu and Ma, Lintao and Chu, Zhixuan and Zhang, James Y and Shi, Xiaoming and Chen, Pin-Yu and Liang, Yuxuan and Li, Yuan-Fang and Pan, Shirui and others},
  journal={arXiv preprint arXiv:2310.01728},
  year={2023}
}

@inproceedings{liutime,
  title={Time-MMD: Multi-Domain Multimodal Dataset for Time Series Analysis},
  author={Liu, Haoxin and Xu, Shangqing and Zhao, Zhiyuan and Kong, Lingkai and Kamarthi, Harshavardhan and Sasanur, Aditya B and Sharma, Megha and Cui, Jiaming and Wen, Qingsong and Zhang, Chao and others},
  booktitle={The Thirty-eight Conference on Neural Information Processing Systems Datasets and Benchmarks Track},
  year={2024}
}

@book{hamilton2020time,
  title={Time series analysis},
  author={Hamilton, James D},
  year={2020},
  publisher={Princeton university press}
}

@article{lim2021time,
  title={Time-series forecasting with deep learning: a survey},
  author={Lim, Bryan and Zohren, Stefan},
  journal={Philosophical Transactions of the Royal Society A},
  volume={379},
  number={2194},
  pages={20200209},
  year={2021},
  publisher={The Royal Society Publishing}
}

@article{wang2024timexer,
  title={Timexer: Empowering transformers for time series forecasting with exogenous variables},
  author={Wang, Yuxuan and Wu, Haixu and Dong, Jiaxiang and Qin, Guo and Zhang, Haoran and Liu, Yong and Qiu, Yunzhong and Wang, Jianmin and Long, Mingsheng},
  journal={arXiv preprint arXiv:2402.19072},
  year={2024}
}

@article{wen2022transformers,
  title={Transformers in time series: A survey},
  author={Wen, Qingsong and Zhou, Tian and Zhang, Chaoli and Chen, Weiqi and Ma, Ziqing and Yan, Junchi and Sun, Liang},
  journal={arXiv preprint arXiv:2202.07125},
  year={2022}
}

@article{miller2024survey,
  title={A survey of deep learning and foundation models for time series forecasting},
  author={Miller, John A and Aldosari, Mohammed and Saeed, Farah and Barna, Nasid Habib and Rana, Subas and Arpinar, I Budak and Liu, Ninghao},
  journal={arXiv preprint arXiv:2401.13912},
  year={2024}
}

@article{zamanzadeh2024deep,
  title={Deep learning for time series anomaly detection: A survey},
  author={Zamanzadeh Darban, Zahra and Webb, Geoffrey I and Pan, Shirui and Aggarwal, Charu and Salehi, Mahsa},
  journal={ACM Computing Surveys},
  volume={57},
  number={1},
  pages={1--42},
  year={2024},
  publisher={ACM New York, NY}
}

@inproceedings{yang2023dcdetector,
  title={Dcdetector: Dual attention contrastive representation learning for time series anomaly detection},
  author={Yang, Yiyuan and Zhang, Chaoli and Zhou, Tian and Wen, Qingsong and Sun, Liang},
  booktitle={Proceedings of the 29th ACM SIGKDD Conference on Knowledge Discovery and Data Mining},
  pages={3033--3045},
  year={2023}
}

@article{han2022adbench,
  title={Adbench: Anomaly detection benchmark},
  author={Han, Songqiao and Hu, Xiyang and Huang, Hailiang and Jiang, Minqi and Zhao, Yue},
  journal={Advances in Neural Information Processing Systems},
  volume={35},
  pages={32142--32159},
  year={2022}
}

@book{fuller2009introduction,
  title={Introduction to statistical time series},
  author={Fuller, Wayne A},
  year={2009},
  publisher={John Wiley \& Sons}
}

@article{du2024tsi,
  title={Tsi-bench: Benchmarking time series imputation},
  author={Du, Wenjie and Wang, Jun and Qian, Linglong and Yang, Yiyuan and Ibrahim, Zina and Liu, Fanxing and Wang, Zepu and Liu, Haoxin and Zhao, Zhiyuan and Zhou, Yingjie and others},
  journal={arXiv preprint arXiv:2406.12747},
  year={2024}
}

@misc{wang2025deeplearningmultivariatetime,
      title={Deep Learning for Multivariate Time Series Imputation: A Survey}, 
      author={Jun Wang and Wenjie Du and Yiyuan Yang and Linglong Qian and Wei Cao and Keli Zhang and Wenjia Wang and Yuxuan Liang and Qingsong Wen},
      year={2025},
      eprint={2402.04059},
      archivePrefix={arXiv},
      primaryClass={cs.LG},
      url={https://arxiv.org/abs/2402.04059}, 
}

@article{mohammadi2024deep,
  title={Deep learning for time series classification and extrinsic regression: A current survey},
  author={Mohammadi Foumani, Navid and Miller, Lynn and Tan, Chang Wei and Webb, Geoffrey I and Forestier, Germain and Salehi, Mahsa},
  journal={ACM Computing Surveys},
  volume={56},
  number={9},
  pages={1--45},
  year={2024},
  publisher={ACM New York, NY}
}

@article{wen2020time,
  title={Time series data augmentation for deep learning: A survey},
  author={Wen, Qingsong and Sun, Liang and Yang, Fan and Song, Xiaomin and Gao, Jingkun and Wang, Xue and Xu, Huan},
  journal={arXiv preprint arXiv:2002.12478},
  year={2020}
}

@article{zhang2024self,
  title={Self-supervised learning for time series analysis: Taxonomy, progress, and prospects},
  author={Zhang, Kexin and Wen, Qingsong and Zhang, Chaoli and Cai, Rongyao and Jin, Ming and Liu, Yong and Zhang, James Y and Liang, Yuxuan and Pang, Guansong and Song, Dongjin and others},
  journal={IEEE Transactions on Pattern Analysis and Machine Intelligence},
  year={2024},
  publisher={IEEE}
}

@inproceedings{jin2024position,
  title={Position: What Can Large Language Models Tell Us about Time Series Analysis},
  author={Jin, Ming and Zhang, Yifan and Chen, Wei and Zhang, Kexin and Liang, Yuxuan and Yang, Bin and Wang, Jindong and Pan, Shirui and Wen, Qingsong},
  booktitle={Forty-first International Conference on Machine Learning},
  year={2024}
}

@article{hollmann2025accurate,
  title={Accurate predictions on small data with a tabular foundation model},
  author={Hollmann, Noah and M{\"u}ller, Samuel and Purucker, Lennart and Krishnakumar, Arjun and K{\"o}rfer, Max and Hoo, Shi Bin and Schirrmeister, Robin Tibor and Hutter, Frank},
  journal={Nature},
  volume={637},
  number={8045},
  pages={319--326},
  year={2025},
  publisher={Nature Publishing Group UK London}
}

@article{moor2023foundation,
  title={Foundation models for generalist medical artificial intelligence},
  author={Moor, Michael and Banerjee, Oishi and Abad, Zahra Shakeri Hossein and Krumholz, Harlan M and Leskovec, Jure and Topol, Eric J and Rajpurkar, Pranav},
  journal={Nature},
  volume={616},
  number={7956},
  pages={259--265},
  year={2023},
  publisher={Nature Publishing Group UK London}
}

@article{nie2024survey,
  title={A Survey of Large Language Models for Financial Applications: Progress, Prospects and Challenges},
  author={Nie, Yuqi and Kong, Yaxuan and Dong, Xiaowen and Mulvey, John M and Poor, H Vincent and Wen, Qingsong and Zohren, Stefan},
  journal={arXiv preprint arXiv:2406.11903},
  year={2024}
}

@inproceedings{yang2021early,
  title={Early safety warnings for long-distance pipelines: A distributed optical fiber sensor machine learning approach},
  author={Yang, Yiyuan and Li, Yi and Zhang, Taojia and Zhou, Yan and Zhang, Haifeng},
  booktitle={Proceedings of the AAAI Conference on Artificial Intelligence},
  volume={35},
  pages={14991--14999},
  year={2021}
}

@inproceedings{yang2023sgdp,
  title={SGDP: A stream-graph neural network based data prefetcher},
  author={Yang, Yiyuan and Li, Rongshang and Shi, Qiquan and Li, Xijun and Hu, Gang and Li, Xing and Yuan, Mingxuan},
  booktitle={2023 International Joint Conference on Neural Networks (IJCNN)},
  pages={1--8},
  year={2023},
  organization={IEEE}
}

@inproceedings{ma2024fusionsf,
  title={FusionSF: Fuse Heterogeneous Modalities in a Vector Quantized Framework for Robust Solar Power Forecasting},
  author={Ma, Ziqing and Wang, Wenwei and Zhou, Tian and Chen, Chao and Peng, Bingqing and Sun, Liang and Jin, Rong},
  booktitle={Proceedings of the 30th ACM SIGKDD Conference on Knowledge Discovery and Data Mining},
  pages={5532--5543},
  year={2024}
}

@article{guo2024maximizing,
  title={Maximizing the Impact of Deep Learning on Subseasonal-to-Seasonal Climate Forecasting: The Essential Role of Optimization},
  author={Guo, Yizhen and Zhou, Tian and Jiang, Wanyi and Wu, Bo and Sun, Liang and Jin, Rong},
  journal={arXiv preprint arXiv:2411.16728},
  year={2024}
}

@article{jin2023large,
  title={Large models for time series and spatio-temporal data: A survey and outlook},
  author={Jin, Ming and Wen, Qingsong and Liang, Yuxuan and Zhang, Chaoli and Xue, Siqiao and Wang, Xue and Zhang, James and Wang, Yi and Chen, Haifeng and Li, Xiaoli and others},
  journal={arXiv preprint arXiv:2310.10196},
  year={2023}
}

@article{achiam2023gpt,
  title={Gpt-4 technical report},
  author={Achiam, Josh and Adler, Steven and Agarwal, Sandhini and Ahmad, Lama and Akkaya, Ilge and Aleman, Florencia Leoni and Almeida, Diogo and Altenschmidt, Janko and Altman, Sam and Anadkat, Shyamal and others},
  journal={arXiv preprint arXiv:2303.08774},
  year={2023}
}

@article{touvron2023llama,
  title={Llama: Open and efficient foundation language models},
  author={Touvron, Hugo and Lavril, Thibaut and Izacard, Gautier and Martinet, Xavier and Lachaux, Marie-Anne and Lacroix, Timoth{\'e}e and Rozi{\`e}re, Baptiste and Goyal, Naman and Hambro, Eric and Azhar, Faisal and others},
  journal={arXiv preprint arXiv:2302.13971},
  year={2023}
}

@article{biancofiore2024interactive,
  title={Interactive question answering systems: Literature review},
  author={Biancofiore, Giovanni Maria and Deldjoo, Yashar and Noia, Tommaso Di and Di Sciascio, Eugenio and Narducci, Fedelucio},
  journal={ACM Computing Surveys},
  volume={56},
  number={9},
  pages={1--38},
  year={2024},
  publisher={ACM New York, NY}
}

@article{liu2023summary,
  title={Summary of chatgpt-related research and perspective towards the future of large language models},
  author={Liu, Yiheng and Han, Tianle and Ma, Siyuan and Zhang, Jiayue and Yang, Yuanyuan and Tian, Jiaming and He, Hao and Li, Antong and He, Mengshen and Liu, Zhengliang and others},
  journal={Meta-Radiology},
  pages={100017},
  year={2023},
  publisher={Elsevier}
}

@article{singh2025agentic,
  title={Agentic Retrieval-Augmented Generation: A Survey on Agentic RAG},
  author={Singh, Aditi and Ehtesham, Abul and Kumar, Saket and Khoei, Tala Talaei},
  journal={arXiv preprint arXiv:2501.09136},
  year={2025}
}

@article{trivedi2022musique,
  title={MuSiQue: Multihop Questions via Single-hop Question Composition},
  author={Trivedi, Harsh and Balasubramanian, Niranjan and Khot, Tushar and Sabharwal, Ashish},
  journal={Transactions of the Association for Computational Linguistics},
  volume={10},
  pages={539--554},
  year={2022},
  publisher={MIT Press One Broadway, 12th Floor, Cambridge, Massachusetts 02142, USA~…}
}

@article{ho2020constructing,
  title={Constructing a multi-hop QA dataset for comprehensive evaluation of reasoning steps},
  author={Ho, Xanh and Nguyen, Anh-Khoa Duong and Sugawara, Saku and Aizawa, Akiko},
  journal={arXiv preprint arXiv:2011.01060},
  year={2020}
}

@article{yang2018hotpotqa,
  title={HotpotQA: A dataset for diverse, explainable multi-hop question answering},
  author={Yang, Zhilin and Qi, Peng and Zhang, Saizheng and Bengio, Yoshua and Cohen, William W and Salakhutdinov, Ruslan and Manning, Christopher D},
  journal={arXiv preprint arXiv:1809.09600},
  year={2018}
}

@article{zhuang2024toolqa,
  title={Toolqa: A dataset for llm question answering with external tools},
  author={Zhuang, Yuchen and Yu, Yue and Wang, Kuan and Sun, Haotian and Zhang, Chao},
  journal={Advances in Neural Information Processing Systems},
  volume={36},
  year={2024}
}

@inproceedings{chen2023tele,
  title={Tele-knowledge pre-training for fault analysis},
  author={Chen, Zhuo and Zhang, Wen and Huang, Yufeng and Chen, Mingyang and Geng, Yuxia and Yu, Hongtao and Bi, Zhen and Zhang, Yichi and Yao, Zhen and Song, Wenting and others},
  booktitle={2023 IEEE 39th International Conference on Data Engineering (ICDE)},
  pages={3453--3466},
  year={2023},
  organization={IEEE}
}

@article{bernardini2023novel,
  title={A novel missing data imputation approach based on clinical conditional Generative Adversarial Networks applied to EHR datasets},
  author={Bernardini, Michele and Doinychko, Anastasiia and Romeo, Luca and Frontoni, Emanuele and Amini, Massih-Reza},
  journal={Computers in Biology and Medicine},
  volume={163},
  pages={107188},
  year={2023},
  publisher={Elsevier}
}

@inproceedings{xu2023density,
  title={Density-aware temporal attentive step-wise diffusion model for medical time series imputation},
  author={Xu, Jingwen and Lyu, Fei and Yuen, Pong C},
  booktitle={Proceedings of the 32nd ACM International Conference on Information and Knowledge Management},
  pages={2836--2845},
  year={2023}
}

@article{yang2021long,
  title={Long-distance pipeline safety early warning: a distributed optical fiber sensing semi-supervised learning method},
  author={Yang, Yiyuan and Zhang, Haifeng and Li, Yi},
  journal={IEEE sensors journal},
  volume={21},
  number={17},
  pages={19453--19461},
  year={2021},
  publisher={IEEE}
}

@article{chen2024deep,
  title={Deep learning for trajectory data management and mining: A survey and beyond},
  author={Chen, Wei and Liang, Yuxuan and Zhu, Yuanshao and Chang, Yanchuan and Luo, Kang and Wen, Haomin and Li, Lei and Yu, Yanwei and Wen, Qingsong and Chen, Chao and others},
  journal={arXiv preprint arXiv:2403.14151},
  year={2024}
}

@article{fons2024evaluating,
  title={Evaluating Large Language Models on Time Series Feature Understanding: A Comprehensive Taxonomy and Benchmark},
  author={Fons, Elizabeth and Kaur, Rachneet and Palande, Soham and Zeng, Zhen and Balch, Tucker and Veloso, Manuela and Vyetrenko, Svitlana},
  journal={arXiv preprint arXiv:2404.16563},
  year={2024}
}

@article{merrill2024language,
  title={Language Models Still Struggle to Zero-shot Reason about Time Series},
  author={Merrill, Mike A and Tan, Mingtian and Gupta, Vinayak and Hartvigsen, Tom and Althoff, Tim},
  journal={arXiv preprint arXiv:2404.11757},
  year={2024}
}

@article{ansari2024chronos,
  title={Chronos: Learning the language of time series},
  author={Ansari, Abdul Fatir and Stella, Lorenzo and Turkmen, Caner and Zhang, Xiyuan and Mercado, Pedro and Shen, Huibin and Shchur, Oleksandr and Rangapuram, Syama Sundar and Arango, Sebastian Pineda and Kapoor, Shubham and others},
  journal={arXiv preprint arXiv:2403.07815},
  year={2024}
}

@article{zhang2024dualtime,
  title={DualTime: A Dual-Adapter Multimodal Language Model for Time Series Representation},
  author={Zhang, Weiqi and Ye, Jiexia and Li, Ziyue and Li, Jia and Tsung, Fugee},
  journal={arXiv preprint arXiv:2406.06620},
  year={2024}
}

@article{chow2024towards,
  title={Towards time series reasoning with llms},
  author={Chow, Winnie and Gardiner, Lauren and Hallgr{\'\i}msson, Haraldur T and Xu, Maxwell A and Ren, Shirley You},
  journal={arXiv preprint arXiv:2409.11376},
  year={2024}
}

@article{xu2024beyond,
  title={Beyond Trend and Periodicity: Guiding Time Series Forecasting with Textual Cues},
  author={Xu, Zhijian and Bian, Yuxuan and Zhong, Jianyuan and Wen, Xiangyu and Xu, Qiang},
  journal={arXiv preprint arXiv:2405.13522},
  year={2024}
}

@inproceedings{singh2024finqapt,
  title={FinQAPT: Empowering Financial Decisions with End-to-End LLM-driven Question Answering Pipeline},
  author={Singh, Kuldeep and Kaur, Simerjot and Smiley, Charese},
  booktitle={Proceedings of the 5th ACM International Conference on AI in Finance},
  pages={266--273},
  year={2024}
}

@misc{wang2024chattimeunifiedmultimodaltime,
      title={ChatTime: A Unified Multimodal Time Series Foundation Model Bridging Numerical and Textual Data}, 
      author={Chengsen Wang and Qi Qi and Jingyu Wang and Haifeng Sun and Zirui Zhuang and Jinming Wu and Lei Zhang and Jianxin Liao},
      year={2024},
      eprint={2412.11376},
      archivePrefix={arXiv},
      primaryClass={cs.CL},
      url={https://arxiv.org/abs/2412.11376}, 
}

@inproceedings{
zhang2023insight,
title={Insight Miner: A Large-scale Multimodal Model for Insight Mining from Time Series},
author={Yunkai Zhang and Yawen Zhang and Ming Zheng and Kezhen Chen and Chongyang Gao and Ruian Ge and Siyuan Teng and Amine Jelloul and Jinmeng Rao and Xiaoyuan Guo and Chiang-Wei Fang and Zeyu Zheng and Jie Yang},
booktitle={NeurIPS 2023 AI for Science Workshop},
year={2023},
url={https://openreview.net/forum?id=E1khscdUdH}
}

@inproceedings{cai2023jolt,
  title={Jolt: Jointly learned representations of language and time-series},
  author={Cai, Yifu and Goswami, Mononito and Choudhry, Arjun and Srinivasan, Arvind and Dubrawski, Artur},
  booktitle={Deep Generative Models for Health Workshop NeurIPS 2023},
  year={2023}
}

@article{xie2024chatts,
  title={ChatTS: Aligning Time Series with LLMs via Synthetic Data for Enhanced Understanding and Reasoning},
  author={Xie, Zhe and Li, Zeyan and He, Xiao and Xu, Longlong and Wen, Xidao and Zhang, Tieying and Chen, Jianjun and Shi, Rui and Pei, Dan},
  journal={arXiv preprint arXiv:2412.03104},
  year={2024}
}

@inproceedings{dong2024fnspid,
  title={Fnspid: A comprehensive financial news dataset in time series},
  author={Dong, Zihan and Fan, Xinyu and Peng, Zhiyuan},
  booktitle={Proceedings of the 30th ACM SIGKDD Conference on Knowledge Discovery and Data Mining},
  pages={4918--4927},
  year={2024}
}

@article{liu2024picture,
  title={A picture is worth a thousand numbers: Enabling llms reason about time series via visualization},
  author={Liu, Haoxin and Liu, Chenghao and Prakash, B Aditya},
  journal={NAACL},
  year={2024}
}

@inproceedings{liu-etal-2024-lstprompt,
    title = "{LSTP}rompt: Large Language Models as Zero-Shot Time Series Forecasters by Long-Short-Term Prompting",
    author = "Liu, Haoxin  and
      Zhao, Zhiyuan  and
      Wang, Jindong  and
      Kamarthi, Harshavardhan  and
      Prakash, B. Aditya",
    booktitle = "Findings of the Association for Computational Linguistics: ACL 2024",
    month = aug,
    year = "2024",
    publisher = "Association for Computational Linguistics",
    pages = "7832--7840",
}

@article{chen2024spiral,
  title={Spiral of Silences: How is Large Language Model Killing Information Retrieval?--A Case Study on Open Domain Question Answering},
  author={Chen, Xiaoyang and He, Ben and Lin, Hongyu and Han, Xianpei and Wang, Tianshu and Cao, Boxi and Sun, Le and Sun, Yingfei},
  journal={Association for Computational Linguistics(ACL)},
  year={2024}
}

@article{chen2024fintextqa,
  title={FinTextQA: A Dataset for Long-form Financial Question Answering},
  author={Chen, Jian and Zhou, Peilin and Hua, Yining and Loh, Yingxin and Chen, Kehui and Li, Ziyuan and Zhu, Bing and Liang, Junwei},
  journal={Association for Computational Linguistics(ACL)},
  year={2024}
}

@article{frisoni2024generate,
  title={To generate or to retrieve? on the effectiveness of artificial contexts for medical open-domain question answering},
  author={Frisoni, Giacomo and Cocchieri, Alessio and Presepi, Alex and Moro, Gianluca and Meng, Zaiqiao},
  journal={Association for Computational Linguistics(ACL)},
  year={2024}
}

@article{fernandez2024syllabusqa,
  title={SyllabusQA: A Course Logistics Question Answering Dataset},
  author={Fernandez, Nigel and Scarlatos, Alexander and Lan, Andrew},
  journal={arXiv preprint arXiv:2403.14666},
  year={2024}
}

@article{jin2024mmtom,
  title={Mmtom-qa: Multimodal theory of mind question answering},
  author={Jin, Chuanyang and Wu, Yutong and Cao, Jing and Xiang, Jiannan and Kuo, Yen-Ling and Hu, Zhiting and Ullman, Tomer and Torralba, Antonio and Tenenbaum, Joshua B and Shu, Tianmin},
  journal={arXiv preprint arXiv:2401.08743},
  year={2024}
}

@inproceedings{liutimer,
  title={Timer: Generative Pre-trained Transformers Are Large Time Series Models},
  author={Liu, Yong and Zhang, Haoran and Li, Chenyu and Huang, Xiangdong and Wang, Jianmin and Long, Mingsheng},
  booktitle={Forty-first International Conference on Machine Learning}
}

@inproceedings{zhou2021informer,
  title={Informer: Beyond efficient transformer for long sequence time-series forecasting},
  author={Zhou, Haoyi and Zhang, Shanghang and Peng, Jieqi and Zhang, Shuai and Li, Jianxin and Xiong, Hui and Zhang, Wancai},
  booktitle={Proceedings of the AAAI conference on artificial intelligence},
  volume={35},
  number={12},
  pages={11106--11115},
  year={2021}
}

@article{jiang2023mistral,
  title={Mistral 7B},
  author={Jiang, Albert Q and Sablayrolles, Alexandre and Mensch, Arthur and Bamford, Chris and Chaplot, Devendra Singh and Casas, Diego de las and Bressand, Florian and Lengyel, Gianna and Lample, Guillaume and Saulnier, Lucile and others},
  journal={arXiv preprint arXiv:2310.06825},
  year={2023}
}

@article{dubey2024llama,
  title={The llama 3 herd of models},
  author={Dubey, Abhimanyu and Jauhri, Abhinav and Pandey, Abhinav and Kadian, Abhishek and Al-Dahle, Ahmad and Letman, Aiesha and Mathur, Akhil and Schelten, Alan and Yang, Amy and Fan, Angela and others},
  journal={arXiv preprint arXiv:2407.21783},
  year={2024}
}

@article{yang2024qwen2,
  title={Qwen2. 5 technical report},
  author={Yang, An and Yang, Baosong and Zhang, Beichen and Hui, Binyuan and Zheng, Bo and Yu, Bowen and Li, Chengyuan and Liu, Dayiheng and Huang, Fei and Wei, Haoran and others},
  journal={arXiv preprint arXiv:2412.15115},
  year={2024}
}

@misc{OpenOrca,
  title = {OpenOrca: An Open Dataset of GPT Augmented FLAN Reasoning Traces},
  author = {Wing Lian and Bleys Goodson and Eugene Pentland and Austin Cook and Chanvichet Vong and "Teknium"},
  year = {2023},
  publisher = {HuggingFace},
  journal = {HuggingFace repository},
  howpublished = {\url{https://https://huggingface.co/Open-Orca/OpenOrca}},
}

@article{cheng2024instruction,
  title={Instruction Pre-Training: Language Models are Supervised Multitask Learners},
  author={Cheng, Daixuan and Gu, Yuxian and Huang, Shaohan and Bi, Junyu and Huang, Minlie and Wei, Furu},
  journal={arXiv preprint arXiv:2406.14491},
  year={2024}
}

@article{kwapisz2011activity,
  title={Activity recognition using cell phone accelerometers},
  author={Kwapisz, Jennifer R and Weiss, Gary M and Moore, Samuel A},
  journal={ACM SigKDD Explorations Newsletter},
  volume={12},
  number={2},
  pages={74--82},
  year={2011},
  publisher={ACM New York, NY, USA}
}

@inproceedings{bachlin2009potentials,
  title={Potentials of enhanced context awareness in wearable assistants for Parkinson's disease patients with the freezing of gait syndrome},
  author={Bachlin, Marc and Roggen, Daniel and Troster, Gerhard and Plotnik, Meir and Inbar, Noit and Meidan, Inbal and Herman, Talia and Brozgol, Marina and Shaviv, Eliya and Giladi, Nir and others},
  booktitle={2009 International Symposium on Wearable Computers},
  pages={123--130},
  year={2009},
  organization={IEEE}
}

@article{yao2023llm,
  title={Llm lies: Hallucinations are not bugs, but features as adversarial examples},
  author={Yao, Jia-Yu and Ning, Kun-Peng and Liu, Zhen-Hui and Ning, Mu-Nan and Liu, Yu-Yang and Yuan, Li},
  journal={arXiv preprint arXiv:2310.01469},
  year={2023}
}

@inproceedings{mulayim2024time,
  title={Are Time Series Foundation Models Ready to Revolutionize Predictive Building Analytics?},
  author={Mulayim, Ozan Baris and Quan, Pengrui and Han, Liying and Ouyang, Xiaomin and Hong, Dezhi and Berg{\'e}s, Mario and Srivastava, Mani},
  booktitle={Proceedings of the 11th ACM International Conference on Systems for Energy-Efficient Buildings, Cities, and Transportation},
  pages={169--173},
  year={2024}
}

@misc{volcengine_doubao,
  author = {Volcengine},
  title = {Doubao},
  year = {2023},
  url = {https://www.volcengine.com/product/doubao},
  note = {Accessed: [Insert Date]}
}

@online{FoolEarnings2025,
  author = {{The Motley Fool}},
  title = {Earnings Call Transcripts},
  year = {2024},
  url = {https://www.fool.com/earnings-call-transcripts/}
}