@inproceedings{yang2024holodeck,
  title={Holodeck: Language guided generation of 3d embodied ai environments},
  author={Yang, Yue and Sun, Fan-Yun and Weihs, Luca and VanderBilt, Eli and Herrasti, Alvaro and Han, Winson and Wu, Jiajun and Haber, Nick and Krishna, Ranjay and Liu, Lingjie and others},
  booktitle={Proceedings of the IEEE/CVF Conference on Computer Vision and Pattern Recognition},
  pages={16227--16237},
  year={2024}
}

@article{wang2023robogen,
  title={Robogen: Towards unleashing infinite data for automated robot learning via generative simulation},
  author={Wang, Yufei and Xian, Zhou and Chen, Feng and Wang, Tsun-Hsuan and Wang, Yian and Fragkiadaki, Katerina and Erickson, Zackory and Held, David and Gan, Chuang},
  journal={arXiv preprint arXiv:2311.01455},
  year={2023}
}

@inproceedings{ha2023scaling,
  title={Scaling up and distilling down: Language-guided robot skill acquisition},
  author={Ha, Huy and Florence, Pete and Song, Shuran},
  booktitle={Conference on Robot Learning},
  pages={3766--3777},
  year={2023},
  organization={PMLR}
}

@article{dalal2023imitating,
  title={Imitating task and motion planning with visuomotor transformers},
  author={Dalal, Murtaza and Mandlekar, Ajay and Garrett, Caelan and Handa, Ankur and Salakhutdinov, Ruslan and Fox, Dieter},
  journal={arXiv preprint arXiv:2305.16309},
  year={2023}
}

@article{chen2024urdformer,
  title={URDFormer: A Pipeline for Constructing Articulated Simulation Environments from Real-World Images},
  author={Chen, Zoey and Walsman, Aaron and Memmel, Marius and Mo, Kaichun and Fang, Alex and Vemuri, Karthikeya and Wu, Alan and Fox, Dieter and Gupta, Abhishek},
  journal={arXiv preprint arXiv:2405.11656},
  year={2024}
}

@inproceedings{yang2024physcene,
  title={Physcene: Physically interactable 3d scene synthesis for embodied ai},
  author={Yang, Yandan and Jia, Baoxiong and Zhi, Peiyuan and Huang, Siyuan},
  booktitle={Proceedings of the IEEE/CVF Conference on Computer Vision and Pattern Recognition},
  pages={16262--16272},
  year={2024}
}

@article{ma2023eureka,
  title={Eureka: Human-level reward design via coding large language models},
  author={Ma, Yecheng Jason and Liang, William and Wang, Guanzhi and Huang, De-An and Bastani, Osbert and Jayaraman, Dinesh and Zhu, Yuke and Fan, Linxi and Anandkumar, Anima},
  journal={arXiv preprint arXiv:2310.12931},
  year={2023}
}

@article{hong2023lrm,
  title={Lrm: Large reconstruction model for single image to 3d},
  author={Hong, Yicong and Zhang, Kai and Gu, Jiuxiang and Bi, Sai and Zhou, Yang and Liu, Difan and Liu, Feng and Sunkavalli, Kalyan and Bui, Trung and Tan, Hao},
  journal={arXiv preprint arXiv:2311.04400},
  year={2023}
}

@article{xu2024instantmesh,
  title={Instantmesh: Efficient 3d mesh generation from a single image with sparse-view large reconstruction models},
  author={Xu, Jiale and Cheng, Weihao and Gao, Yiming and Wang, Xintao and Gao, Shenghua and Shan, Ying},
  journal={arXiv preprint arXiv:2404.07191},
  year={2024}
}

@article{shi2023zero123++,
  title={Zero123++: a single image to consistent multi-view diffusion base model},
  author={Shi, Ruoxi and Chen, Hansheng and Zhang, Zhuoyang and Liu, Minghua and Xu, Chao and Wei, Xinyue and Chen, Linghao and Zeng, Chong and Su, Hao},
  journal={arXiv preprint arXiv:2310.15110},
  year={2023}
}

@article{shi2023mvdream,
  title={Mvdream: Multi-view diffusion for 3d generation},
  author={Shi, Yichun and Wang, Peng and Ye, Jianglong and Long, Mai and Li, Kejie and Yang, Xiao},
  journal={arXiv preprint arXiv:2308.16512},
  year={2023}
}

@inproceedings{long2024wonder3d,
  title={Wonder3d: Single image to 3d using cross-domain diffusion},
  author={Long, Xiaoxiao and Guo, Yuan-Chen and Lin, Cheng and Liu, Yuan and Dou, Zhiyang and Liu, Lingjie and Ma, Yuexin and Zhang, Song-Hai and Habermann, Marc and Theobalt, Christian and others},
  booktitle={Proceedings of the IEEE/CVF Conference on Computer Vision and Pattern Recognition},
  pages={9970--9980},
  year={2024}
}

@inproceedings{qiu2024richdreamer,
  title={Richdreamer: A generalizable normal-depth diffusion model for detail richness in text-to-3d},
  author={Qiu, Lingteng and Chen, Guanying and Gu, Xiaodong and Zuo, Qi and Xu, Mutian and Wu, Yushuang and Yuan, Weihao and Dong, Zilong and Bo, Liefeng and Han, Xiaoguang},
  booktitle={Proceedings of the IEEE/CVF Conference on Computer Vision and Pattern Recognition},
  pages={9914--9925},
  year={2024}
}

@article{poole2022dreamfusion,
  title={Dreamfusion: Text-to-3d using 2d diffusion},
  author={Poole, Ben and Jain, Ajay and Barron, Jonathan T and Mildenhall, Ben},
  journal={arXiv preprint arXiv:2209.14988},
  year={2022}
}

@article{wang2024prolificdreamer,
  title={Prolificdreamer: High-fidelity and diverse text-to-3d generation with variational score distillation},
  author={Wang, Zhengyi and Lu, Cheng and Wang, Yikai and Bao, Fan and Li, Chongxuan and Su, Hang and Zhu, Jun},
  journal={Advances in Neural Information Processing Systems},
  volume={36},
  year={2024}
}

@article{gao2019sdm,
  title={SDM-NET: Deep generative network for structured deformable mesh},
  author={Gao, Lin and Yang, Jie and Wu, Tong and Yuan, Yu-Jie and Fu, Hongbo and Lai, Yu-Kun and Zhang, Hao},
  journal={ACM Transactions on Graphics (TOG)},
  volume={38},
  number={6},
  pages={1--15},
  year={2019},
  publisher={ACM New York, NY, USA}
}

@article{yang2022dsg,
  title={DSG-Net: Learning disentangled structure and geometry for 3D shape generation},
  author={Yang, Jie and Mo, Kaichun and Lai, Yu-Kun and Guibas, Leonidas J and Gao, Lin},
  journal={ACM Transactions on Graphics (TOG)},
  volume={42},
  number={1},
  pages={1--17},
  year={2022},
  publisher={ACM New York, NY}
}

@article{mo2019structurenet,
  title={Structurenet: Hierarchical graph networks for 3d shape generation},
  author={Mo, Kaichun and Guerrero, Paul and Yi, Li and Su, Hao and Wonka, Peter and Mitra, Niloy and Guibas, Leonidas J},
  journal={arXiv preprint arXiv:1908.00575},
  year={2019}
}

@inproceedings{wu2020pq,
  title={Pq-net: A generative part seq2seq network for 3d shapes},
  author={Wu, Rundi and Zhuang, Yixin and Xu, Kai and Zhang, Hao and Chen, Baoquan},
  booktitle={Proceedings of the IEEE/CVF Conference on Computer Vision and Pattern Recognition},
  pages={829--838},
  year={2020}
}

@inproceedings{nakayama2023difffacto,
  title={Difffacto: Controllable part-based 3d point cloud generation with cross diffusion},
  author={Nakayama, George Kiyohiro and Uy, Mikaela Angelina and Huang, Jiahui and Hu, Shi-Min and Li, Ke and Guibas, Leonidas},
  booktitle={Proceedings of the IEEE/CVF International Conference on Computer Vision},
  pages={14257--14267},
  year={2023}
}

@inproceedings{koo2023salad,
  title={Salad: Part-level latent diffusion for 3d shape generation and manipulation},
  author={Koo, Juil and Yoo, Seungwoo and Nguyen, Minh Hieu and Sung, Minhyuk},
  booktitle={Proceedings of the IEEE/CVF International Conference on Computer Vision},
  pages={14441--14451},
  year={2023}
}

@inproceedings{liu2024part123,
  title={Part123: Part-aware 3D Reconstruction from a Single-view Image},
  author={Liu, Anran and Lin, Cheng and Liu, Yuan and Long, Xiaoxiao and Dou, Zhiyang and Guo, Hao-Xiang and Luo, Ping and Wang, Wenping},
  booktitle={ACM SIGGRAPH 2024 Conference Papers},
  pages={1--12},
  year={2024}
}

@inproceedings{jiang2022ditto,
  title={Ditto: Building digital twins of articulated objects from interaction},
  author={Jiang, Zhenyu and Hsu, Cheng-Chun and Zhu, Yuke},
  booktitle={Proceedings of the IEEE/CVF Conference on Computer Vision and Pattern Recognition},
  pages={5616--5626},
  year={2022}
}

@inproceedings{liu2023paris,
  title={Paris: Part-level reconstruction and motion analysis for articulated objects},
  author={Liu, Jiayi and Mahdavi-Amiri, Ali and Savva, Manolis},
  booktitle={Proceedings of the IEEE/CVF International Conference on Computer Vision},
  pages={352--363},
  year={2023}
}

@article{lei2023nap,
  title={Nap: Neural 3d articulated object prior},
  author={Lei, Jiahui and Deng, Congyue and Shen, William B and Guibas, Leonidas J and Daniilidis, Kostas},
  journal={Advances in Neural Information Processing Systems},
  volume={36},
  pages={31878--31894},
  year={2023}
}

@inproceedings{liu2024cage,
  title={CAGE: Controllable Articulation GEneration},
  author={Liu, Jiayi and Tam, Hou In Ivan and Mahdavi-Amiri, Ali and Savva, Manolis},
  booktitle={Proceedings of the IEEE/CVF Conference on Computer Vision and Pattern Recognition},
  pages={17880--17889},
  year={2024}
}

@inproceedings{wang2019shape2motion,
  title={Shape2motion: Joint analysis of motion parts and attributes from 3d shapes},
  author={Wang, Xiaogang and Zhou, Bin and Shi, Yahao and Chen, Xiaowu and Zhao, Qinping and Xu, Kai},
  booktitle={Proceedings of the IEEE/CVF Conference on Computer Vision and Pattern Recognition},
  pages={8876--8884},
  year={2019}
}

@inproceedings{xiang2020sapien,
  title={Sapien: A simulated part-based interactive environment},
  author={Xiang, Fanbo and Qin, Yuzhe and Mo, Kaichun and Xia, Yikuan and Zhu, Hao and Liu, Fangchen and Liu, Minghua and Jiang, Hanxiao and Yuan, Yifu and Wang, He and others},
  booktitle={Proceedings of the IEEE/CVF conference on computer vision and pattern recognition},
  pages={11097--11107},
  year={2020}
}

@article{achiam2023gpt,
  title={Gpt-4 technical report},
  author={Achiam, Josh and Adler, Steven and Agarwal, Sandhini and Ahmad, Lama and Akkaya, Ilge and Aleman, Florencia Leoni and Almeida, Diogo and Altenschmidt, Janko and Altman, Sam and Anadkat, Shyamal and others},
  journal={arXiv preprint arXiv:2303.08774},
  year={2023}
}

@inproceedings{rombach2022high,
  title={High-resolution image synthesis with latent diffusion models},
  author={Rombach, Robin and Blattmann, Andreas and Lorenz, Dominik and Esser, Patrick and Ommer, Bj{\"o}rn},
  booktitle={Proceedings of the IEEE/CVF conference on computer vision and pattern recognition},
  pages={10684--10695},
  year={2022}
}

@inproceedings{kirillov2023segment,
  title={Segment anything},
  author={Kirillov, Alexander and Mintun, Eric and Ravi, Nikhila and Mao, Hanzi and Rolland, Chloe and Gustafson, Laura and Xiao, Tete and Whitehead, Spencer and Berg, Alexander C and Lo, Wan-Yen and others},
  booktitle={Proceedings of the IEEE/CVF International Conference on Computer Vision},
  pages={4015--4026},
  year={2023}
}

@article{takmaz2023openmask3d,
  title={Openmask3d: Open-vocabulary 3d instance segmentation},
  author={Takmaz, Ay{\c{c}}a and Fedele, Elisabetta and Sumner, Robert W and Pollefeys, Marc and Tombari, Federico and Engelmann, Francis},
  journal={arXiv preprint arXiv:2306.13631},
  year={2023}
}

@inproceedings{liu2023partslip,
  title={Partslip: Low-shot part segmentation for 3d point clouds via pretrained image-language models},
  author={Liu, Minghua and Zhu, Yinhao and Cai, Hong and Han, Shizhong and Ling, Zhan and Porikli, Fatih and Su, Hao},
  booktitle={Proceedings of the IEEE/CVF conference on computer vision and pattern recognition},
  pages={21736--21746},
  year={2023}
}

@article{li2023semantic,
  title={Semantic-sam: Segment and recognize anything at any granularity},
  author={Li, Feng and Zhang, Hao and Sun, Peize and Zou, Xueyan and Liu, Shilong and Yang, Jianwei and Li, Chunyuan and Zhang, Lei and Gao, Jianfeng},
  journal={arXiv preprint arXiv:2307.04767},
  year={2023}
}

@article{liu2023grounding,
  title={Grounding dino: Marrying dino with grounded pre-training for open-set object detection},
  author={Liu, Shilong and Zeng, Zhaoyang and Ren, Tianhe and Li, Feng and Zhang, Hao and Yang, Jie and Li, Chunyuan and Yang, Jianwei and Su, Hang and Zhu, Jun and others},
  journal={arXiv preprint arXiv:2303.05499},
  year={2023}
}

@inproceedings{li2020category,
  title={Category-level articulated object pose estimation},
  author={Li, Xiaolong and Wang, He and Yi, Li and Guibas, Leonidas J and Abbott, A Lynn and Song, Shuran},
  booktitle={Proceedings of the IEEE/CVF conference on computer vision and pattern recognition},
  pages={3706--3715},
  year={2020}
}

@article{zeng2024mars,
  title={MARS: Multimodal Active Robotic Sensing for Articulated Characterization},
  author={Zeng, Hongliang and Zhang, Ping and Wu, Chengjiong and Wang, Jiahua and Ye, Tingyu and Li, Fang},
  journal={arXiv preprint arXiv:2407.01191},
  year={2024}
}

@article{yang2023set,
  title={Set-of-mark prompting unleashes extraordinary visual grounding in gpt-4v},
  author={Yang, Jianwei and Zhang, Hao and Li, Feng and Zou, Xueyan and Li, Chunyuan and Gao, Jianfeng},
  journal={arXiv preprint arXiv:2310.11441},
  year={2023}
}

@article{du2023learning,
  title={Learning part motion of articulated objects using spatially continuous neural implicit representations},
  author={Du, Yushi and Wu, Ruihai and Shen, Yan and Dong, Hao},
  journal={arXiv preprint arXiv:2311.12407},
  year={2023}
}

@inproceedings{hsu2023ditto,
  title={Ditto in the house: Building articulation models of indoor scenes through interactive perception},
  author={Hsu, Cheng-Chun and Jiang, Zhenyu and Zhu, Yuke},
  booktitle={2023 IEEE International Conference on Robotics and Automation (ICRA)},
  pages={3933--3939},
  year={2023},
  organization={IEEE}
}

@inproceedings{gadre2021act,
  title={Act the part: Learning interaction strategies for articulated object part discovery},
  author={Gadre, Samir Yitzhak and Ehsani, Kiana and Song, Shuran},
  booktitle={Proceedings of the IEEE/CVF International Conference on Computer Vision},
  pages={15752--15761},
  year={2021}
}

@inproceedings{nie2023structure,
  title={Structure from Action: Learning Interactions for 3D Articulated Object Structure Discovery},
  author={Nie, Neil and Gadre, Samir Yitzhak and Ehsani, Kiana and Song, Shuran},
  booktitle={2023 IEEE/RSJ International Conference on Intelligent Robots and Systems (IROS)},
  pages={1222--1229},
  year={2023},
  organization={IEEE}
}

@inproceedings{wang2022adaafford,
  title={Adaafford: Learning to adapt manipulation affordance for 3d articulated objects via few-shot interactions},
  author={Wang, Yian and Wu, Ruihai and Mo, Kaichun and Ke, Jiaqi and Fan, Qingnan and Guibas, Leonidas J and Dong, Hao},
  booktitle={European conference on computer vision},
  pages={90--107},
  year={2022},
  organization={Springer}
}

@article{mandi2024real2code,
  title={Real2Code: Reconstruct Articulated Objects via Code Generation},
  author={Mandi, Zhao and Weng, Yijia and Bauer, Dominik and Song, Shuran},
  journal={arXiv preprint arXiv:2406.08474},
  year={2024}
}

@inproceedings{geng2023gapartnet,
  title={Gapartnet: Cross-category domain-generalizable object perception and manipulation via generalizable and actionable parts},
  author={Geng, Haoran and Xu, Helin and Zhao, Chengyang and Xu, Chao and Yi, Li and Huang, Siyuan and Wang, He},
  booktitle={Proceedings of the IEEE/CVF Conference on Computer Vision and Pattern Recognition},
  pages={7081--7091},
  year={2023}
}

@article{islam2024gpt,
  title={GPT-4o: The Cutting-Edge Advancement in Multimodal LLM},
  author={Islam, Raisa and Moushi, Owana Marzia},
  journal={Authorea Preprints},
  year={2024},
  publisher={Authorea}
}

@article{sucan2012open,
  title={The open motion planning library},
  author={Sucan, Ioan A and Moll, Mark and Kavraki, Lydia E},
  journal={IEEE Robotics \& Automation Magazine},
  volume={19},
  number={4},
  pages={72--82},
  year={2012},
  publisher={IEEE}
}

@article{deitke2024objaverse,
  title={Objaverse-xl: A universe of 10m+ 3d objects},
  author={Deitke, Matt and Liu, Ruoshi and Wallingford, Matthew and Ngo, Huong and Michel, Oscar and Kusupati, Aditya and Fan, Alan and Laforte, Christian and Voleti, Vikram and Gadre, Samir Yitzhak and others},
  journal={Advances in Neural Information Processing Systems},
  volume={36},
  year={2024}
}

@article{schubert2017dbscan,
  title={DBSCAN revisited, revisited: why and how you should (still) use DBSCAN},
  author={Schubert, Erich and Sander, J{\"o}rg and Ester, Martin and Kriegel, Hans Peter and Xu, Xiaowei},
  journal={ACM Transactions on Database Systems (TODS)},
  volume={42},
  number={3},
  pages={1--21},
  year={2017},
  publisher={Acm New York, NY, USA}
}

@inproceedings{huang2021multibodysync,
                title={Multibodysync: Multi-body segmentation and motion estimation via 3d scan synchronization},
                author={Huang, Jiahui and Wang, He and Birdal, Tolga and Sung, Minhyuk and Arrigoni, Federica and Hu, Shi-Min and Guibas, Leonidas J},
                booktitle={Proceedings of the IEEE/CVF Conference on Computer Vision and Pattern Recognition},
                pages={7108--7118},
                year={2021}
              }

@article{shen2021deep,
  title={Deep marching tetrahedra: a hybrid representation for high-resolution 3d shape synthesis},
  author={Shen, Tianchang and Gao, Jun and Yin, Kangxue and Liu, Ming-Yu and Fidler, Sanja},
  journal={Advances in Neural Information Processing Systems},
  volume={34},
  pages={6087--6101},
  year={2021}
}

@article{lin2024evaluating,
  title={Evaluating text-to-visual generation with image-to-text generation},
  author={Lin, Zhiqiu and Pathak, Deepak and Li, Baiqi and Li, Jiayao and Xia, Xide and Neubig, Graham and Zhang, Pengchuan and Ramanan, Deva},
  journal={arXiv preprint arXiv:2404.01291},
  year={2024}
}

@article{hessel2021clipscore,
  title={Clipscore: A reference-free evaluation metric for image captioning},
  author={Hessel, Jack and Holtzman, Ari and Forbes, Maxwell and Bras, Ronan Le and Choi, Yejin},
  journal={arXiv preprint arXiv:2104.08718},
  year={2021}
}


@inproceedings{jiang2022opd,
  title={OPD: Single-view 3D openable part detection},
  author={Jiang, Hanxiao and Mao, Yongsen and Savva, Manolis and Chang, Angel X},
  booktitle={European Conference on Computer Vision},
  pages={410--426},
  year={2022},
  organization={Springer}
}

@article{hu2017learning,
  title={Learning to predict part mobility from a single static snapshot},
  author={Hu, Ruizhen and Li, Wenchao and Van Kaick, Oliver and Shamir, Ariel and Zhang, Hao and Huang, Hui},
  journal={ACM Transactions On Graphics (TOG)},
  volume={36},
  number={6},
  pages={1--13},
  year={2017},
  publisher={ACM New York, NY, USA}
}

@inproceedings{sharf2014mobility,
  title={Mobility-trees for indoor scenes manipulation},
  author={Sharf, Andrei and Huang, Hui and Liang, Cheng and Zhang, Jiapei and Chen, Baoquan and Gong, Minglun},
  booktitle={Computer Graphics Forum},
  volume={33},
  number={1},
  pages={2--14},
  year={2014},
  organization={Wiley Online Library}
}

@inproceedings{weng2024neural,
  title={Neural Implicit Representation for Building Digital Twins of Unknown Articulated Objects},
  author={Weng, Yijia and Wen, Bowen and Tremblay, Jonathan and Blukis, Valts and Fox, Dieter and Guibas, Leonidas and Birchfield, Stan},
  booktitle={Proceedings of the IEEE/CVF Conference on Computer Vision and Pattern Recognition},
  pages={3141--3150},
  year={2024}
}

@inproceedings{wei2022self,
  title={Self-supervised neural articulated shape and appearance models},
  author={Wei, Fangyin and Chabra, Rohan and Ma, Lingni and Lassner, Christoph and Zollh{\"o}fer, Michael and Rusinkiewicz, Szymon and Sweeney, Chris and Newcombe, Richard and Slavcheva, Mira},
  booktitle={Proceedings of the IEEE/CVF Conference on Computer Vision and Pattern Recognition},
  pages={15816--15826},
  year={2022}
}

@article{liu2024survey,
  title={Survey on Modeling of Articulated Objects},
  author={Liu, Jiayi and Savva, Manolis and Mahdavi-Amiri, Ali},
  journal={arXiv preprint arXiv:2403.14937},
  year={2024}
}

@inproceedings{umam2024partdistill,
  title={PartDistill: 3D Shape Part Segmentation by Vision-Language Model Distillation},
  author={Umam, Ardian and Yang, Cheng-Kun and Chen, Min-Hung and Chuang, Jen-Hui and Lin, Yen-Yu},
  booktitle={Proceedings of the IEEE/CVF Conference on Computer Vision and Pattern Recognition},
  pages={3470--3479},
  year={2024}
}

@inproceedings{sun2024opdmulti,
  title={OPDMulti: Openable Part Detection for Multiple Objects},
  author={Sun, Xiaohao and Jiang, Hanxiao and Savva, Manolis and Chang, Angel},
  booktitle={2024 International Conference on 3D Vision (3DV)},
  pages={169--178},
  year={2024},
  organization={IEEE}
}

@article{yan2020rpm,
  title={RPM-Net: recurrent prediction of motion and parts from point cloud},
  author={Yan, Zihao and Hu, Ruizhen and Yan, Xingguang and Chen, Luanmin and Van Kaick, Oliver and Zhang, Hao and Huang, Hui},
  journal={arXiv preprint arXiv:2006.14865},
  year={2020}
}

@article{liu2022toward,
  title={Toward real-world category-level articulation pose estimation},
  author={Liu, Liu and Xue, Han and Xu, Wenqiang and Fu, Haoyuan and Lu, Cewu},
  journal={IEEE Transactions on Image Processing},
  volume={31},
  pages={1072--1083},
  year={2022},
  publisher={IEEE}
}

@article{liu2023self,
  title={Self-supervised category-level articulated object pose estimation with part-level se (3) equivariance},
  author={Liu, Xueyi and Zhang, Ji and Hu, Ruizhen and Huang, Haibin and Wang, He and Yi, Li},
  journal={arXiv preprint arXiv:2302.14268},
  year={2023}
}

@article{gao2024meshart,
  title={MeshArt: Generating Articulated Meshes with Structure-guided Transformers},
  author={Gao, Daoyi and Siddiqui, Yawar and Li, Lei and Dai, Angela},
  journal={arXiv preprint arXiv:2412.11596},
  year={2024}
}


@article{zhou2023partslip++,
  title={PartSLIP++: Enhancing Low-Shot 3D Part Segmentation via Multi-View Instance Segmentation and Maximum Likelihood Estimation},
  author={Zhou, Yuchen and Gu, Jiayuan and Li, Xuanlin and Liu, Minghua and Fang, Yunhao and Su, Hao},
  journal={arXiv preprint arXiv:2312.03015},
  year={2023}
}

@article{xue2023zerops,
  title={ZeroPS: High-quality Cross-modal Knowledge Transfer for Zero-Shot 3D Part Segmentation},
  author={Xue, Yuheng and Chen, Nenglun and Liu, Jun and Sun, Wenyun},
  journal={arXiv preprint arXiv:2311.14262},
  year={2023}
}


@article{yang2024sampart3d,
  title={Sampart3d: Segment any part in 3d objects},
  author={Yang, Yunhan and Huang, Yukun and Guo, Yuan-Chen and Lu, Liangjun and Wu, Xiaoyang and Lam, Edmund Y and Cao, Yan-Pei and Liu, Xihui},
  journal={arXiv preprint arXiv:2411.07184},
  year={2024}
}

@inproceedings{li2022grounded,
  title={Grounded language-image pre-training},
  author={Li, Liunian Harold and Zhang, Pengchuan and Zhang, Haotian and Yang, Jianwei and Li, Chunyuan and Zhong, Yiwu and Wang, Lijuan and Yuan, Lu and Zhang, Lei and Hwang, Jenq-Neng and others},
  booktitle={Proceedings of the IEEE/CVF Conference on Computer Vision and Pattern Recognition},
  pages={10965--10975},
  year={2022}
}

@article{ren2024dino,
  title={DINO-X: A Unified Vision Model for Open-World Object Detection and Understanding},
  author={Ren, Tianhe and Chen, Yihao and Jiang, Qing and Zeng, Zhaoyang and Xiong, Yuda and Liu, Wenlong and Ma, Zhengyu and Shen, Junyi and Gao, Yuan and Jiang, Xiaoke and others},
  journal={arXiv preprint arXiv:2411.14347},
  year={2024}
}

@article{landrieu2017cut,
  title={Cut pursuit: Fast algorithms to learn piecewise constant functions on general weighted graphs},
  author={Landrieu, Loic and Obozinski, Guillaume},
  journal={SIAM Journal on Imaging Sciences},
  volume={10},
  number={4},
  pages={1724--1766},
  year={2017},
  publisher={SIAM}
}

@inproceedings{huang20242d,
  title={2d gaussian splatting for geometrically accurate radiance fields},
  author={Huang, Binbin and Yu, Zehao and Chen, Anpei and Geiger, Andreas and Gao, Shenghua},
  booktitle={ACM SIGGRAPH 2024 conference papers},
  pages={1--11},
  year={2024}
}

@inproceedings{bao2023dexart,
  title={Dexart: Benchmarking generalizable dexterous manipulation with articulated objects},
  author={Bao, Chen and Xu, Helin and Qin, Yuzhe and Wang, Xiaolong},
  booktitle={Proceedings of the IEEE/CVF Conference on Computer Vision and Pattern Recognition},
  pages={21190--21200},
  year={2023}
}