@article{chen2024urdformer,
  title={URDFormer: A Pipeline for Constructing Articulated Simulation Environments from Real-World Images},
  author={Chen, Zoey and Walsman, Aaron and Memmel, Marius and Mo, Kaichun and Fang, Alex and Vemuri, Karthikeya and Wu, Alan and Fox, Dieter and Gupta, Abhishek},
  journal={arXiv preprint arXiv:2405.11656},
  year={2024}
}

@inproceedings{gadre2021act,
  title={Act the part: Learning interaction strategies for articulated object part discovery},
  author={Gadre, Samir Yitzhak and Ehsani, Kiana and Song, Shuran},
  booktitle={Proceedings of the IEEE/CVF International Conference on Computer Vision},
  pages={15752--15761},
  year={2021}
}

@article{gao2019sdm,
  title={SDM-NET: Deep generative network for structured deformable mesh},
  author={Gao, Lin and Yang, Jie and Wu, Tong and Yuan, Yu-Jie and Fu, Hongbo and Lai, Yu-Kun and Zhang, Hao},
  journal={ACM Transactions on Graphics (TOG)},
  volume={38},
  number={6},
  pages={1--15},
  year={2019},
  publisher={ACM New York, NY, USA}
}

@inproceedings{geng2023gapartnet,
  title={Gapartnet: Cross-category domain-generalizable object perception and manipulation via generalizable and actionable parts},
  author={Geng, Haoran and Xu, Helin and Zhao, Chengyang and Xu, Chao and Yi, Li and Huang, Siyuan and Wang, He},
  booktitle={Proceedings of the IEEE/CVF Conference on Computer Vision and Pattern Recognition},
  pages={7081--7091},
  year={2023}
}

@inproceedings{hsu2023ditto,
  title={Ditto in the house: Building articulation models of indoor scenes through interactive perception},
  author={Hsu, Cheng-Chun and Jiang, Zhenyu and Zhu, Yuke},
  booktitle={2023 IEEE International Conference on Robotics and Automation (ICRA)},
  pages={3933--3939},
  year={2023},
  organization={IEEE}
}

@inproceedings{huang2021multibodysync,
                title={Multibodysync: Multi-body segmentation and motion estimation via 3d scan synchronization},
                author={Huang, Jiahui and Wang, He and Birdal, Tolga and Sung, Minhyuk and Arrigoni, Federica and Hu, Shi-Min and Guibas, Leonidas J},
                booktitle={Proceedings of the IEEE/CVF Conference on Computer Vision and Pattern Recognition},
                pages={7108--7118},
                year={2021}
              }

@inproceedings{jiang2022ditto,
  title={Ditto: Building digital twins of articulated objects from interaction},
  author={Jiang, Zhenyu and Hsu, Cheng-Chun and Zhu, Yuke},
  booktitle={Proceedings of the IEEE/CVF Conference on Computer Vision and Pattern Recognition},
  pages={5616--5626},
  year={2022}
}

@inproceedings{jiang2022opd,
  title={OPD: Single-view 3D openable part detection},
  author={Jiang, Hanxiao and Mao, Yongsen and Savva, Manolis and Chang, Angel X},
  booktitle={European Conference on Computer Vision},
  pages={410--426},
  year={2022},
  organization={Springer}
}

@inproceedings{kirillov2023segment,
  title={Segment anything},
  author={Kirillov, Alexander and Mintun, Eric and Ravi, Nikhila and Mao, Hanzi and Rolland, Chloe and Gustafson, Laura and Xiao, Tete and Whitehead, Spencer and Berg, Alexander C and Lo, Wan-Yen and others},
  booktitle={Proceedings of the IEEE/CVF International Conference on Computer Vision},
  pages={4015--4026},
  year={2023}
}

@inproceedings{koo2023salad,
  title={Salad: Part-level latent diffusion for 3d shape generation and manipulation},
  author={Koo, Juil and Yoo, Seungwoo and Nguyen, Minh Hieu and Sung, Minhyuk},
  booktitle={Proceedings of the IEEE/CVF International Conference on Computer Vision},
  pages={14441--14451},
  year={2023}
}

@article{lei2023nap,
  title={Nap: Neural 3d articulated object prior},
  author={Lei, Jiahui and Deng, Congyue and Shen, William B and Guibas, Leonidas J and Daniilidis, Kostas},
  journal={Advances in Neural Information Processing Systems},
  volume={36},
  pages={31878--31894},
  year={2023}
}

@inproceedings{li2020category,
  title={Category-level articulated object pose estimation},
  author={Li, Xiaolong and Wang, He and Yi, Li and Guibas, Leonidas J and Abbott, A Lynn and Song, Shuran},
  booktitle={Proceedings of the IEEE/CVF conference on computer vision and pattern recognition},
  pages={3706--3715},
  year={2020}
}

@article{liu2022toward,
  title={Toward real-world category-level articulation pose estimation},
  author={Liu, Liu and Xue, Han and Xu, Wenqiang and Fu, Haoyuan and Lu, Cewu},
  journal={IEEE Transactions on Image Processing},
  volume={31},
  pages={1072--1083},
  year={2022},
  publisher={IEEE}
}

@inproceedings{liu2023paris,
  title={Paris: Part-level reconstruction and motion analysis for articulated objects},
  author={Liu, Jiayi and Mahdavi-Amiri, Ali and Savva, Manolis},
  booktitle={Proceedings of the IEEE/CVF International Conference on Computer Vision},
  pages={352--363},
  year={2023}
}

@article{liu2023self,
  title={Self-supervised category-level articulated object pose estimation with part-level se (3) equivariance},
  author={Liu, Xueyi and Zhang, Ji and Hu, Ruizhen and Huang, Haibin and Wang, He and Yi, Li},
  journal={arXiv preprint arXiv:2302.14268},
  year={2023}
}

@inproceedings{liu2024cage,
  title={CAGE: Controllable Articulation GEneration},
  author={Liu, Jiayi and Tam, Hou In Ivan and Mahdavi-Amiri, Ali and Savva, Manolis},
  booktitle={Proceedings of the IEEE/CVF Conference on Computer Vision and Pattern Recognition},
  pages={17880--17889},
  year={2024}
}

@inproceedings{liu2024part123,
  title={Part123: Part-aware 3D Reconstruction from a Single-view Image},
  author={Liu, Anran and Lin, Cheng and Liu, Yuan and Long, Xiaoxiao and Dou, Zhiyang and Guo, Hao-Xiang and Luo, Ping and Wang, Wenping},
  booktitle={ACM SIGGRAPH 2024 Conference Papers},
  pages={1--12},
  year={2024}
}

@article{liu2024survey,
  title={Survey on Modeling of Articulated Objects},
  author={Liu, Jiayi and Savva, Manolis and Mahdavi-Amiri, Ali},
  journal={arXiv preprint arXiv:2403.14937},
  year={2024}
}

@article{mandi2024real2code,
  title={Real2Code: Reconstruct Articulated Objects via Code Generation},
  author={Mandi, Zhao and Weng, Yijia and Bauer, Dominik and Song, Shuran},
  journal={arXiv preprint arXiv:2406.08474},
  year={2024}
}

@article{mo2019structurenet,
  title={Structurenet: Hierarchical graph networks for 3d shape generation},
  author={Mo, Kaichun and Guerrero, Paul and Yi, Li and Su, Hao and Wonka, Peter and Mitra, Niloy and Guibas, Leonidas J},
  journal={arXiv preprint arXiv:1908.00575},
  year={2019}
}

@inproceedings{nakayama2023difffacto,
  title={Difffacto: Controllable part-based 3d point cloud generation with cross diffusion},
  author={Nakayama, George Kiyohiro and Uy, Mikaela Angelina and Huang, Jiahui and Hu, Shi-Min and Li, Ke and Guibas, Leonidas},
  booktitle={Proceedings of the IEEE/CVF International Conference on Computer Vision},
  pages={14257--14267},
  year={2023}
}

@inproceedings{nie2023structure,
  title={Structure from Action: Learning Interactions for 3D Articulated Object Structure Discovery},
  author={Nie, Neil and Gadre, Samir Yitzhak and Ehsani, Kiana and Song, Shuran},
  booktitle={2023 IEEE/RSJ International Conference on Intelligent Robots and Systems (IROS)},
  pages={1222--1229},
  year={2023},
  organization={IEEE}
}

@inproceedings{sun2024opdmulti,
  title={OPDMulti: Openable Part Detection for Multiple Objects},
  author={Sun, Xiaohao and Jiang, Hanxiao and Savva, Manolis and Chang, Angel},
  booktitle={2024 International Conference on 3D Vision (3DV)},
  pages={169--178},
  year={2024},
  organization={IEEE}
}

@inproceedings{wang2022adaafford,
  title={Adaafford: Learning to adapt manipulation affordance for 3d articulated objects via few-shot interactions},
  author={Wang, Yian and Wu, Ruihai and Mo, Kaichun and Ke, Jiaqi and Fan, Qingnan and Guibas, Leonidas J and Dong, Hao},
  booktitle={European conference on computer vision},
  pages={90--107},
  year={2022},
  organization={Springer}
}

@inproceedings{wei2022self,
  title={Self-supervised neural articulated shape and appearance models},
  author={Wei, Fangyin and Chabra, Rohan and Ma, Lingni and Lassner, Christoph and Zollh{\"o}fer, Michael and Rusinkiewicz, Szymon and Sweeney, Chris and Newcombe, Richard and Slavcheva, Mira},
  booktitle={Proceedings of the IEEE/CVF Conference on Computer Vision and Pattern Recognition},
  pages={15816--15826},
  year={2022}
}

@inproceedings{weng2024neural,
  title={Neural Implicit Representation for Building Digital Twins of Unknown Articulated Objects},
  author={Weng, Yijia and Wen, Bowen and Tremblay, Jonathan and Blukis, Valts and Fox, Dieter and Guibas, Leonidas and Birchfield, Stan},
  booktitle={Proceedings of the IEEE/CVF Conference on Computer Vision and Pattern Recognition},
  pages={3141--3150},
  year={2024}
}

@inproceedings{wu2020pq,
  title={Pq-net: A generative part seq2seq network for 3d shapes},
  author={Wu, Rundi and Zhuang, Yixin and Xu, Kai and Zhang, Hao and Chen, Baoquan},
  booktitle={Proceedings of the IEEE/CVF Conference on Computer Vision and Pattern Recognition},
  pages={829--838},
  year={2020}
}

@article{yan2020rpm,
  title={RPM-Net: recurrent prediction of motion and parts from point cloud},
  author={Yan, Zihao and Hu, Ruizhen and Yan, Xingguang and Chen, Luanmin and Van Kaick, Oliver and Zhang, Hao and Huang, Hui},
  journal={arXiv preprint arXiv:2006.14865},
  year={2020}
}

@article{yang2022dsg,
  title={DSG-Net: Learning disentangled structure and geometry for 3D shape generation},
  author={Yang, Jie and Mo, Kaichun and Lai, Yu-Kun and Guibas, Leonidas J and Gao, Lin},
  journal={ACM Transactions on Graphics (TOG)},
  volume={42},
  number={1},
  pages={1--17},
  year={2022},
  publisher={ACM New York, NY}
}

