@inproceedings{zhang2022self,
title = {Self-Supervised Contrastive Pre-Training For Time Series via Time-Frequency Consistency},
author = {Zhang, Xiang and Zhao, Ziyuan and Tsiligkaridis, Theodoros and Zitnik, Marinka},
booktitle = {NeurIPS},
year      = {2022}
}
@article{li2023ti-TiMAE,
  title={Ti-MAE: Self-Supervised Masked Time Series Autoencoders},
  author={Li, Zhe and Rao, Zhongwen and Pan, Lujia and Wang, Pengyun and Xu, Zenglin},
  journal={arXiv preprint arXiv:2301.08871},
  year={2023}
}
@inproceedings{zaheer2017deep,
  title={Deep sets},
  author={Zaheer, Manzil and Kottur, Satwik and Ravanbakhsh, Siamak and Poczos, Barnabas and Salakhutdinov, Russ R and Smola, Alexander J},
  booktitle={NeurIPS},
  year={2017}
}

@inproceedings{qi2017pointnet,
  title={Pointnet: Deep learning on point sets for 3d classification and segmentation},
  author={Qi, Charles R and Su, Hao and Mo, Kaichun and Guibas, Leonidas J},
  booktitle={CVPR},
  year={2017}
}
@inproceedings{lessmeier2016condition-FD-B,
  title={Condition monitoring of bearing damage in electromechanical drive systems by using motor current signals of electric motors: A benchmark data set for data-driven classification},
  author={Lessmeier, Christian and Kimotho, James Kuria and Zimmer, Detmar and Sextro, Walter},
  booktitle={PHM},
  year={2016}
}

@inproceedings{liu2009uwave-Gesture,
  title={uWave: Accelerometer-based personalized gesture recognition and its applications},
  author={Liu, Jiayang and Zhong, Lin and Wickramasuriya, Jehan and Vasudevan, Venu},
  booktitle={PMC},
  year={2009},
}

@article{physiobank2000physionet-EMG,
  title={PhysioNet: components of a new research resource for complex physiologic signals},
  author={PhysioBank, PhysioToolkit},
  journal={Circulation},
  year={2000}
}


@article{andrzejak2001indications-EPILEPSY,
  title={Indications of nonlinear deterministic and finite-dimensional structures in time series of brain electrical activity: Dependence on recording region and brain state},
  author={Andrzejak, Ralph G and Lehnertz, Klaus and Mormann, Florian and Rieke, Christoph and David, Peter and Elger, Christian E},
  journal={Physical Review E},
  year={2001},
}

@article{kemp2000analysis-sleepeeg,
  title={Analysis of a sleep-dependent neuronal feedback loop: the slow-wave microcontinuity of the EEG},
  author={Kemp, Bob and Zwinderman, Aeilko H and Tuk, Bert and Kamphuisen, Hilbert AC and Oberye, Josefien JL},
  journal={TBME},
  year={2000},
}

@article{vietoris1927hoheren,
  title={{\"U}ber den h{\"o}heren Zusammenhang kompakter R{\"a}ume und eine Klasse von zusammenhangstreuen Abbildungen},
  author={Vietoris, Leopold},
  journal={Mathematische Annalen},
  year={1927},
  publisher={Springer}
}
@inproceedings{takens2006detecting,
  title={Detecting strange attractors in turbulence},
  author={Takens, Floris},
  booktitle={Dynamical Systems and Turbulence, Warwick 1980: proceedings of a symposium held at the University of Warwick 1979/80},
  year={2006},
  organization={Springer}
}

@inproceedings{liu2024timesurl,
  title={Timesurl: Self-supervised contrastive learning for universal time series representation learning},
  author={Liu, Jiexi and Chen, Songcan},
  booktitle={AAAI},
  year={2024}
}
@article{maletic2016persistent,
  title={Persistent topological features of dynamical systems},
  author={Maleti{\'c}, Slobodan and Zhao, Yi and Rajkovi{\'c}, Milan},
  journal={Chaos: An Interdisciplinary Journal of Nonlinear Science},
  volume={26},
  number={5},
  year={2016},
  publisher={AIP Publishing}
}
@inproceedings{
    woo2022cost,
    title={Co{ST}: Contrastive Learning of Disentangled Seasonal-Trend Representations for Time Series Forecasting},
    author={Gerald Woo and Chenghao Liu and Doyen Sahoo and Akshat Kumar and Steven Hoi},
    booktitle={ICLR},
    year={2022},
    url={https://openreview.net/forum?id=PilZY3omXV2}
}


@inproceedings{luo2023time, title={Time Series Contrastive Learning with Information-Aware Augmentations}, author={Dongsheng Luo and Wei Cheng and Yingheng Wang and Dongkuan Xu and Jingchao Ni and Wenchao Yu and Xuchao Zhang and Yanchi Liu and Yuncong Chen and Haifeng Chen and Xiang Zhang}, booktitle={AAAI}, year={2023} }

@inproceedings{carriere2020perslay,
  title={Perslay: A neural network layer for persistence diagrams and new graph topological signatures},
  author={Carri{\`e}re, Mathieu and Chazal, Fr{\'e}d{\'e}ric and Ike, Yuichi and Lacombe, Th{\'e}o and Royer, Martin and Umeda, Yuhei},
  booktitle={AISTATS},
  year={2020},
}

@inproceedings{hofer2017deep,
  title={Deep learning with topological signatures},
  author={Hofer, Christoph and Kwitt, Roland and Niethammer, Marc and Uhl, Andreas},
  booktitle={NeurIPS},
  year={2017}
}
@inproceedings{dong2024simmtm,
  title={Simmtm: A simple pre-training framework for masked time-series modeling},
  author={Dong, Jiaxiang and Wu, Haixu and Zhang, Haoran and Zhang, Li and Wang, Jianmin and Long, Mingsheng},
  booktitle={NeurIPS},
  year={2024}
}
@article{wickstrom2022mixing,
  title={Mixing up contrastive learning: Self-supervised representation learning for time series},
  author={Wickstr{\o}m, Kristoffer and Kampffmeyer, Michael and Mikalsen, Karl {\O}yvind and Jenssen, Robert},
  journal={Pattern Recognition Letters},
  volume={155},
  pages={54--61},
  year={2022},
  publisher={Elsevier}
}

@inproceedings{yue2022ts2vec,
  title={Ts2vec: Towards universal representation of time series},
  author={Yue, Zhihan and Wang, Yujing and Duan, Juanyong and Yang, Tianmeng and Huang, Congrui and Tong, Yunhai and Xu, Bixiong},
  booktitle={AAAI},
  year={2022}
}

@inproceedings{hofer2019connectivity,
  title={Connectivity-optimized representation learning via persistent homology},
  author={Hofer, Christoph and Kwitt, Roland and Niethammer, Marc and Dixit, Mandar},
  booktitle={ICML},
  year={2019},
}

@inproceedings{kim2020pllay,
  title={Pllay: Efficient topological layer based on persistent landscapes},
  author={Kim, Kwangho and Kim, Jisu and Zaheer, Manzil and Kim, Joon and Chazal, Fr{\'e}d{\'e}ric and Wasserman, Larry},
  booktitle={NerIPS},
  year={2020}
}

@inproceedings{moor2020topological,
  title={Topological autoencoders},
  author={Moor, Michael and Horn, Max and Rieck, Bastian and Borgwardt, Karsten},
  booktitle={ICML},
  year={2020},
}

@inproceedings{bubenik2020persistence,
  title={The persistence landscape and some of its properties},
  author={Bubenik, Peter},
  booktitle={Topological Data Analysis: The Abel Symposium 2018},
  pages={97--117},
  year={2020},
  organization={Springer}
}

@inproceedings{zhu2016stochastic,
  title={Stochastic Multiresolution Persistent Homology Kernel.},
  author={Zhu, Xiaojin and Vartanian, Ara and Bansal, Manish and Nguyen, Duy and Brandl, Luke},
  booktitle={IJCAI},
  year={2016}
}

@article{padellini2021supervised,
  title={Supervised learning with indefinite topological Kernels},
  author={Padellini, Tullia and Brutti, Pierpaolo},
  journal={Statistics},
  volume={55},
  number={4},
  pages={765--786},
  year={2021},
  publisher={Taylor \& Francis}
}

@article{adams2017persistence,
  title={Persistence images: A stable vector representation of persistent homology},
  author={Adams, Henry and Emerson, Tegan and Kirby, Michael and Neville, Rachel and Peterson, Chris and Shipman, Patrick and Chepushtanova, Sofya and Hanson, Eric and Motta, Francis and Ziegelmeier, Lori},
  journal={Journal of Machine Learning Research},
  volume={18},
  number={8},
  pages={1--35},
  year={2017}
}

@article{bubenik2015statistical,
  title={Statistical topological data analysis using persistence landscapes.},
  author={Bubenik, Peter and others},
  journal={J. Mach. Learn. Res.},
  volume={16},
  number={1},
  pages={77--102},
  year={2015}
}
@inproceedings{reed2016generative,
  title={Generative adversarial text to image synthesis},
  author={Reed, Scott and Akata, Zeynep and Yan, Xinchen and Logeswaran, Lajanugen and Schiele, Bernt and Lee, Honglak},
  booktitle={ICML},
  year={2016}
}

@article{carlsson2009topology,
  title={Topology and data},
  author={Carlsson, Gunnar},
  journal={Bulletin of the American Mathematical Society},
  volume={46},
  number={2},
  pages={255--308},
  year={2009}
}

@inproceedings{cohen2005stability,
  title={Stability of persistence diagrams},
  author={Cohen-Steiner, David and Edelsbrunner, Herbert and Harer, John},
  booktitle={Proceedings of the twenty-first annual symposium on Computational geometry},
  pages={263--271},
  year={2005}
}


@inproceedings{DBLP:conf/aaai/MengQLCX023,
  author       = {Qianwen Meng and
                  Hangwei Qian and
                  Yong Liu and
                  Lizhen Cui and
                  Yonghui Xu and
                  Zhiqi Shen},
  title        = {{MHCCL:} Masked Hierarchical Cluster-Wise Contrastive Learning for
                  Multivariate Time Series},
  booktitle    = {AAAI},
  year         = {2023}
}
@inproceedings{TLoss,
 author = {Franceschi, Jean-Yves and Dieuleveut, Aymeric and Jaggi, Martin},
 booktitle = {NeurIPS},
 title = {Unsupervised Scalable Representation Learning for Multivariate Time Series},
 year = {2019}
}

@inproceedings{TNC,
title={Unsupervised Representation Learning for Time Series with Temporal Neighborhood Coding},
author={Sana Tonekaboni and Danny Eytan and Anna Goldenberg},
booktitle={ICLR},
year={2021},
}

@inproceedings{TCL,
 author = {Hyvarinen, Aapo and Morioka, Hiroshi},
 booktitle = {NeurIPS},
 title = {Unsupervised Feature Extraction by Time-Contrastive Learning and Nonlinear ICA},
 year = {2016}
}

@article{TCN,
  author    = {Shaojie Bai and
               J. Zico Kolter and
               Vladlen Koltun},
  title     = {An Empirical Evaluation of Generic Convolutional and Recurrent Networks
               for Sequence Modeling},
  journal   = {CoRR},
  volume    = {abs/1803.01271},
  year      = {2018},
  url       = {http://arxiv.org/abs/1803.01271},
  archivePrefix = {arXiv},
  eprint    = {1803.01271},
}

@article{ResNet,
  author    = {Kaiming He and
               Xiangyu Zhang and
               Shaoqing Ren and
               Jian Sun},
  title     = {Deep Residual Learning for Image Recognition},
  journal   = {CoRR},
  volume    = {abs/1512.03385},
  year      = {2015},
  url       = {http://arxiv.org/abs/1512.03385},
  archivePrefix = {arXiv},
  eprint    = {1512.03385},
  timestamp = {Wed, 17 Apr 2019 17:23:45 +0200},
  biburl    = {https://dblp.org/rec/journals/corr/HeZRS15.bib},
  bibsource = {dblp computer science bibliography, https://dblp.org}
}

@article{GELU,
  author    = {Dan Hendrycks and
               Kevin Gimpel},
  title     = {Bridging Nonlinearities and Stochastic Regularizers with Gaussian
               Error Linear Units},
  journal   = {CoRR},
  volume    = {abs/1606.08415},
  year      = {2016},
  url       = {http://arxiv.org/abs/1606.08415},
  archivePrefix = {arXiv},
  eprint    = {1606.08415},
  timestamp = {Mon, 13 Aug 2018 16:46:20 +0200},
  biburl    = {https://dblp.org/rec/journals/corr/HendrycksG16.bib},
  bibsource = {dblp computer science bibliography, https://dblp.org}
}

@article{CPC,
  author    = {A{\"{a}}ron van den Oord and
               Yazhe Li and
               Oriol Vinyals},
  title     = {Representation Learning with Contrastive Predictive Coding},
  journal   = {CoRR},
  volume    = {abs/1807.03748},
  year      = {2018},
  url       = {http://arxiv.org/abs/1807.03748},
  archivePrefix = {arXiv},
  eprint    = {1807.03748},
  timestamp = {Mon, 13 Aug 2018 16:48:25 +0200},
  biburl    = {https://dblp.org/rec/journals/corr/abs-1807-03748.bib},
  bibsource = {dblp computer science bibliography, https://dblp.org}
}

@inproceedings{AdamW,
title={Decoupled Weight Decay Regularization},
author={Ilya Loshchilov and Frank Hutter},
booktitle={International Conference on Learning Representations},
year={2019},
url={https://openreview.net/forum?id=Bkg6RiCqY7},
}

@inproceedings{SAG,
  title={Averaging weights leads to wider optima and better generalization},
  author={Izmailov, Pavel and Podoprikhin, Dmitrii and Garipov, Timur and Vetrov, Dmitry and Wilson, Andrew Gordon},
  booktitle={34th Conference on Uncertainty in Artificial Intelligence 2018, UAI 2018},
  pages={876--885},
  year={2018},
  organization={Association For Uncertainty in Artificial Intelligence (AUAI)}
}

@inproceedings{Informer,
  author    = {Haoyi Zhou and
               Shanghang Zhang and
               Jieqi Peng and
               Shuai Zhang and
               Jianxin Li and
               Hui Xiong and
               Wancai Zhang},
  title     = {Informer: Beyond Efficient Transformer for Long Sequence Time-Series Forecasting},
  booktitle = {AAAI},
  year      = {2021},
}

@inproceedings{LogTrans,
 author = {Li, Shiyang and Jin, Xiaoyong and Xuan, Yao and Zhou, Xiyou and Chen, Wenhu and Wang, Yu-Xiang and Yan, Xifeng},
 booktitle = {NeurIPS},
 title = {Enhancing the Locality and Breaking the Memory Bottleneck of Transformer on Time Series Forecasting},
 year = {2019}
}

@inproceedings{StemGNN,
 author = {Cao, Defu and Wang, Yujing and Duan, Juanyong and Zhang, Ce and Zhu, Xia and Huang, Congrui and Tong, Yunhai and Xu, Bixiong and Bai, Jing and Tong, Jie and Zhang, Qi},
 booktitle = {NeurIPS},
 title = {Spectral Temporal Graph Neural Network for Multivariate Time-series Forecasting},
 year = {2020}
}

@article{transformer,
  title={Attention is all you need},
  author={Vaswani, Ashish and Shazeer, Noam and Parmar, Niki and Uszkoreit, Jakob and Jones, Llion and Gomez, Aidan N and Kaiser, Lukasz and Polosukhin, Illia},
  journal={arXiv preprint arXiv:1706.03762},
  year={2017}
}

@article{CDDiagram,
  title={Statistical comparisons of classifiers over multiple data sets},
  author={Dem{\v{s}}ar, Janez},
  journal={The Journal of Machine Learning Research},
  volume={7},
  pages={1--30},
  year={2006},
  publisher={JMLR.org}
}

@article{AR,
  title={A new approach to linear filtering and prediction problems},
  author={Kalman, Rudolph Emil},
  year={1960}
}

@article{exponential,
  title={Exponential smoothing: The state of the art},
  author={Gardner Jr, Everette S},
  journal={Journal of forecasting},
  volume={4},
  number={1},
  pages={1--28},
  year={1985},
  publisher={Wiley Online Library}
}

@article{structuralmodels,
  title={Forecasting, structural time series models and the Kalman filter},
  author={Harvey, Andrew C},
  year={1990},
  publisher={Cambridge university press}
}

@inproceedings{gao2021simcse,
    title = "{S}im{CSE}: Simple Contrastive Learning of Sentence Embeddings",
    author = "Gao, Tianyu  and
      Yao, Xingcheng  and
      Chen, Danqi",
    booktitle = "EMNLP",
    month = nov,
    year = "2021",
}
@inproceedings{logeswaran2018efficient,
title={An efficient framework for learning sentence representations},
author={Lajanugen Logeswaran and Honglak Lee},
booktitle={ICLR},
year={2018}}

@inproceedings{simclr,
  title={A simple framework for contrastive learning of visual representations},
  author={Chen, Ting and Kornblith, Simon and Norouzi, Mohammad and Hinton, Geoffrey},
  booktitle={ICLR},
  year={2020}
}
@inproceedings{wang2020dense,
  title={Dense Contrastive Learning for Self-Supervised Visual Pre-Training},
  author={Wang, Xinlong and Zhang, Rufeng and Shen, Chunhua and Kong, Tao and Li, Lei},
  booktitle =  {CVPR},
  year={2021}
}

@article{xu2020hierarchical,
  title={Hierarchical Semantic Aggregation for Contrastive Representation Learning},
  author={Xu, Haohang and Zhang, Xiaopeng and Li, Hao and Xie, Lingxi and Xiong, Hongkai and Tian, Qi},
  journal={arXiv preprint arXiv:2012.02733},
  year={2020}
}
@inproceedings{pinheiro2020unsupervised,
 author = {O. Pinheiro, Pedro O and Almahairi, Amjad and Benmalek, Ryan and Golemo, Florian and Courville, Aaron C},
 booktitle = {NeurIPS},
 title = {Unsupervised Learning of Dense Visual Representations},
 year = {2020}
}

@inproceedings{nbeats,
  title={{N-BEATS}: Neural basis expansion analysis for interpretable time series forecasting},
  author={Oreshkin, Boris N and Carpov, Dmitri and Chapados, Nicolas and Bengio, Yoshua},
  booktitle={ICLR},
  year={2019}
}

@inproceedings{LSTnet,
  title={Modeling long-and short-term temporal patterns with deep neural networks},
  author={Lai, Guokun and Chang, Wei-Cheng and Yang, Yiming and Liu, Hanxiao},
  booktitle={SIGIR},
  year={2018}
}

@inproceedings{lei2017similarity,
  title={Similarity Preserving Representation Learning for Time Series Clustering.},
  author={Lei, Qi and Yi, Jinfeng and Vaculin, Roman and Wu, Lingfei and Dhillon, Inderjit S},
  booktitle={IJCAI},
  year={2019}
}

@article{malhotra2017timenet,
  title={{TimeNet}: Pre-trained deep recurrent neural network for time series classification},
  author={Malhotra, Pankaj and TV, Vishnu and Vig, Lovekesh and Agarwal, Puneet and Shroff, Gautam},
  journal={arXiv preprint arXiv:1706.08838},
  year={2017}
}

@article{lyu2018improving,
  title={Improving clinical predictions through unsupervised time series representation learning},
  author={Lyu, Xinrui and Hueser, Matthias and Hyland, Stephanie L and Zerveas, George and Raetsch, Gunnar},
  journal={arXiv preprint arXiv:1812.00490},
  year={2018}
}

@article{cui2016multi,
  title={Multi-scale convolutional neural networks for time series classification},
  author={Cui, Zhicheng and Chen, Wenlin and Chen, Yixin},
  journal={arXiv preprint arXiv:1603.06995},
  year={2016}
}

@article{yang200610,
  title={10 challenging problems in data mining research},
  author={Yang, Qiang and Wu, Xindong},
  journal={International Journal of Information Technology \& Decision Making},
  volume={5},
  number={04},
  pages={597--604},
  year={2006},
  publisher={World Scientific}
}

@article{peters2018ELMO,
  title={Deep contextualized word representations},
  author={Peters, Matthew E and Neumann, Mark and Iyyer, Mohit and Gardner, Matt and Clark, Christopher and Lee, Kenton and Zettlemoyer, Luke},
  journal={arXiv preprint arXiv:1802.05365},
  year={2018}
}

@article{devlin2018bert,
  title={Bert: Pre-training of deep bidirectional transformers for language understanding},
  author={Devlin, Jacob and Chang, Ming-Wei and Lee, Kenton and Toutanova, Kristina},
  journal={arXiv preprint arXiv:1810.04805},
  year={2018}
}

@article{liu2019roberta,
  title={Roberta: A robustly optimized bert pretraining approach},
  author={Liu, Yinhan and Ott, Myle and Goyal, Naman and Du, Jingfei and Joshi, Mandar and Chen, Danqi and Levy, Omer and Lewis, Mike and Zettlemoyer, Luke and Stoyanov, Veselin},
  journal={arXiv preprint arXiv:1907.11692},
  year={2019}
}

@article{yang2019xlnet,
  title={Xlnet: Generalized autoregressive pretraining for language understanding},
  author={Yang, Zhilin and Dai, Zihang and Yang, Yiming and Carbonell, Jaime and Salakhutdinov, Ruslan and Le, Quoc V},
  journal={arXiv preprint arXiv:1906.08237},
  year={2019}
}

@inproceedings{ma2019dtcr,
  title={Learning representations for time series clustering},
  author={Ma, Qianli and Zheng, Jiawei and Li, Sen and Cottrell, Gary W},
  booktitle={NeurIPS},
  year={2019}
}

@article{UCRArchive2018,
  title={The UCR time series archive},
  author={Dau, Hoang Anh and Bagnall, Anthony and Kamgar, Kaveh and Yeh, Chin-Chia Michael and Zhu, Yan and Gharghabi, Shaghayegh and Ratanamahatana, Chotirat Ann and Keogh, Eamonn},
  journal={IEEE/CAA Journal of Automatica Sinica},
  volume={6},
  number={6},
  pages={1293--1305},
  year={2019},
  publisher={IEEE}
}

@article{UEAArchive,
  author    = {Anthony J. Bagnall and
               Hoang Anh Dau and
               Jason Lines and
               Michael Flynn and
               James Large and
               Aaron Bostrom and
               Paul Southam and
               Eamonn J. Keogh},
  title     = {The {UEA} multivariate time series classification archive, 2018},
  journal   = {CoRR},
  volume    = {abs/1811.00075},
  year      = {2018},
  url       = {http://arxiv.org/abs/1811.00075},
  archivePrefix = {arXiv},
  eprint    = {1811.00075},
  timestamp = {Thu, 22 Nov 2018 17:58:30 +0100},
  biburl    = {https://dblp.org/rec/journals/corr/abs-1811-00075.bib},
  bibsource = {dblp computer science bibliography, https://dblp.org}
}

@inproceedings{RWS,
  title={Random warping series: A random features method for time-series embedding},
  author={Wu, Lingfei and Yen, Ian En-Hsu and Yi, Jinfeng and Xu, Fangli and Lei, Qi and Witbrock, Michael},
  booktitle={International Conference on Artificial Intelligence and Statistics},
  pages={793--802},
  year={2018},
  organization={PMLR}
}

@inproceedings{wang2017time,
  title={Time series classification from scratch with deep neural networks: A strong baseline},
  author={Wang, Zhiguang and Yan, Weizhong and Oates, Tim},
  booktitle={IJCNN},
  year={2017},
  organization={IEEE}
}

@article{fawaz2019deep,
  title={Deep learning for time series classification: a review},
  author={Fawaz, Hassan Ismail and Forestier, Germain and Weber, Jonathan and Idoumghar, Lhassane and Muller, Pierre-Alain},
  journal={Data Mining and Knowledge Discovery},
  volume={33},
  number={4},
  pages={917--963},
  year={2019},
  publisher={Springer}
}

@inproceedings{ariyo2014arima,
  title={Stock price prediction using the {ARIMA} model},
  author={Ariyo, Adebiyi A and Adewumi, Adewumi O and Ayo, Charles K},
  booktitle={2014 UKSim-AMSS 16th International Conference on Computer Modelling and Simulation},
  pages={106--112},
  year={2014},
  organization={IEEE}
}
@article{DeepAR,
  title={{DeepAR}: Probabilistic forecasting with autoregressive recurrent networks},
  author={Salinas, David and Flunkert, Valentin and Gasthaus, Jan and Januschowski, Tim},
  journal={International Journal of Forecasting},
  volume={36},
  number={3},
  pages={1181--1191},
  year={2020},
  publisher={Elsevier}
}
@article{wen2017mqrnn,
  title={A multi-horizon quantile recurrent forecaster},
  author={Wen, Ruofeng and Torkkola, Kari and Narayanaswamy, Balakrishnan and Madeka, Dhruv},
  journal={arXiv preprint arXiv:1711.11053},
  year={2017}
}

@article{wan2019mtcn,
  title={Multivariate temporal convolutional network: A deep neural networks approach for multivariate time series forecasting},
  author={Wan, Renzhuo and Mei, Shuping and Wang, Jun and Liu, Min and Yang, Fan},
  journal={Electronics},
  volume={8},
  number={8},
  pages={876},
  year={2019},
  publisher={Multidisciplinary Digital Publishing Institute}
}

@article{kalman1960AR,
  title={A new approach to linear filtering and prediction problems},
  author={Kalman, Rudolph Emil},
  year={1960}
}

@article{gardner1985exponential,
  title={Exponential smoothing: The state of the art},
  author={Gardner Jr, Everette S},
  journal={Journal of forecasting},
  volume={4},
  number={1},
  pages={1--28},
  year={1985},
  publisher={Wiley Online Library}
}

@article{bengio2013representation,
  title={Representation learning: A review and new perspectives},
  author={Bengio, Yoshua and Courville, Aaron and Vincent, Pascal},
  journal={IEEE transactions on pattern analysis and machine intelligence},
  volume={35},
  number={8},
  pages={1798--1828},
  year={2013},
  publisher={IEEE}
}

@techreport{andersen2005volatility,
  title={Volatility forecasting},
  author={Andersen, Torben G and Bollerslev, Tim and Christoffersen, Peter F and Diebold, Francis X},
  year={2005},
  institution={National Bureau of Economic Research}
}

@article{bose2017probabilistic,
  title={Probabilistic demand forecasting at scale},
  author={B{\"o}se, Joos-Hendrik and Flunkert, Valentin and Gasthaus, Jan and Januschowski, Tim and Lange, Dustin and Salinas, David and Schelter, Sebastian and Seeger, Matthias and Wang, Yuyang},
  journal={Proceedings of the VLDB Endowment},
  volume={10},
  number={12},
  pages={1694--1705},
  year={2017},
  publisher={VLDB Endowment}
}

@article{mudelsee2019trend,
  title={Trend analysis of climate time series: A review of methods},
  author={Mudelsee, Manfred},
  journal={Earth-science reviews},
  volume={190},
  pages={310--322},
  year={2019},
  publisher={Elsevier}
}

@book{box2015time,
  title={Time series analysis: forecasting and control},
  author={Box, George EP and Jenkins, Gwilym M and Reinsel, Gregory C and Ljung, Greta M},
  year={2015},
  publisher={John Wiley \& Sons}
}

@inproceedings{chen2013dtw,
  title={{DTW-D}: time series semi-supervised learning from a single example},
  author={Chen, Yanping and Hu, Bing and Keogh, Eamonn and Batista, Gustavo EAPA},
  booktitle={SIGKDD},
  year={2013}
}

@article{BOSS,
  title={The {BOSS} is concerned with time series classification in the presence of noise},
  author={Sch{\"a}fer, Patrick},
  journal={Data Mining and Knowledge Discovery},
  volume={29},
  number={6},
  pages={1505--1530},
  year={2015},
  publisher={Springer}
}

@inproceedings{ST,
  title={Binary shapelet transform for multiclass time series classification},
  author={Bostrom, Aaron and Bagnall, Anthony},
  booktitle={International Conference on Big Data Analytics and Knowledge Discovery},
  pages={257--269},
  year={2015},
  organization={Springer}
}

@article{EE,
  title={Time series classification with ensembles of elastic distance measures},
  author={Lines, Jason and Bagnall, Anthony},
  journal={Data Mining and Knowledge Discovery},
  volume={29},
  number={3},
  pages={565--592},
  year={2015},
  publisher={Springer}
}

@article{HIVE-COTE,
  title={Time series classification with {HIVE-COTE}: The hierarchical vote collective of transformation-based ensembles},
  author={Lines, Jason and Taylor, Sarah and Bagnall, Anthony},
  journal={ACM Transactions on Knowledge Discovery from Data},
  volume={12},
  number={5},
  year={2018}
}

@inproceedings{TSTCC,
  title     = {Time-Series Representation Learning via Temporal and Contextual Contrasting},
  author    = {Eldele, Emadeldeen and Ragab, Mohamed and Chen, Zhenghua and Wu, Min and Kwoh, Chee Keong and Li, Xiaoli and Guan, Cuntai},
  booktitle = {IJCAI},
  year      = {2021}
}

@inproceedings{TST,
author = {Zerveas, George and Jayaraman, Srideepika and Patel, Dhaval and Bhamidipaty, Anuradha and Eickhoff, Carsten},
title = {A Transformer-Based Framework for Multivariate Time Series Representation Learning},
year = {2021},
address = {New York, NY, USA},
doi = {10.1145/3447548.3467401},
booktitle = {SIGKDD}
}

@inproceedings{FFT,
  title={Fourier transform based spatial outlier mining},
  author={Rasheed, Faraz and Peng, Peter and Alhajj, Reda and Rokne, Jon},
  booktitle={International Conference on Intelligent Data Engineering and Automated Learning},
  pages={317--324},
  year={2009},
  organization={Springer}
}

@inproceedings{twitter,
  title={A novel technique for long-term anomaly detection in the cloud},
  author={Vallis, Owen and Hochenbaum, Jordan and Kejariwal, Arun},
  booktitle={6th USENIX workshop on hot topics in cloud computing (HotCloud 14)},
  year={2014}
}

@inproceedings{POT,
  title={Anomaly detection in streams with extreme value theory},
  author={Siffer, Alban and Fouque, Pierre-Alain and Termier, Alexandre and Largouet, Christine},
  booktitle={SIGKDD},
  year={2017}
}

@inproceedings{DONUT,
  title={Unsupervised anomaly detection via variational auto-encoder for seasonal kpis in web applications},
  author={Xu, Haowen and Chen, Wenxiao and Zhao, Nengwen and Li, Zeyan and Bu, Jiahao and Li, Zhihan and Liu, Ying and Zhao, Youjian and Pei, Dan and Feng, Yang and others},
  booktitle={WWW},
  year={2018}
}

@inproceedings{SR,
  title={Time-series anomaly detection service at {Microsoft}},
  author={Ren, Hansheng and Xu, Bixiong and Wang, Yujing and Yi, Chao and Huang, Congrui and Kou, Xiaoyu and Xing, Tony and Yang, Mao and Tong, Jie and Zhang, Qi},
  booktitle={SIGKDD},
  year={2019}
}

@Misc{luminol,
  howpublished = {\url{https://github.com/linkedin/luminol}},
  title = {Luminol (GitHub repository)},
  author = {Brennan, Vincello and Ritesh, Maheshwari},
  year = {2018},
  publisher = {GitHub},
  journal = {GitHub repository},
}

@inproceedings{convposembed1,
  title={How much Position Information Do Convolutional Neural Networks Encode?},
  author={Islam, Md Amirul and Jia, Sen and Bruce, Neil DB},
  booktitle={International Conference on Learning Representations},
  year={2019}
}

@inproceedings{convposembed2,
  title={On translation invariance in cnns: Convolutional layers can exploit absolute spatial location},
  author={Kayhan, Osman Semih and Gemert, Jan C van},
  booktitle={Proceedings of the IEEE/CVF Conference on Computer Vision and Pattern Recognition},
  pages={14274--14285},
  year={2020}
}

@article{localvit,
  title={Localvit: Bringing locality to vision transformers},
  author={Li, Yawei and Zhang, Kai and Cao, Jiezhang and Timofte, Radu and Van Gool, Luc},
  journal={arXiv preprint arXiv:2104.05707},
  year={2021}
}

@misc{UCI,
author = "Dua, Dheeru and Graff, Casey",
year = "2017",
title = "{UCI} Machine Learning Repository",
url = "http://archive.ics.uci.edu/ml",
institution = "University of California, Irvine, School of Information and Computer Sciences" }


@Misc{yahoo,
  howpublished = {\url{https://yahooresearch.tumblr.com/post/114590420346/a-benchmark-dataset-for-time-series-anomaly}},
  title = {A Benchmark Dataset for Time Series Anomaly Detection},
  author = {Nikolay Laptev, Saeed Amizadeh, Youssef Billawala},
  year = {2015},
  publisher = {Yahoo},
  journal = {Yahoo},
}

@article{wavelet,
  title={Network anomaly detection based on wavelet analysis},
  author={Lu, Wei and Ghorbani, Ali A},
  journal={EURASIP Journal on Advances in Signal Processing},
  volume={2009},
  pages={1--16},
  year={2008},
  publisher={Springer}
}

@inproceedings{rapiddetect,
  title={Rapid detection of maintenance induced changes in service performance},
  author={Mahimkar, Ajay and Ge, Zihui and Wang, Jia and Yates, Jennifer and Zhang, Yin and Emmons, Joanne and Huntley, Brian and Stockert, Mark},
  booktitle={Proceedings of the Seventh COnference on Emerging Networking EXperiments and Technologies},
  pages={1--12},
  year={2011}
}

@inproceedings{TSAugmentationSurvey,
  author    = {Qingsong Wen and
               Liang Sun and
               Xiaomin Song and
               Jingkun Gao and
               Xue Wang and
               Huan Xu},
  title     = {Time Series Data Augmentation for Deep Learning: {A} Survey},
  booktitle   = {AAAI},
  year      = {2021}
}
@Article{Donsker,
  author =	"M. D. Donsker and S. R. S. Varadhan",
  title =	"Asymptotic Evaluation of Certain Markov Process
		 Expectations for Large Time. {I}",
  journal =	"Communications in Pure and Applied Mathematics",
  year = 	"1975",
  volume =	"{XXVIII}",
  pages =	"1--47",
}
@Misc{JSD,
  title =	"f-GAN: Training Generative Neural Samplers using
		 Variational Divergence Minimization",
  author =	"Sebastian Nowozin and Botond Cseke and Ryota Tomioka",
  year = 	"2016",
  Booktitle={Advances in Neural Information Processing Sys- tems},
}

@article{yang200610,
  title={10 challenging problems in data mining research},
  author={Yang, Qiang and Wu, Xindong},
  journal={International Journal of Information Technology \& Decision Making},
  volume={5},
  number={04},
  pages={597--604},
  year={2006}
}



@article{franceschi2019unsupervised,
  title={Unsupervised scalable representation learning for multivariate time series},
  author={Franceschi, Jean-Yves and Dieuleveut, Aymeric and Jaggi, Martin},
  journal={arXiv preprint arXiv:1901.10738},
  year={2019}
}

@article{fan2020self,
  title={Self-Supervised Time Series Representation Learning by Inter-Intra Relational Reasoning},
  author={Fan, Haoyi and Zhang, Fengbin and Gao, Yue},
  journal={arXiv preprint arXiv:2011.13548},
  year={2020}
}

@inproceedings{chen2020simple,
  title={A simple framework for contrastive learning of visual representations},
  author={Chen, Ting and Kornblith, Simon and Norouzi, Mohammad and Hinton, Geoffrey},
  booktitle={ICML},
  year={2020}
}

@article{xie2019unsupervised,
  title={Unsupervised data augmentation for consistency training},
  author={Xie, Qizhe and Dai, Zihang and Hovy, Eduard and Luong, Minh-Thang and Le, Quoc V},
  journal={arXiv preprint arXiv:1904.12848},
  year={2019}
}

@inproceedings{you2020graph,
  title={Graph contrastive learning with augmentations},
  author={You, Yuning and Chen, Tianlong and Sui, Yongduo and Chen, Ting and Wang, Zhangyang and Shen, Yang},
  booktitle={NeurIPS},
  pages={5812--5823},
  year={2020}
}

@article{luo2021unsupervised,
  title={Unsupervised Document Embedding via Contrastive Augmentation},
  author={Luo, Dongsheng and Cheng, Wei and Ni, Jingchao and Yu, Wenchao and Zhang, Xuchao and Zong, Bo and Liu, Yanchi and Chen, Zhengzhang and Song, Dongjin and Chen, Haifeng and others},
  journal={arXiv preprint arXiv:2103.14542},
  year={2021}
}

@inproceedings{tian2020contrastive,
  title={Contrastive multiview coding},
  author={Tian, Yonglong and Krishnan, Dilip and Isola, Phillip},
  booktitle={ECCV},
  year={2020}
}

@article{grill2020bootstrap,
  title={Bootstrap your own latent: A new approach to self-supervised learning},
  author={Grill, Jean-Bastien and Strub, Florian and Altch{\'e}, Florent and Tallec, Corentin and Richemond, Pierre H and Buchatskaya, Elena and Doersch, Carl and Pires, Bernardo Avila and Guo, Zhaohan Daniel and Azar, Mohammad Gheshlaghi and others},
  journal={arXiv preprint arXiv:2006.07733},
  year={2020}
}

@inproceedings{he2020momentum,
  title={Momentum contrast for unsupervised visual representation learning},
  author={He, Kaiming and Fan, Haoqi and Wu, Yuxin and Xie, Saining and Girshick, Ross},
  booktitle={CVPR},
  year={2020}
}

@inproceedings{chen2021exploring,
  title={Exploring simple siamese representation learning},
  author={Chen, Xinlei and He, Kaiming},
  booktitle={CVPR},
  year={2021}
}

@inproceedings{rai2021cocon,
  title={CoCon: Cooperative-Contrastive Learning},
  author={Rai, Nishant and Adeli, Ehsan and Lee, Kuan-Hui and Gaidon, Adrien and Niebles, Juan Carlos},
  booktitle={CVPR},
  year={2021}
}

@article{tian2020makes,
  title={What makes for good views for contrastive learning?},
  author={Tian, Yonglong and Sun, Chen and Poole, Ben and Krishnan, Dilip and Schmid, Cordelia and Isola, Phillip},
  journal={arXiv preprint arXiv:2005.10243},
  year={2020}
}

@inproceedings{wu2018unsupervised,
  title={Unsupervised feature learning via non-parametric instance discrimination},
  author={Wu, Zhirong and Xiong, Yuanjun and Yu, Stella X and Lin, Dahua},
  booktitle={CVPR},
  year={2018}
}

@article{wang2021cline,
  title={Cline: Contrastive learning with semantic negative examples for natural language understanding},
  author={Wang, Dong and Ding, Ning and Li, Piji and Zheng, Hai-Tao},
  journal={arXiv preprint arXiv:2107.00440},
  year={2021}
}

@article{gunel2020supervised,
  title={Supervised contrastive learning for pre-trained language model fine-tuning},
  author={Gunel, Beliz and Du, Jingfei and Conneau, Alexis and Stoyanov, Ves},
  journal={arXiv preprint arXiv:2011.01403},
  year={2020}
}

@article{cheng2021fairfil,
  title={FairFil: Contrastive Neural Debiasing Method for Pretrained Text Encoders},
  author={Cheng, Pengyu and Hao, Weituo and Yuan, Siyang and Si, Shijing and Carin, Lawrence},
  journal={arXiv preprint arXiv:2103.06413},
  year={2021}
}


@inproceedings{qiu2020gcc,
  title={Gcc: Graph contrastive coding for graph neural network pre-training},
  author={Qiu, Jiezhong and Chen, Qibin and Dong, Yuxiao and Zhang, Jing and Yang, Hongxia and Ding, Ming and Wang, Kuansan and Tang, Jie},
  booktitle={SIGKDD},
  year={2020}
}

@article{wang2021self,
  title={Self-supervised Heterogeneous Graph Neural Network with Co-contrastive Learning},
  author={Wang, Xiao and Liu, Nian and Han, Hui and Shi, Chuan},
  journal={arXiv preprint arXiv:2105.09111},
  year={2021}
}

@article{you2021graph,
  title={Graph Contrastive Learning Automated},
  author={You, Yuning and Chen, Tianlong and Shen, Yang and Wang, Zhangyang},
  journal={arXiv preprint arXiv:2106.07594},
  year={2021}
}

@inproceedings{hyvarinen2016unsupervised,
  title={Unsupervised feature extraction by time-contrastive learning and nonlinear ica},
  author={Hyvarinen, Aapo and Morioka, Hiroshi},
  booktitle={NeurIPS},
  year={2016}
}

@inproceedings{lei2019similarity,
  title={Similarity Preserving Representation Learning for Time Series Clustering.},
  author={Lei, Qi and Yi, Jinfeng and Vaculin, Roman and Wu, Lingfei and Dhillon, Inderjit S},
  booktitle={IJCAI},
  year={2019}
}

@article{malhotra2017timenet,
  title={TimeNet: Pre-trained deep recurrent neural network for time series classification},
  author={Malhotra, Pankaj and TV, Vishnu and Vig, Lovekesh and Agarwal, Puneet and Shroff, Gautam},
  journal={arXiv preprint arXiv:1706.08838},
  year={2017}
}

@inproceedings{wu2018random,
  title={Random warping series: A random features method for time-series embedding},
  author={Wu, Lingfei and Yen, Ian En-Hsu and Yi, Jinfeng and Xu, Fangli and Lei, Qi and Witbrock, Michael},
  booktitle={AISTATS},
  year={2018},
}


@inproceedings{cubuk2019autoaugment,
  title={Autoaugment: Learning augmentation strategies from data},
  author={Cubuk, Ekin D and Zoph, Barret and Mane, Dandelion and Vasudevan, Vijay and Le, Quoc V},
  booktitle={CVPR},
  year={2019}
}

@inproceedings{hataya2020faster,
  title={Faster autoaugment: Learning augmentation strategies using backpropagation},
  author={Hataya, Ryuichiro and Zdenek, Jan and Yoshizoe, Kazuki and Nakayama, Hideki},
  booktitle={ECCV},
  year={2020},
  organization={Springer}
}

@article{li2020dada,
  title={DADA: Differentiable automatic data augmentation},
  author={Li, Yonggang and Hu, Guosheng and Wang, Yongtao and Hospedales, Timothy and Robertson, Neil M and Yang, Yongxin},
  journal={arXiv preprint arXiv:2003.03780},
  year={2020}
}


@inproceedings{ying2019gnnexplainer,
  title={Gnnexplainer: Generating explanations for graph neural networks},
  author={Ying, Rex and Bourgeois, Dylan and You, Jiaxuan and Zitnik, Marinka and Leskovec, Jure},
  booktitle={NeurIPS},
  volume={32},
  pages={9240},
  year={2019}
}

@article{luo2020parameterized,
  title={Parameterized explainer for graph neural network},
  author={Luo, Dongsheng and Cheng, Wei and Xu, Dongkuan and Yu, Wenchao and Zong, Bo and Chen, Haifeng and Zhang, Xiang},
  journal={arXiv preprint arXiv:2011.04573},
  year={2020}
}

@inproceedings{belghazi2018mutual,
  title={Mutual information neural estimation},
  author={Belghazi, Mohamed Ishmael and Baratin, Aristide and Rajeshwar, Sai and Ozair, Sherjil and Bengio, Yoshua and Courville, Aaron and Hjelm, Devon},
  booktitle={ICML},
  year={2018},
}

@inproceedings{sohn2016improved,
  title={Improved deep metric learning with multi-class n-pair loss objective},
  author={Sohn, Kihyuk},
  booktitle={NeurIPS},
  pages={1857--1865},
  year={2016}
}

@article{hjelm2018learning,
  title={Learning deep representations by mutual information estimation and maximization},
  author={Hjelm, R Devon and Fedorov, Alex and Lavoie-Marchildon, Samuel and Grewal, Karan and Bachman, Phil and Trischler, Adam and Bengio, Yoshua},
  journal={arXiv preprint arXiv:1808.06670},
  year={2018}
}

@inproceedings{wilk2018learning,
  title={Learning invariances using the marginal likelihood},
  author={Wilk, Mark van der and Bauer, Matthias and John, ST and Hensman, James},
  booktitle={NeurIPS},
  year={2018}
}


@article{tishby2000information,
  title={The information bottleneck method},
  author={Tishby, Naftali and Pereira, Fernando C and Bialek, William},
  journal={arXiv preprint physics/0004057},
  year={2000}
}

@article{maddison2016concrete,
  title={The concrete distribution: A continuous relaxation of discrete random variables},
  author={Maddison, Chris J and Mnih, Andriy and Teh, Yee Whye},
  journal={arXiv preprint arXiv:1611.00712},
  year={2016}
}

@inproceedings{zerveas2021transformer,
  title={A transformer-based framework for multivariate time series representation learning},
  author={Zerveas, George and Jayaraman, Srideepika and Patel, Dhaval and Bhamidipaty, Anuradha and Eickhoff, Carsten},
  booktitle={SIGKDD},
  year={2021}
}


@inproceedings{um2017data,
  title={Data augmentation of wearable sensor data for parkinson’s disease monitoring using convolutional neural networks},
  author={Um, Terry T and Pfister, Franz MJ and Pichler, Daniel and Endo, Satoshi and Lang, Muriel and Hirche, Sandra and Fietzek, Urban and Kuli{\'c}, Dana},
  booktitle={Proceedings of the 19th ACM International Conference on Multimodal Interaction},
  pages={216--220},
  year={2017}
}

@inproceedings{le2016data,
  author = {Le Guennec, Arthur and Malinowski, Simon and Tavenard, Romain},
  booktitle = {{ECML/PKDD Workshop on Advanced Analytics and Learning on Temporal Data}},
  title = {{Data Augmentation for Time Series Classification using Convolutional Neural Networks}},
  year = 2016
}

@inproceedings{zhou2021informer,
  title={Informer: Beyond efficient transformer for long sequence time-series forecasting},
  author={Zhou, Haoyi and Zhang, Shanghang and Peng, Jieqi and Zhang, Shuai and Li, Jianxin and Xiong, Hui and Zhang, Wancai},
  booktitle={AAAI},
  year={2021}
}

@misc{Dua2019 ,
    author = "Dua, Dheeru and Graff, Casey",
    year = "2017",
    title = "{UCI} Machine Learning Repository",
    url = "http://archive.ics.uci.edu/ml",
    institution = "University of California, Irvine, School of Information and Computer Sciences" 
}

@inproceedings{li2019enhancing,
  title={Enhancing the locality and breaking the memory bottleneck of transformer on time series forecasting},
  author={Li, Shiyang and Jin, Xiaoyong and Xuan, Yao and Zhou, Xiyou and Chen, Wenhu and Wang, Yu-Xiang and Yan, Xifeng},
  booktitle={NeurIPS},
  pages={5243--5253},
  year={2019}
}

@inproceedings{lai2018modeling,
  title={Modeling long-and short-term temporal patterns with deep neural networks},
  author={Lai, Guokun and Chang, Wei-Cheng and Yang, Yiming and Liu, Hanxiao},
  booktitle={SIGIR},
  pages={95--104},
  year={2018}
}

@article{bai2018empirical,
  title={An empirical evaluation of generic convolutional and recurrent networks for sequence modeling},
  author={Bai, Shaojie and Kolter, J Zico and Koltun, Vladlen},
  journal={arXiv preprint arXiv:1803.01271},
  year={2018}
}

@article{oreshkin2019n,
  title={N-BEATS: Neural basis expansion analysis for interpretable time series forecasting},
  author={Oreshkin, Boris N and Carpov, Dmitri and Chapados, Nicolas and Bengio, Yoshua},
  journal={arXiv preprint arXiv:1905.10437},
  year={2019}
}

@article{cao2021spectral,
  title={Spectral temporal graph neural network for multivariate time-series forecasting},
  author={Cao, Defu and Wang, Yujing and Duan, Juanyong and Zhang, Ce and Zhu, Xia and Huang, Conguri and Tong, Yunhai and Xu, Bixiong and Bai, Jing and Tong, Jie and others},
  journal={arXiv preprint arXiv:2103.07719},
  year={2021}
}

@article{dau2019ucr,
  title={The UCR time series archive},
  author={Dau, Hoang Anh and Bagnall, Anthony and Kamgar, Kaveh and Yeh, Chin-Chia Michael and Zhu, Yan and Gharghabi, Shaghayegh and Ratanamahatana, Chotirat Ann and Keogh, Eamonn},
  journal={IEEE/CAA Journal of Automatica Sinica},
  volume={6},
  number={6},
  pages={1293--1305},
  year={2019},
  publisher={IEEE}
}

@inproceedings{bredin2017tristounet,
  title={Tristounet: triplet loss for speaker turn embedding},
  author={Bredin, Herv{\'e}},
  booktitle={ICASSP},
  pages={5430--5434},
  year={2017}
}

@article{kingma2014adam,
  title={Adam: A method for stochastic optimization},
  author={Kingma, Diederik P and Ba, Jimmy},
  journal={arXiv preprint arXiv:1412.6980},
  year={2014}
}

@article{scikit-learn,
 title={Scikit-learn: Machine Learning in {P}ython},
 author={Pedregosa, F. and Varoquaux, G. and Gramfort, A. and Michel, V.
         and Thirion, B. and Grisel, O. and Blondel, M. and Prettenhofer, P.
         and Weiss, R. and Dubourg, V. and Vanderplas, J. and Passos, A. and
         Cournapeau, D. and Brucher, M. and Perrot, M. and Duchesnay, E.},
 journal={Journal of Machine Learning Research},
 volume={12},
 pages={2825--2830},
 year={2011}
}

@article{hendrycks2016gaussian,
  title={Gaussian error linear units (gelus)},
  author={Hendrycks, Dan and Gimpel, Kevin},
  journal={arXiv preprint arXiv:1606.08415},
  year={2016}
}

@article{oord2018representation,
  title={Representation learning with contrastive predictive coding},
  author={Oord, Aaron van den and Li, Yazhe and Vinyals, Oriol},
  journal={arXiv preprint arXiv:1807.03748},
  year={2018}
}

@article{jang2016categorical,
  title={Categorical reparameterization with gumbel-softmax},
  author={Jang, Eric and Gu, Shixiang and Poole, Ben},
  journal={arXiv preprint arXiv:1611.01144},
  year={2016}
}

@article{salinas2020deepar,
  title={DeepAR: Probabilistic forecasting with autoregressive recurrent networks},
  author={Salinas, David and Flunkert, Valentin and Gasthaus, Jan and Januschowski, Tim},
  journal={International Journal of Forecasting},
  volume={36},
  number={3},
  pages={1181--1191},
  year={2020},
  publisher={Elsevier}
}

@article{wan2019multivariate,
  title={Multivariate temporal convolutional network: A deep neural networks approach for multivariate time series forecasting},
  author={Wan, Renzhuo and Mei, Shuping and Wang, Jun and Liu, Min and Yang, Fan},
  journal={Electronics},
  volume={8},
  number={8},
  pages={876},
  year={2019},
  publisher={Multidisciplinary Digital Publishing Institute}
}

@inproceedings{poole2019variational,
  title={On variational bounds of mutual information},
  author={Poole, Ben and Ozair, Sherjil and Van Den Oord, Aaron and Alemi, Alex and Tucker, George},
  booktitle={International Conference on Machine Learning},
  pages={5171--5180},
  year={2019},
  organization={PMLR}
}


@inproceedings{cheng2020club,
  title={Club: A contrastive log-ratio upper bound of mutual information},
  author={Cheng, Pengyu and Hao, Weituo and Dai, Shuyang and Liu, Jiachang and Gan, Zhe and Carin, Lawrence},
  booktitle={International Conference on Machine Learning},
  pages={1779--1788},
  year={2020},
  organization={PMLR}
}