@inproceedings{TSTCC,
  title     = {Time-Series Representation Learning via Temporal and Contextual Contrasting},
  author    = {Eldele, Emadeldeen and Ragab, Mohamed and Chen, Zhenghua and Wu, Min and Kwoh, Chee Keong and Li, Xiaoli and Guan, Cuntai},
  booktitle = {IJCAI},
  year      = {2021}
}

@article{adams2017persistence,
  title={Persistence images: A stable vector representation of persistent homology},
  author={Adams, Henry and Emerson, Tegan and Kirby, Michael and Neville, Rachel and Peterson, Chris and Shipman, Patrick and Chepushtanova, Sofya and Hanson, Eric and Motta, Francis and Ziegelmeier, Lori},
  journal={Journal of Machine Learning Research},
  volume={18},
  number={8},
  pages={1--35},
  year={2017}
}

@article{bubenik2015statistical,
  title={Statistical topological data analysis using persistence landscapes.},
  author={Bubenik, Peter and others},
  journal={J. Mach. Learn. Res.},
  volume={16},
  number={1},
  pages={77--102},
  year={2015}
}

@inproceedings{bubenik2020persistence,
  title={The persistence landscape and some of its properties},
  author={Bubenik, Peter},
  booktitle={Topological Data Analysis: The Abel Symposium 2018},
  pages={97--117},
  year={2020},
  organization={Springer}
}

@inproceedings{carriere2020perslay,
  title={Perslay: A neural network layer for persistence diagrams and new graph topological signatures},
  author={Carri{\`e}re, Mathieu and Chazal, Fr{\'e}d{\'e}ric and Ike, Yuichi and Lacombe, Th{\'e}o and Royer, Martin and Umeda, Yuhei},
  booktitle={AISTATS},
  year={2020},
}

@inproceedings{dong2024simmtm,
  title={Simmtm: A simple pre-training framework for masked time-series modeling},
  author={Dong, Jiaxiang and Wu, Haixu and Zhang, Haoran and Zhang, Li and Wang, Jianmin and Long, Mingsheng},
  booktitle={NeurIPS},
  year={2024}
}

@inproceedings{hofer2017deep,
  title={Deep learning with topological signatures},
  author={Hofer, Christoph and Kwitt, Roland and Niethammer, Marc and Uhl, Andreas},
  booktitle={NeurIPS},
  year={2017}
}

@inproceedings{kim2020pllay,
  title={Pllay: Efficient topological layer based on persistent landscapes},
  author={Kim, Kwangho and Kim, Jisu and Zaheer, Manzil and Kim, Joon and Chazal, Fr{\'e}d{\'e}ric and Wasserman, Larry},
  booktitle={NerIPS},
  year={2020}
}

@inproceedings{liu2024timesurl,
  title={Timesurl: Self-supervised contrastive learning for universal time series representation learning},
  author={Liu, Jiexi and Chen, Songcan},
  booktitle={AAAI},
  year={2024}
}

@inproceedings{luo2023time, title={Time Series Contrastive Learning with Information-Aware Augmentations}, author={Dongsheng Luo and Wei Cheng and Yingheng Wang and Dongkuan Xu and Jingchao Ni and Wenchao Yu and Xuchao Zhang and Yanchi Liu and Yuncong Chen and Haifeng Chen and Xiang Zhang}, booktitle={AAAI}, year={2023} }

@inproceedings{moor2020topological,
  title={Topological autoencoders},
  author={Moor, Michael and Horn, Max and Rieck, Bastian and Borgwardt, Karsten},
  booktitle={ICML},
  year={2020},
}

@article{padellini2021supervised,
  title={Supervised learning with indefinite topological Kernels},
  author={Padellini, Tullia and Brutti, Pierpaolo},
  journal={Statistics},
  volume={55},
  number={4},
  pages={765--786},
  year={2021},
  publisher={Taylor \& Francis}
}

@article{wickstrom2022mixing,
  title={Mixing up contrastive learning: Self-supervised representation learning for time series},
  author={Wickstr{\o}m, Kristoffer and Kampffmeyer, Michael and Mikalsen, Karl {\O}yvind and Jenssen, Robert},
  journal={Pattern Recognition Letters},
  volume={155},
  pages={54--61},
  year={2022},
  publisher={Elsevier}
}

@inproceedings{yue2022ts2vec,
  title={Ts2vec: Towards universal representation of time series},
  author={Yue, Zhihan and Wang, Yujing and Duan, Juanyong and Yang, Tianmeng and Huang, Congrui and Tong, Yunhai and Xu, Bixiong},
  booktitle={AAAI},
  year={2022}
}

@inproceedings{zhang2022self,
title = {Self-Supervised Contrastive Pre-Training For Time Series via Time-Frequency Consistency},
author = {Zhang, Xiang and Zhao, Ziyuan and Tsiligkaridis, Theodoros and Zitnik, Marinka},
booktitle = {NeurIPS},
year      = {2022}
}

@inproceedings{zhu2016stochastic,
  title={Stochastic Multiresolution Persistent Homology Kernel.},
  author={Zhu, Xiaojin and Vartanian, Ara and Bansal, Manish and Nguyen, Duy and Brandl, Luke},
  booktitle={IJCAI},
  year={2016}
}

