@misc{[pi0,
      title={$\pi_0$: A Vision-Language-Action Flow Model for General Robot Control}, 
      author={Kevin Black and Noah Brown and Danny Driess and Adnan Esmail and Michael Equi and Chelsea Finn and Niccolo Fusai and Lachy Groom and Karol Hausman and Brian Ichter and Szymon Jakubczak and Tim Jones and Liyiming Ke and Sergey Levine and Adrian Li-Bell and Mohith Mothukuri and Suraj Nair and Karl Pertsch and Lucy Xiaoyang Shi and James Tanner and Quan Vuong and Anna Walling and Haohuan Wang and Ury Zhilinsky},
      year={2024},
      eprint={2410.24164},
      archivePrefix={arXiv},
      primaryClass={cs.LG},
      url={https://arxiv.org/abs/2410.24164}, 
}

@article{ahn2022saycan,
  title={Do as i can, not as i say: Grounding language in robotic affordances},
  author={Ahn, Michael and Brohan, Anthony and Brown, Noah and Chebotar, Yevgen and Cortes, Omar and David, Byron and Finn, Chelsea and Fu, Chuyuan and Gopalakrishnan, Keerthana and Hausman, Karol and others},
  journal={arXiv preprint arXiv:2204.01691},
  year={2022}
}

@inproceedings{codeaspolicy,
  title={Code as policies: Language model programs for embodied control},
  author={Liang, Jacky and Huang, Wenlong and Xia, Fei and Xu, Peng and Hausman, Karol and Ichter, Brian and Florence, Pete and Zeng, Andy},
  booktitle={2023 IEEE International Conference on Robotics and Automation (ICRA)},
  pages={9493--9500},
  year={2023},
  organization={IEEE}
}

@article{ecot,
    title={Robotic Control via Embodied Chain-of-Thought Reasoning},
    author={Micha≈Ç Zawalski and William Chen and Karl Pertsch and Oier Mees and Chelsea Finn and Sergey Levine},
    journal={arXiv preprint arXiv:2407.08693},
    year={2024}
}

@inproceedings{finn2017model,
  title={Model-agnostic meta-learning for fast adaptation of deep networks},
  author={Finn, Chelsea and Abbeel, Pieter and Levine, Sergey},
  booktitle={International conference on machine learning},
  pages={1126--1135},
  year={2017},
  organization={PMLR}
}

@inproceedings{james2019sim,
  title={Sim-to-real via sim-to-sim: Data-efficient robotic grasping via randomized-to-canonical adaptation networks},
  author={James, Stephen and Wohlhart, Paul and Kalakrishnan, Mrinal and Kalashnikov, Dmitry and Irpan, Alex and Ibarz, Julian and Levine, Sergey and Hadsell, Raia and Bousmalis, Konstantinos},
  booktitle={Proceedings of the IEEE/CVF conference on computer vision and pattern recognition},
  pages={12627--12637},
  year={2019}
}

@article{karamcheti2024prismatic,
  title={Prismatic vlms: Investigating the design space of visually-conditioned language models},
  author={Karamcheti, Siddharth and Nair, Suraj and Balakrishna, Ashwin and Liang, Percy and Kollar, Thomas and Sadigh, Dorsa},
  journal={arXiv preprint arXiv:2402.07865},
  year={2024}
}

@article{khazatsky2024droid,
  title={Droid: A large-scale in-the-wild robot manipulation dataset},
  author={Khazatsky, Alexander and Pertsch, Karl and Nair, Suraj and Balakrishna, Ashwin and Dasari, Sudeep and Karamcheti, Siddharth and Nasiriany, Soroush and Srirama, Mohan Kumar and Chen, Lawrence Yunliang and Ellis, Kirsty and others},
  journal={arXiv preprint arXiv:2403.12945},
  year={2024}
}

@article{kim24openvla,
    title={OpenVLA: An Open-Source Vision-Language-Action Model},
    author={{Moo Jin} Kim and Karl Pertsch and Siddharth Karamcheti and Ted Xiao and Ashwin Balakrishna and Suraj Nair and Rafael Rafailov and Ethan Foster and Grace Lam and Pannag Sanketi and Quan Vuong and Thomas Kollar and Benjamin Burchfiel and Russ Tedrake and Dorsa Sadigh and Sergey Levine and Percy Liang and Chelsea Finn},
    journal = {arXiv preprint arXiv:2406.09246},
    year={2024},
}

@article{kostrikov2020image,
  title={Image augmentation is all you need: Regularizing deep reinforcement learning from pixels},
  author={Kostrikov, Ilya and Yarats, Denis and Fergus, Rob},
  journal={arXiv preprint arXiv:2004.13649},
  year={2020}
}

@article{laskin2020reinforcement,
  title={Reinforcement learning with augmented data},
  author={Laskin, Misha and Lee, Kimin and Stooke, Adam and Pinto, Lerrel and Abbeel, Pieter and Srinivas, Aravind},
  journal={Advances in neural information processing systems},
  volume={33},
  pages={19884--19895},
  year={2020}
}

@article{llava1.5,
  title={Improved baselines with visual instruction tuning},
  author={Liu, Haotian and Li, Chunyuan and Li, Yuheng and Lee, Yong Jae},
  journal={arXiv preprint arXiv:2310.03744},
  year={2023}
}

@article{o2023open-x,
  title={Open x-embodiment: Robotic learning datasets and rt-x models},
  author={O'Neill, Abby and Rehman, Abdul and Gupta, Abhinav and Maddukuri, Abhiram and Gupta, Abhishek and Padalkar, Abhishek and Lee, Abraham and Pooley, Acorn and Gupta, Agrim and Mandlekar, Ajay and others},
  journal={arXiv preprint arXiv:2310.08864},
  year={2023}
}

@article{stone2023open,
  title={Open-world object manipulation using pre-trained vision-language models},
  author={Stone, Austin and Xiao, Ted and Lu, Yao and Gopalakrishnan, Keerthana and Lee, Kuang-Huei and Vuong, Quan and Wohlhart, Paul and Kirmani, Sean and Zitkovich, Brianna and Xia, Fei and others},
  journal={arXiv preprint arXiv:2303.00905},
  year={2023}
}

@INPROCEEDINGS{tobin,
  author={Tobin, Josh and Fong, Rachel and Ray, Alex and Schneider, Jonas and Zaremba, Wojciech and Abbeel, Pieter},
  booktitle={2017 IEEE/RSJ International Conference on Intelligent Robots and Systems (IROS)}, 
  title={Domain randomization for transferring deep neural networks from simulation to the real world}, 
  year={2017},
  volume={},
  number={},
  pages={23-30},
  keywords={Robots;Training;Adaptation models;Three-dimensional displays;Cameras;Solid modeling;Data models},
  doi={10.1109/IROS.2017.8202133}
}

@article{wen2024tinyvla,
  title={Tinyvla: Towards fast, data-efficient vision-language-action models for robotic manipulation},
  author={Wen, Junjie and Zhu, Yichen and Li, Jinming and Zhu, Minjie and Wu, Kun and Xu, Zhiyuan and Liu, Ning and Cheng, Ran and Shen, Chaomin and Peng, Yaxin and others},
  journal={arXiv preprint arXiv:2409.12514},
  year={2024}
}

@article{zhu2024vision,
  title={Vision-based Manipulation from Single Human Video with Open-World Object Graphs},
  author={Zhu, Yifeng and Lim, Arisrei and Stone, Peter and Zhu, Yuke},
  journal={arXiv preprint arXiv:2405.20321},
  year={2024}
}

