@article{Alkaissi2023,
  author    = {Hussam Alkaissi and Samy I. McFarlane},
  title     = {Artificial Hallucinations in ChatGPT: Implications in Scientific Writing},
  journal   = {Cureus},
  volume    = {15},
  number    = {2},
  year      = {2023},
  doi       = {10.7759/cureus.35179},
  url       = {https://doi.org/10.7759/cureus.35179}
}

@article{Aronowitz2020TCS,
author = {Aronowitz, Sara and Lombrozo, Tania},
title = {Experiential Explanation},
journal = {Topics in Cognitive Science},
volume = {12},
number = {4},
pages = {1321-1336},
keywords = {Explanation, Abstraction, Narrative, Storytelling, Learning, Mental simulation, Theory change},
doi = {https://doi.org/10.1111/tops.12445},
url = {https://onlinelibrary.wiley.com/doi/abs/10.1111/tops.12445},
eprint = {https://onlinelibrary.wiley.com/doi/pdf/10.1111/tops.12445},
year = {2020}
}

@inproceedings{Bansal2021CHI,
author = {Bansal, Gagan and Wu, Tongshuang and Zhou, Joyce and Fok, Raymond and Nushi, Besmira and Kamar, Ece and Ribeiro, Marco Tulio and Weld, Daniel},
title = {Does the Whole Exceed Its Parts? The Effect of AI Explanations on Complementary Team Performance},
year = {2021},
isbn = {9781450380966},
publisher = {Association for Computing Machinery},
address = {New York, NY, USA},
url = {https://doi.org/10.1145/3411764.3445717},
doi = {10.1145/3411764.3445717},
booktitle = {Proceedings of the 2021 CHI Conference on Human Factors in Computing Systems},
articleno = {81},
numpages = {16},
keywords = {Human-AI teams, Augmented intelligence, Explainable AI},
location = {Yokohama, Japan},
series = {CHI '21}
}

@article{Bucinca2021CSCW,
author = {Bu\c{c}inca, Zana and Malaya, Maja Barbara and Gajos, Krzysztof Z.},
title = {To Trust or to Think: Cognitive Forcing Functions Can Reduce Overreliance on AI in AI-Assisted Decision-Making},
year = {2021},
issue_date = {April 2021},
publisher = {Association for Computing Machinery},
address = {New York, NY, USA},
volume = {5},
number = {CSCW1},
url = {https://doi.org/10.1145/3449287},
doi = {10.1145/3449287},
journal = {Proc. ACM Hum.-Comput. Interact.},
month = {apr},
articleno = {188},
numpages = {21},
keywords = {trust, explanations, cognition, artificial intelligence}
}

@inproceedings{Bussone2015,
author = {Bussone, Adrian and Stumpf, Simone and O'Sullivan, Dympna},
title = {The Role of Explanations on Trust and Reliance in Clinical Decision Support Systems},
year = {2015},
isbn = {9781467395489},
publisher = {IEEE Computer Society},
address = {USA},
doi = {10.1109/ICHI.2015.26},
booktitle = {Proceedings of the 2015 International Conference on Healthcare Informatics},
pages = {160–169},
numpages = {10},
keywords = {User Study, Trust, Reliance, Reliability, Explanations, CDSS},
series = {ICHI '15}
}

@inproceedings{Cai2021,
author = {Cai, Carrie J and Winter, Samantha and Steiner, David and Wilcox, Lauren and Terry, Michael},
title = {Onboarding Materials as Cross-functional Boundary Objects for Developing AI Assistants},
year = {2021},
isbn = {9781450380959},
publisher = {Association for Computing Machinery},
address = {New York, NY, USA},
url = {https://doi.org/10.1145/3411763.3443435},
doi = {10.1145/3411763.3443435},
booktitle = {Extended Abstracts of the 2021 CHI Conference on Human Factors in Computing Systems},
articleno = {43},
numpages = {7},
keywords = {AI transparency, boundary objects, explainability, machine learning},
location = {Yokohama, Japan},
series = {CHI EA '21}
}

@inproceedings{Christiano2017RLHF,
author = {Christiano, Paul F. and Leike, Jan and Brown, Tom B. and Martic, Miljan and Legg, Shane and Amodei, Dario},
title = {Deep Reinforcement Learning from Human Preferences},
year = {2017},
isbn = {9781510860964},
publisher = {Curran Associates Inc.},
address = {Red Hook, NY, USA},
booktitle = {Proceedings of the 31st International Conference on Neural Information Processing Systems},
pages = {4302–4310},
numpages = {9},
location = {Long Beach, California, USA},
series = {NIPS'17}
}

@article{Collins2024PNAS,
author = {Katherine M. Collins  and Albert Q. Jiang  and Simon Frieder  and Lionel Wong  and Miri Zilka  and Umang Bhatt  and Thomas Lukasiewicz  and Yuhuai Wu  and Joshua B. Tenenbaum  and William Hart  and Timothy Gowers  and Wenda Li  and Adrian Weller  and Mateja Jamnik },
title = {Evaluating Language Models for Mathematics through Interactions},
journal = {Proceedings of the National Academy of Sciences},
volume = {121},
number = {24},
pages = {e2318124121},
year = {2024},
doi = {10.1073/pnas.2318124121}
}

@article{Dahl2024Law,
    author = {Dahl, Matthew and Magesh, Varun and Suzgun, Mirac and Ho, Daniel E},
    title = "{Large Legal Fictions: Profiling Legal Hallucinations in Large Language Models}",
    journal = {Journal of Legal Analysis},
    volume = {16},
    number = {1},
    pages = {64-93},
    year = {2024},
    month = {06},
    issn = {2161-7201},
    doi = {10.1093/jla/laae003},
}

@article{Elazar2021MeasuringAI,
  title={Measuring and Improving Consistency in Pretrained Language Models},
  author={Yanai Elazar and Nora Kassner and Shauli Ravfogel and Abhilasha Ravichander and Eduard H. Hovy and Hinrich Sch{\"u}tze and Yoav Goldberg},
  journal={Transactions of the Association for Computational Linguistics},
  year={2021},
  volume={9},
  pages={1012-1031},
  url={https://api.semanticscholar.org/CorpusID:231740560}
}

@book{Fraassen1980,
    author = {Fraassen, Bas. C. van},
    title = {The Scientific Image},
    publisher = {Oxford University Press},
    year = {1980},
    month = {12},
    isbn = {9780198244271},
    doi = {10.1093/0198244274.001.0001},
}

@inproceedings{Gonzalez2021DoEH,
    title = "Do Explanations Help Users Detect Errors in Open-Domain {QA}? An Evaluation of Spoken vs. Visual Explanations",
    author = "Gonz{\'a}lez, Ana Valeria  and
      Bansal, Gagan  and
      Fan, Angela  and
      Mehdad, Yashar  and
      Jia, Robin  and
      Iyer, Srinivasan",
    editor = "Zong, Chengqing  and
      Xia, Fei  and
      Li, Wenjie  and
      Navigli, Roberto",
    booktitle = "Findings of the Association for Computational Linguistics: ACL-IJCNLP 2021",
    month = aug,
    year = "2021",
    address = "Online",
    publisher = "Association for Computational Linguistics",
    url = "https://aclanthology.org/2021.findings-acl.95/",
    doi = "10.18653/v1/2021.findings-acl.95",
    pages = "1103--1116"
}

@article{Green2019,
author = {Green, Ben and Chen, Yiling},
title = {The Principles and Limits of Algorithm-in-the-Loop Decision Making},
year = {2019},
issue_date = {November 2019},
publisher = {Association for Computing Machinery},
address = {New York, NY, USA},
volume = {3},
number = {CSCW},
url = {https://doi.org/10.1145/3359152},
doi = {10.1145/3359152},
journal = {Proc. ACM Hum.-Comput. Interact.},
month = {nov},
articleno = {50},
numpages = {24},
keywords = {behavioral experiment, ethics, fairness, mechanical turk, risk assessment}
}

@article{He2023Accuracy,
author = {He, Gaole and Buijsman, Stefan and Gadiraju, Ujwal},
title = {How Stated Accuracy of an AI System and Analogies to Explain Accuracy Affect Human Reliance on the System},
year = {2023},
issue_date = {October 2023},
publisher = {Association for Computing Machinery},
address = {New York, NY, USA},
volume = {7},
number = {CSCW2},
url = {https://doi.org/10.1145/3610067},
doi = {10.1145/3610067},
journal = {Proc. ACM Hum.-Comput. Interact.},
month = {oct},
articleno = {276},
numpages = {29},
keywords = {analogy, human-subjects experiment, reliance, trust}
}

@article{Ji2023Hallucination,
author = {Ji, Ziwei and Lee, Nayeon and Frieske, Rita and Yu, Tiezheng and Su, Dan and Xu, Yan and Ishii, Etsuko and Bang, Ye Jin and Madotto, Andrea and Fung, Pascale},
title = {Survey of Hallucination in Natural Language Generation},
year = {2023},
issue_date = {December 2023},
publisher = {Association for Computing Machinery},
address = {New York, NY, USA},
volume = {55},
number = {12},
issn = {0360-0300},
url = {https://doi.org/10.1145/3571730},
doi = {10.1145/3571730},
journal = {ACM Comput. Surv.},
month = {mar},
articleno = {248},
numpages = {38},
keywords = {Hallucination, intrinsic hallucination, extrinsic hallucination, faithfulness in NLG, factuality in NLG, consistency in NLG}
}

@article{Kahneman2003,
  author    = {Daniel Kahneman},
  title     = {A Perspective on Judgment and Choice: Mapping Bounded Rationality},
  journal   = {The American Psychologist},
  volume    = {58},
  number    = {9},
  pages     = {697--720},
  year      = {2003},
  doi       = {10.1037/0003-066X.58.9.697},
  url       = {https://doi.org/10.1037/0003-066X.58.9.697}
}

@inproceedings{Kim2023CHI,
author = {Kim, Sunnie S. Y. and Watkins, Elizabeth Anne and Russakovsky, Olga and Fong, Ruth and Monroy-Hern\'{a}ndez, Andr\'{e}s},
title = {"Help Me Help the AI": Understanding How Explainability Can Support Human-AI Interaction},
year = {2023},
isbn = {9781450394215},
publisher = {Association for Computing Machinery},
address = {New York, NY, USA},
url = {https://doi.org/10.1145/3544548.3581001},
doi = {10.1145/3544548.3581001},
booktitle = {Proceedings of the 2023 CHI Conference on Human Factors in Computing Systems},
articleno = {250},
numpages = {17},
keywords = {Explainable AI (XAI), Human-AI Collaboration, Human-AI Interaction, Human-Centered XAI, Interpretability, Local Explanations, XAI for Computer Vision},
location = {Hamburg, Germany},
series = {CHI '23}
}

@inproceedings{Kim2023Trust,
author = {Kim, Sunnie S. Y. and Watkins, Elizabeth Anne and Russakovsky, Olga and Fong, Ruth and Monroy-Hern\'{a}ndez, Andr\'{e}s},
title = {Humans, AI, and Context: Understanding End-Users’ Trust in a Real-World Computer Vision Application},
year = {2023},
isbn = {9798400701924},
publisher = {Association for Computing Machinery},
address = {New York, NY, USA},
url = {https://doi.org/10.1145/3593013.3593978},
doi = {10.1145/3593013.3593978},
booktitle = {Proceedings of the 2023 ACM Conference on Fairness, Accountability, and Transparency},
pages = {77–88},
numpages = {12},
keywords = {Case Study, Computer Vision, Human-AI Interaction, Trust in AI},
location = {Chicago, IL, USA},
series = {FAccT '23}
}

@inproceedings{Kim2024ChatGPT,
author = {Kim, Yoonsu and Lee, Jueon and Kim, Seoyoung and Park, Jaehyuk and Kim, Juho},
title = {Understanding Users’ Dissatisfaction with ChatGPT Responses: Types, Resolving Tactics, and the Effect of Knowledge Level},
year = {2024},
isbn = {9798400705083},
publisher = {Association for Computing Machinery},
address = {New York, NY, USA},
url = {https://doi.org/10.1145/3640543.3645148},
doi = {10.1145/3640543.3645148},
booktitle = {Proceedings of the 29th International Conference on Intelligent User Interfaces},
pages = {385–404},
numpages = {20},
keywords = {Chat-based LLM, ChatGPT, Knowledge-level, Large Language Models, Resolving tactics, User-side dissatisfaction, datasets},
location = {Greenville, SC, USA},
series = {IUI '24}
}

@inproceedings{Kim2024FAccT,
author = {Kim, Sunnie S. Y. and Liao, Q. Vera and Vorvoreanu, Mihaela and Ballard, Stephanie and Vaughan, Jennifer Wortman},
title = {"I'm Not Sure, But...": Examining the Impact of Large Language Models' Uncertainty Expression on User Reliance and Trust},
year = {2024},
isbn = {9798400704505},
publisher = {Association for Computing Machinery},
address = {New York, NY, USA},
url = {https://doi.org/10.1145/3630106.3658941},
doi = {10.1145/3630106.3658941},
booktitle = {Proceedings of the 2024 ACM Conference on Fairness, Accountability, and Transparency},
pages = {822–835},
numpages = {14},
keywords = {Human-AI interaction, Large language models, Overreliance, Trust in AI, Uncertainty expression},
location = {Rio de Janeiro, Brazil},
series = {FAccT '24}
}

@inproceedings{Lai2019FAccT,
author = {Lai, Vivian and Tan, Chenhao},
title = {On Human Predictions with Explanations and Predictions of Machine Learning Models: A Case Study on Deception Detection},
year = {2019},
isbn = {9781450361255},
publisher = {Association for Computing Machinery},
address = {New York, NY, USA},
url = {https://doi.org/10.1145/3287560.3287590},
doi = {10.1145/3287560.3287590},
booktitle = {Proceedings of the Conference on Fairness, Accountability, and Transparency},
pages = {29–38},
numpages = {10},
keywords = {explanations, human agency, human performance, predictions},
location = {Atlanta, GA, USA},
series = {FAT* '19}
}

@inproceedings{Lai2020Tutorial,
author = {Lai, Vivian and Liu, Han and Tan, Chenhao},
title = {"Why is `Chicago' deceptive?" Towards Building Model-Driven Tutorials for Humans},
year = {2020},
isbn = {9781450367080},
publisher = {Association for Computing Machinery},
address = {New York, NY, USA},
url = {https://doi.org/10.1145/3313831.3376873},
doi = {10.1145/3313831.3376873},
booktitle = {Proceedings of the 2020 CHI Conference on Human Factors in Computing Systems},
pages = {1–13},
numpages = {13},
keywords = {deception detection, explanations, interpretable machine learning, tutorials},
location = {Honolulu, HI, USA},
series = {CHI '20}
}

@inproceedings{Lee2024FAccT,
author = {Lee, Yoonjoo and Son, Kihoon and Kim, Tae Soo and Kim, Jisu and Chung, John Joon Young and Adar, Eytan and Kim, Juho},
title = {One vs. Many: Comprehending Accurate Information from Multiple Erroneous and Inconsistent AI Generations},
year = {2024},
isbn = {9798400704505},
publisher = {Association for Computing Machinery},
address = {New York, NY, USA},
url = {https://doi.org/10.1145/3630106.3662681},
doi = {10.1145/3630106.3662681},
booktitle = {Proceedings of the 2024 ACM Conference on Fairness, Accountability, and Transparency},
pages = {2518–2531},
numpages = {14},
keywords = {Controlled Study, Inconsistency, Large Language Models, Reading Comprehension},
location = {Rio de Janeiro, Brazil},
series = {FAccT '24}
}

@inproceedings{Lewis2020RAG,
 author = {Lewis, Patrick and Perez, Ethan and Piktus, Aleksandra and Petroni, Fabio and Karpukhin, Vladimir and Goyal, Naman and K\"{u}ttler, Heinrich and Lewis, Mike and Yih, Wen-tau and Rockt\"{a}schel, Tim and Riedel, Sebastian and Kiela, Douwe},
 booktitle = {Advances in Neural Information Processing Systems},
 editor = {H. Larochelle and M. Ranzato and R. Hadsell and M.F. Balcan and H. Lin},
 pages = {9459--9474},
 publisher = {Curran Associates, Inc.},
 title = {Retrieval-Augmented Generation for Knowledge-Intensive NLP Tasks},
 url = {https://proceedings.neurips.cc/paper_files/paper/2020/file/6b493230205f780e1bc26945df7481e5-Paper.pdf},
 volume = {33},
 year = {2020}
}

@article{Liquin2022Satisfaction,
title = {Motivated to Learn: An Account of Explanatory Satisfaction},
journal = {Cognitive Psychology},
volume = {132},
pages = {101453},
year = {2022},
issn = {0010-0285},
doi = {https://doi.org/10.1016/j.cogpsych.2021.101453},
url = {https://www.sciencedirect.com/science/article/pii/S0010028521000761},
author = {Emily G. Liquin and Tania Lombrozo},
keywords = {Satisfaction, Explanation, Learning, Information search, Inquiry},
}

@incollection{Lombrozo2012,
    author = {Lombrozo, Tanya},
    isbn = {9780199734689},
    title = "{Explanation and Abductive Inference}",
    booktitle = "{The Oxford Handbook of Thinking and Reasoning}",
    publisher = {Oxford University Press},
    year = {2012},
    month = {03},
    doi = {10.1093/oxfordhb/9780199734689.013.0014}
}

@article{Lombrozo2016,
	Author = {Lombrozo, Tania},
	Journal = {Trends in Cognitive Sciences},
	Month = {2024/09/10},
	Number = {10},
	Pages = {748--759},
	Title = {Explanatory Preferences Shape Learning and Inference},
	Volume = {20},
	Year = {2016}}

@article{Lombrozo2023Selective,
author = {Tania Lombrozo and Emily G. Liquin},
title ={Explanation Is Effective Because It Is Selective},
journal = {Current Directions in Psychological Science},
volume = {32},
number = {3},
pages = {212-219},
year = {2023},
doi = {10.1177/09637214231156106}
}

@inproceedings{Ouyang2024RLHF,
author = {Ouyang, Long and Wu, Jeff and Jiang, Xu and Almeida, Diogo and Wainwright, Carroll L. and Mishkin, Pamela and Zhang, Chong and Agarwal, Sandhini and Slama, Katarina and Ray, Alex and Schulman, John and Hilton, Jacob and Kelton, Fraser and Miller, Luke and Simens, Maddie and Askell, Amanda and Welinder, Peter and Christiano, Paul and Leike, Jan and Lowe, Ryan},
title = {Training Language Models to Follow Instructions with Human Feedback},
year = {2024},
isbn = {9781713871088},
publisher = {Curran Associates Inc.},
address = {Red Hook, NY, USA},
booktitle = {Proceedings of the 36th International Conference on Neural Information Processing Systems},
articleno = {2011},
numpages = {15},
location = {New Orleans, LA, USA},
series = {NIPS '22}
}

@inproceedings{Poursabzi-Sangdeh-CHI2021,
author = {Poursabzi-Sangdeh, Forough and Goldstein, Daniel G and Hofman, Jake M and Wortman Vaughan, Jennifer Wortman and Wallach, Hanna},
title = {Manipulating and Measuring Model Interpretability},
year = {2021},
isbn = {9781450380966},
publisher = {Association for Computing Machinery},
address = {New York, NY, USA},
url = {https://doi.org/10.1145/3411764.3445315},
doi = {10.1145/3411764.3445315},
booktitle = {Proceedings of the 2021 CHI Conference on Human Factors in Computing Systems},
articleno = {237},
numpages = {52},
keywords = {interpretability, machine-assisted decision making, human-centered machine learning},
location = {Yokohama, Japan},
series = {CHI '21}
}

@article{Rieh2007Credibility,
author = {Rieh, Soo Young and Danielson, David R.},
title = {Credibility: A Multidisciplinary Framework},
journal = {Annual Review of Information Science and Technology},
volume = {41},
number = {1},
pages = {307-364},
doi = {https://doi.org/10.1002/aris.2007.1440410114},
year = {2007}
}

@article{RudinEtAlSurvey2022,
author = {Cynthia Rudin and Chaofan Chen and Zhi Chen and Haiyang Huang and Lesia Semenova and Chudi Zhong},
title = {{Interpretable Machine Learning: Fundamental Principles and 10 Grand Challenges}},
volume = {16},
journal = {Statistics Surveys},
number = {none},
publisher = {Amer. Statist. Assoc., the Bernoulli Soc., the Inst. Math. Statist., and the Statist. Soc. Canada},
pages = {1 -- 85},
keywords = {explainable machine learning, Interpretable machine learning},
year = {2022},
doi = {10.1214/21-SS133},
URL = {https://doi.org/10.1214/21-SS133}
}

@inproceedings{Salimzadeh2023UMAP,
author = {Salimzadeh, Sara and He, Gaole and Gadiraju, Ujwal},
title = {A Missing Piece in the Puzzle: Considering the Role of Task Complexity in Human-AI Decision Making},
year = {2023},
isbn = {9781450399326},
publisher = {Association for Computing Machinery},
address = {New York, NY, USA},
url = {https://doi.org/10.1145/3565472.3592959},
doi = {10.1145/3565472.3592959},
booktitle = {Proceedings of the 31st ACM Conference on User Modeling, Adaptation and Personalization},
pages = {215–227},
numpages = {13},
location = {Limassol, Cyprus},
series = {UMAP '23}
}

@inproceedings{Salimzadeh2024CHI,
author = {Salimzadeh, Sara and He, Gaole and Gadiraju, Ujwal},
title = {Dealing with Uncertainty: Understanding the Impact of Prognostic Versus Diagnostic Tasks on Trust and Reliance in Human-AI Decision Making},
year = {2024},
isbn = {9798400703300},
publisher = {Association for Computing Machinery},
address = {New York, NY, USA},
url = {https://doi.org/10.1145/3613904.3641905},
doi = {10.1145/3613904.3641905},
booktitle = {Proceedings of the CHI Conference on Human Factors in Computing Systems},
articleno = {25},
numpages = {17},
location = {Honolulu, HI, USA},
series = {CHI '24}
}

@article{Vasconcelos2023CSCW,
author = {Vasconcelos, Helena and J\"{o}rke, Matthew and Grunde-McLaughlin, Madeleine and Gerstenberg, Tobias and Bernstein, Michael S. and Krishna, Ranjay},
title = {Explanations Can Reduce Overreliance on AI Systems During Decision-Making},
year = {2023},
issue_date = {April 2023},
publisher = {Association for Computing Machinery},
address = {New York, NY, USA},
volume = {7},
number = {CSCW1},
url = {https://doi.org/10.1145/3579605},
doi = {10.1145/3579605},
journal = {Proc. ACM Hum.-Comput. Interact.},
month = {apr},
articleno = {129},
numpages = {38},
keywords = {human-AI collaboration, explainable AI, cost-benefit analysis, decision-making}
}

@article{Wathen2002Credibility,
author = {Wathen, C. Nadine and Burkell, Jacquelyn},
title = {Believe It or Not: Factors Influencing Credibility on the Web},
journal = {Journal of the American Society for Information Science and Technology},
volume = {53},
number = {2},
pages = {134-144},
doi = {https://doi.org/10.1002/asi.10016},
year = {2002}
}

@article{Wellman2011,
author = {Wellman, Henry M.},
title = {Reinvigorating Explanations for the Study of Early Cognitive Development},
journal = {Child Development Perspectives},
volume = {5},
number = {1},
pages = {33-38},
keywords = {explanations, cognitive development, learning},
doi = {https://doi.org/10.1111/j.1750-8606.2010.00154.x},
year = {2011}
}

@inproceedings{Yu2019IUI,
author = {Yu, Kun and Berkovsky, Shlomo and Taib, Ronnie and Zhou, Jianlong and Chen, Fang},
title = {Do I Trust My Machine Teammate? An Investigation from Perception to Decision},
year = {2019},
isbn = {9781450362726},
publisher = {Association for Computing Machinery},
address = {New York, NY, USA},
url = {https://doi.org/10.1145/3301275.3302277},
doi = {10.1145/3301275.3302277},
booktitle = {Proceedings of the 24th International Conference on Intelligent User Interfaces},
pages = {460–468},
numpages = {9},
keywords = {trust, perception, machine performance, dynamic process, decision making},
location = {Marina del Ray, California},
series = {IUI '19}
}

@article{Zemla2017Everyday,
	Author = {Zemla, Jeffrey C. and Sloman, Steven and Bechlivanidis, Christos and Lagnado, David A.},
	Journal = {Psychonomic Bulletin \& Review},
	Number = {5},
	Pages = {1488--1500},
	Title = {Evaluating Everyday Explanations},
	Volume = {24},
	Year = {2017}
}

@inproceedings{Zheng2020Verbose,
author = {Zheng, Lianmin and Chiang, Wei-Lin and Sheng, Ying and Zhuang, Siyuan and Wu, Zhanghao and Zhuang, Yonghao and Lin, Zi and Li, Zhuohan and Li, Dacheng and Xing, Eric P. and Zhang, Hao and Gonzalez, Joseph E. and Stoica, Ion},
title = {Judging LLM-as-a-Judge with MT-bench and Chatbot Arena},
year = {2024},
publisher = {Curran Associates Inc.},
address = {Red Hook, NY, USA},
booktitle = {Proceedings of the 37th International Conference on Neural Information Processing Systems},
articleno = {2020},
numpages = {29},
location = {New Orleans, LA, USA},
series = {NIPS '23}
}

@article{arrieta2019explainable,
title = {Explainable Artificial Intelligence ({XAI}): Concepts, taxonomies, opportunities and challenges toward responsible {AI}},
journal = {Information Fusion},
volume = {58},
pages = {82-115},
year = {2020},
issn = {1566-2535},
doi = {https://doi.org/10.1016/j.inffus.2019.12.012},
url = {https://www.sciencedirect.com/science/article/pii/S1566253519308103},
author = {Alejandro {Barredo Arrieta} and Natalia Díaz-Rodríguez and Javier {Del Ser} and Adrien Bennetot and Siham Tabik and Alberto Barbado and Salvador Garcia and Sergio Gil-Lopez and Daniel Molina and Richard Benjamins and Raja Chatila and Francisco Herrera},
keywords = {Explainable Artificial Intelligence, Machine Learning, Deep Learning, Data Fusion, Interpretability, Comprehensibility, Transparency, Privacy, Fairness, Accountability, Responsible Artificial Intelligence},
}

@article{bechlivanidis2017concreteness,
  author    = {Christos Bechlivanidis and David A Lagnado and Jeffrey C Zemla and Steven Sloman},
  title     = {Concreteness and Abstraction in Everyday Explanation},
  journal   = {Psychonomic Bulletin \& Review},
  volume    = {24},
  number    = {5},
  pages     = {1451--1464},
  year      = {2017},
  doi       = {10.3758/s13423-017-1299-3}
}

@incollection{bromberger1966why,
  author    = {Sylvain Bromberger},
  title     = {Why-Questions},
  booktitle = {Readings in the Philosophy of Science},
  editor    = {Baruch A. Brody},
  pages     = {66--84},
  year      = {1966},
  publisher = {Prentice Hall, Inc.},
  address   = {Englewood Cliffs}
}

@inproceedings{buccinca2020proxy,
  title={Proxy Tasks and Subjective Measures Can Be Misleading in Evaluating Explainable {AI} Systems},
  author={Bu{\c{c}}inca, Zana and Lin, Phoebe and Gajos, Krzysztof Z and Glassman, Elena L},
  booktitle={Proceedings of the 25th International Conference on Intelligent User Interfaces},
  pages={454--464},
  year={2020}
}

@article{chen2023understanding,
  author = {Chen, Valerie and Liao, Q. Vera and Wortman Vaughan, Jennifer and Bansal, Gagan},
  title = {Understanding the Role of Human Intuition on Reliance in Human-AI Decision-Making with Explanations},
  year = {2023},
  issue_date = {October 2023},
  publisher = {Association for Computing Machinery},
  volume = {7},
  number = {CSCW2},
  url = {https://doi.org/10.1145/3610219},
  doi = {10.1145/3610219},
  journal = {Proc. ACM Hum.-Comput. Interact.},
  month = {oct},
  articleno = {370}
  }

@inproceedings{chiang2024overreasoning,
    title = "Over-Reasoning and Redundant Calculation of Large Language Models",
    author = "Chiang, Cheng-Han  and
      Lee, Hung-yi",
    editor = "Graham, Yvette  and
      Purver, Matthew",
    booktitle = "Proceedings of the 18th Conference of the European Chapter of the Association for Computational Linguistics (Volume 2: Short Papers)",
    month = mar,
    year = "2024",
    address = "St. Julian{'}s, Malta",
    publisher = "Association for Computational Linguistics",
    url = "https://aclanthology.org/2024.eacl-short.15",
    pages = "161--169",
}

@inproceedings{ehsan2021explainable,
author = {Ehsan, Upol and Passi, Samir and Liao, Q. Vera and Chan, Larry and Lee, I-Hsiang and Muller, Michael and Riedl, Mark O},
title = {The Who in XAI: How AI Background Shapes Perceptions of AI Explanations},
year = {2024},
isbn = {9798400703300},
publisher = {Association for Computing Machinery},
address = {New York, NY, USA},
url = {https://doi.org/10.1145/3613904.3642474},
doi = {10.1145/3613904.3642474},
booktitle = {Proceedings of the 2024 CHI Conference on Human Factors in Computing Systems},
articleno = {316},
numpages = {32},
keywords = {Explainable AI, Human-Centered Explainable AI, User Characteristics},
location = {Honolulu, HI, USA},
series = {CHI '24}
}

@article{frazier2009preschoolers,
  author    = {Brandy N. Frazier and Susan A. Gelman and Henry M. Wellman},
  title     = {Preschoolers' Search for Explanatory Information Within Adult–Child Conversation},
  journal   = {Child Development},
  volume    = {80},
  number    = {6},
  pages     = {1592--1611},
  year      = {2009},
  doi       = {10.1111/j.1467-8624.2009.01356.x}
}

@inproceedings{gajos2022people,
author = {Gajos, Krzysztof Z. and Mamykina, Lena},
title = {Do People Engage Cognitively with AI? Impact of AI Assistance on Incidental Learning},
year = {2022},
isbn = {9781450391443},
publisher = {Association for Computing Machinery},
address = {New York, NY, USA},
url = {https://doi.org/10.1145/3490099.3511138},
doi = {10.1145/3490099.3511138},
booktitle = {Proceedings of the 27th International Conference on Intelligent User Interfaces},
pages = {794–806},
numpages = {13},
keywords = {cognitive engagement, decision support systems, explainable AI, human-centered AI, incidental learning},
location = {Helsinki, Finland},
series = {IUI '22}
}

@misc{gao2024rag,
      title={Retrieval-Augmented Generation for Large Language Models: A Survey}, 
      author={Yunfan Gao and Yun Xiong and Xinyu Gao and Kangxiang Jia and Jinliu Pan and Yuxi Bi and Yi Dai and Jiawei Sun and Meng Wang and Haofen Wang},
      year={2024},
      eprint={2312.10997},
      archivePrefix={arXiv},
      primaryClass={cs.CL},
      url={https://arxiv.org/abs/2312.10997}, 
}

@inproceedings{hendrycks2021measuring,
 author = {Hendrycks, Dan and Burns, Collin and Kadavath, Saurav and Arora, Akul and Basart, Steven and Tang, Eric and Song, Dawn and Steinhardt, Jacob},
 booktitle = {Proceedings of the Neural Information Processing Systems Track on Datasets and Benchmarks},
 editor = {J. Vanschoren and S. Yeung},
 pages = {},
 title = {Measuring Mathematical Problem Solving With the MATH Dataset},
 url = {https://datasets-benchmarks-proceedings.neurips.cc/paper_files/paper/2021/file/be83ab3ecd0db773eb2dc1b0a17836a1-Paper-round2.pdf},
 volume = {1},
 year = {2021}
}

@misc{huang2023hallucination,
      title={A Survey on Hallucination in Large Language Models: Principles, Taxonomy, Challenges, and Open Questions}, 
      author={Lei Huang and Weijiang Yu and Weitao Ma and Weihong Zhong and Zhangyin Feng and Haotian Wang and Qianglong Chen and Weihua Peng and Xiaocheng Feng and Bing Qin and Ting Liu},
      year={2023},
      eprint={2311.05232},
      archivePrefix={arXiv},
      primaryClass={cs.CL},
      url={https://arxiv.org/abs/2311.05232}, 
}

@inproceedings{huang2023reasoning,
    title = "Towards Reasoning in Large Language Models: A Survey",
    author = "Huang, Jie  and
      Chang, Kevin Chen-Chuan",
    editor = "Rogers, Anna  and
      Boyd-Graber, Jordan  and
      Okazaki, Naoaki",
    booktitle = "Findings of the Association for Computational Linguistics: ACL 2023",
    month = jul,
    year = "2023",
    address = "Toronto, Canada",
    publisher = "Association for Computational Linguistics",
    url = "https://aclanthology.org/2023.findings-acl.67",
    doi = "10.18653/v1/2023.findings-acl.67",
    pages = "1049--1065",
}

@book{kahneman2011thinking,
  author = "Daniel Kahneman",
  year = "2011",
  title = "Thinking, Fast and Slow",
  publisher = "Farrar, Straus and Giroux"
  }

@misc{laban2024flipflop,
      title={Are You Sure? Challenging LLMs Leads to Performance Drops in The FlipFlop Experiment}, 
      author={Philippe Laban and Lidiya Murakhovs'ka and Caiming Xiong and Chien-Sheng Wu},
      year={2024},
      eprint={2311.08596},
      archivePrefix={arXiv},
      primaryClass={cs.CL},
      url={https://arxiv.org/abs/2311.08596}, 
}

@inproceedings{lfqa23,
    title = "A Critical Evaluation of Evaluations for Long-form Question Answering",
    author = "Xu, Fangyuan  and
      Song, Yixiao  and
      Iyyer, Mohit  and
      Choi, Eunsol",
    editor = "Rogers, Anna  and
      Boyd-Graber, Jordan  and
      Okazaki, Naoaki",
    booktitle = "Proceedings of the 61st Annual Meeting of the Association for Computational Linguistics (Volume 1: Long Papers)",
    month = jul,
    year = "2023",
    address = "Toronto, Canada",
    publisher = "Association for Computational Linguistics",
    url = "https://aclanthology.org/2023.acl-long.181/",
    doi = "10.18653/v1/2023.acl-long.181",
    pages = "3225--3245",
}

@article{liao2021human,
  title={Human-Centered Explainable {AI} ({XAI}): {F}rom Algorithms to User Experiences},
  author={Liao, Q Vera and Varshney, Kush R},
  journal={arXiv preprint arXiv:2110.10790},
  year={2021}
}

@article{liao2022designing,
  title={Designing for Responsible Trust in {AI} Systems: {A} Communication Perspective},
  author={Liao, Q Vera and Sundar, S Shyam},
  journal={Proceedings of the 2022 Conference on Fairness, Accountability, and Transparency},
  year={2022}
}

@inproceedings{liu2023evaluating,
    title = "Evaluating Verifiability in Generative Search Engines",
    author = "Liu, Nelson  and
      Zhang, Tianyi  and
      Liang, Percy",
    editor = "Bouamor, Houda  and
      Pino, Juan  and
      Bali, Kalika",
    booktitle = "Findings of the Association for Computational Linguistics: EMNLP 2023",
    month = dec,
    year = "2023",
    address = "Singapore",
    publisher = "Association for Computational Linguistics",
    url = "https://aclanthology.org/2023.findings-emnlp.467",
    doi = "10.18653/v1/2023.findings-emnlp.467",
    pages = "7001--7025",
}

@article{malle1997behaviors,
  author    = {B. F. Malle and Joshua Knobe},
  title     = {Which Behaviors Do People Explain? A Basic Actor–Observer Asymmetry},
  journal   = {Journal of Personality and Social Psychology},
  volume    = {72},
  number    = {2},
  pages     = {288},
  year      = {1997}
}

@inproceedings{saito2023verbosity,
title={Verbosity Bias in Preference Labeling by Large Language Models},
author={Keita Saito and Akifumi Wachi and Koki Wataoka and Youhei Akimoto},
booktitle={NeurIPS 2023 Workshop on Instruction Tuning and Instruction Following},
year={2023},
url={https://openreview.net/forum?id=magEgFpK1y}
}

@misc{santhanam2022rome,
      title={Rome was built in 1776: A Case Study on Factual Correctness in Knowledge-Grounded Response Generation}, 
      author={Sashank Santhanam and Behnam Hedayatnia and Spandana Gella and Aishwarya Padmakumar and Seokhwan Kim and Yang Liu and Dilek Hakkani-Tur},
      year={2022},
      eprint={2110.05456},
      archivePrefix={arXiv},
      primaryClass={cs.CL},
      url={https://arxiv.org/abs/2110.05456}, 
}

@inproceedings{shuster2021eval,
    title = "Retrieval Augmentation Reduces Hallucination in Conversation",
    author = "Shuster, Kurt  and
      Poff, Spencer  and
      Chen, Moya  and
      Kiela, Douwe  and
      Weston, Jason",
    editor = "Moens, Marie-Francine  and
      Huang, Xuanjing  and
      Specia, Lucia  and
      Yih, Scott Wen-tau",
    booktitle = "Findings of the Association for Computational Linguistics: EMNLP 2021",
    month = nov,
    year = "2021",
    address = "Punta Cana, Dominican Republic",
    publisher = "Association for Computational Linguistics",
    url = "https://aclanthology.org/2021.findings-emnlp.320",
    doi = "10.18653/v1/2021.findings-emnlp.320",
    pages = "3784--3803",
}

@inproceedings{si2024fact,
    title = "Large Language Models Help Humans Verify Truthfulness {--} Except When They Are Convincingly Wrong",
    author = "Si, Chenglei  and
      Goyal, Navita  and
      Wu, Tongshuang  and
      Zhao, Chen  and
      Feng, Shi  and
      Daum{\'e} Iii, Hal  and
      Boyd-Graber, Jordan",
    editor = "Duh, Kevin  and
      Gomez, Helena  and
      Bethard, Steven",
    booktitle = "Proceedings of the 2024 Conference of the North American Chapter of the Association for Computational Linguistics: Human Language Technologies (Volume 1: Long Papers)",
    month = jun,
    year = "2024",
    address = "Mexico City, Mexico",
    publisher = "Association for Computational Linguistics",
    url = "https://aclanthology.org/2024.naacl-long.81",
    doi = "10.18653/v1/2024.naacl-long.81",
    pages = "1459--1474",
}

@misc{spatharioti2023comparing,
      title={Comparing Traditional and LLM-based Search for Consumer Choice: A Randomized Experiment}, 
      author={Sofia Eleni Spatharioti and David M. Rothschild and Daniel G. Goldstein and Jake M. Hofman},
      year={2023},
      eprint={2307.03744},
      archivePrefix={arXiv},
      primaryClass={cs.HC}
}

@article{trout2008,
title = {Seduction Without Cause: Uncovering Explanatory Neurophilia},
journal = {Trends in Cognitive Sciences},
volume = {12},
number = {8},
pages = {281-282},
year = {2008},
issn = {1364-6613},
doi = {https://doi.org/10.1016/j.tics.2008.05.004},
url = {https://www.sciencedirect.com/science/article/pii/S1364661308001563},
author = {J.D. Trout},
}

@article{vasconcelos2023generation,
      title={Generation Probabilities Are Not Enough: Exploring the Effectiveness of Uncertainty Highlighting in AI-Powered Code Completions},
      author={Helena Vasconcelos and Gagan Bansal and Adam Fourney and Q. Vera Liao and Jennifer Wortman Vaughan},
      year={2024},
      journal = "ACM Transactions on Computer-Human Interaction"
}

@incollection{vaughan2021humancentered,
  author =      {Wortman Vaughan, Jennifer and Wallach, Hanna},
  editor =      {Marcello Pelillo and Teresa Scantamburlo},
  title =       {A Human-Centered Agenda for Intelligible Machine Learning},
  booktitle =   {Machines We Trust: Perspectives on Dependable AI},
  year =        {2021},
  publisher =   {MIT Press}
}

@inproceedings{wang2021explanations,
author = {Wang, Xinru and Yin, Ming},
title = {Are Explanations Helpful? A Comparative Study of the Effects of Explanations in AI-Assisted Decision-Making},
year = {2021},
isbn = {9781450380171},
publisher = {Association for Computing Machinery},
address = {New York, NY, USA},
url = {https://doi.org/10.1145/3397481.3450650},
doi = {10.1145/3397481.3450650},
booktitle = {Proceedings of the 26th International Conference on Intelligent User Interfaces},
pages = {318–328},
numpages = {11},
keywords = {explainable AI, human-subject experiments, interpretable machine learning, trust, trust calibration},
location = {College Station, TX, USA},
series = {IUI '21}
}

@misc{wang2023factuality,
      title={Survey on Factuality in Large Language Models: Knowledge, Retrieval and Domain-Specificity}, 
      author={Cunxiang Wang and Xiaoze Liu and Yuanhao Yue and Xiangru Tang and Tianhang Zhang and Cheng Jiayang and Yunzhi Yao and Wenyang Gao and Xuming Hu and Zehan Qi and Yidong Wang and Linyi Yang and Jindong Wang and Xing Xie and Zheng Zhang and Yue Zhang},
      year={2023},
      eprint={2310.07521},
      archivePrefix={arXiv},
      primaryClass={cs.CL}
}

@inproceedings{wang2023selfconsistency,
title={Self-Consistency Improves Chain of Thought Reasoning in Language Models},
author={Xuezhi Wang and Jason Wei and Dale Schuurmans and Quoc V Le and Ed H. Chi and Sharan Narang and Aakanksha Chowdhery and Denny Zhou},
booktitle={The Eleventh International Conference on Learning Representations },
year={2023},
url={https://openreview.net/forum?id=1PL1NIMMrw}
}

@article{weisberg2015deconstructing,
  author    = {Weisberg, Deena Skolnick and Taylor, Jordan C.V and Hopkins, Emily J},
  title     = {Deconstructing the Seductive Allure of Neuroscience Explanations},
  journal   = {Judgment and Decision Making},
  volume    = {10},
  number    = {5},
  pages     = {429--441},
  year      = {2015}
}

@inproceedings{yin2019understanding,
  title = "Understanding the Effect of Accuracy on Trust in Machine Learning Models",
  author = "Ming Yin and Jennifer Wortman Vaughan and Hanna Wallach",
  booktitle = "Proceedings of the 2019 ACM CHI Conference on Human Factors in Computing Systems",
  year = "2019"
  }

@inproceedings{zhang2020effect,
  title={Effect of Confidence and Explanation on Accuracy and Trust Calibration in AI-assisted Decision Making},
  author={Zhang, Yunfeng and Liao, Q Vera and Bellamy, Rachel KE},
  booktitle={Proceedings of the 2020 Conference on Fairness, Accountability, and Transparency},
  pages={295--305},
  year={2020}
}

@misc{zhou2024relying,
      title={Relying on the Unreliable: The Impact of Language Models' Reluctance to Express Uncertainty}, 
      author={Kaitlyn Zhou and Jena D. Hwang and Xiang Ren and Maarten Sap},
      year={2024},
      eprint={2401.06730},
      archivePrefix={arXiv},
      primaryClass={cs.CL}
}

@article{ziegler2019finetuning,
  title={Fine-Tuning Language Models from Human Preferences},
  author={Ziegler, Daniel M. and Stiennon, Nisan and Wu, Jeffrey and Brown, Tom B. and Radford, Alec and Amodei, Dario and Christiano, Paul and Irving, Geoffrey},
  journal={arXiv preprint arXiv:1909.08593},
  url={https://arxiv.org/abs/1909.08593},
  year={2019}
}

