@article{tacl2022,
    author = {Laban, Philippe and Schnabel, Tobias and Bennett, Paul N. and Hearst, Marti A.},
    title = {SummaC: Re-Visiting NLI-based Models for Inconsistency Detection in Summarization},
    journal = {Transactions of the Association for Computational Linguistics},
    volume = {10},
    pages = {163-177},
    year = {2022},
    month = {02},
    doi = {10.1162/tacl_a_00453},
    url = {https://doi.org/10.1162/tacl\_a\_00453},
    eprint = {https://direct.mit.edu/tacl/article-pdf/doi/10.1162/tacl\_a\_00453/1987014/tacl\_a\_00453.pdf},
}

@inproceedings{contradiction2008,
    title = "Finding Contradictions in Text",
    author = "de Marneffe, Marie-Catherine  and
      Rafferty, Anna N.  and
      Manning, Christopher D.",
    editor = "Moore, Johanna D.  and
      Teufel, Simone  and
      Allan, James  and
      Furui, Sadaoki",
    booktitle = "Proceedings of ACL-08: HLT",
    month = jun,
    year = "2008",
    address = "Columbus, Ohio",
    publisher = "Association for Computational Linguistics",
    url = "https://aclanthology.org/P08-1118",
    pages = "1039--1047",
}

@book{Hurley2000,
	address = {Belmont, CA},
	author = {Patrick J. Hurley},
	editor = {Lori Watson},
	publisher = {Wadsworth},
	title = {A Concise Introduction to Logic},
	year = {2000}
}


@inproceedings{Shi2023ICML,
author = {Shi, Freda and Chen, Xinyun and Misra, Kanishka and Scales, Nathan and Dohan, David and Chi, Ed and Sch\"{a}rli, Nathanael and Zhou, Denny},
title = {Large Language Models can be Easily Distracted by Irrelevant Context},
year = {2023},
publisher = {JMLR.org},
booktitle = {Proceedings of the 40th International Conference on Machine Learning},
articleno = {1291},
numpages = {18},
location = {Honolulu, Hawaii, USA},
series = {ICML'23}
}

@inproceedings{ShareGPTanalysis,
    title = "The Shifted and The Overlooked: A Task-oriented Investigation of User-{GPT} Interactions",
    author = "Ouyang, Siru  and
      Wang, Shuohang  and
      Liu, Yang  and
      Zhong, Ming  and
      Jiao, Yizhu  and
      Iter, Dan  and
      Pryzant, Reid  and
      Zhu, Chenguang  and
      Ji, Heng  and
      Han, Jiawei",
    editor = "Bouamor, Houda  and
      Pino, Juan  and
      Bali, Kalika",
    booktitle = "Proceedings of the 2023 Conference on Empirical Methods in Natural Language Processing",
    month = dec,
    year = "2023",
    address = "Singapore",
    publisher = "Association for Computational Linguistics",
    url = "https://aclanthology.org/2023.emnlp-main.146",
    doi = "10.18653/v1/2023.emnlp-main.146",
    pages = "2375--2393",
}

@incollection{Lombrozo2012,
    author = {Lombrozo, Tanya},
    isbn = {9780199734689},
    title = "{Explanation and Abductive Inference}",
    booktitle = "{The Oxford Handbook of Thinking and Reasoning}",
    publisher = {Oxford University Press},
    year = {2012},
    month = {03},
    doi = {10.1093/oxfordhb/9780199734689.013.0014}
}


@article{Lombrozo2006TCS,
	Author = {Lombrozo, Tania},
	Journal = {Trends in Cognitive Sciences},
	Month = {2024/09/10},
	Number = {10},
	Pages = {464--470},
	Title = {The Structure and Function of Explanations},
	Volume = {10},
	Year = {2006}}

@article{keil2006explanation,
  author    = {Frank C. Keil},
  title     = {Explanation and Understanding},
  journal   = {Annual Review of Psychology},
  volume    = {57},
  pages     = {227--254},
  year      = {2006},
  doi       = {10.1146/annurev.psych.57.102904.190100}
}


@article{Ji2023Hallucination,
author = {Ji, Ziwei and Lee, Nayeon and Frieske, Rita and Yu, Tiezheng and Su, Dan and Xu, Yan and Ishii, Etsuko and Bang, Ye Jin and Madotto, Andrea and Fung, Pascale},
title = {Survey of Hallucination in Natural Language Generation},
year = {2023},
issue_date = {December 2023},
publisher = {Association for Computing Machinery},
address = {New York, NY, USA},
volume = {55},
number = {12},
issn = {0360-0300},
url = {https://doi.org/10.1145/3571730},
doi = {10.1145/3571730},
journal = {ACM Comput. Surv.},
month = {mar},
articleno = {248},
numpages = {38},
keywords = {Hallucination, intrinsic hallucination, extrinsic hallucination, faithfulness in NLG, factuality in NLG, consistency in NLG}
}

@article{douven2018best,
  author    = {Douven, Igor and Mirabile, Patricia},
  title     = {Best, Second-Best, and Good-Enough Explanations: How They Matter to Reasoning},
  journal   = {Journal of Experimental Psychology: Learning, Memory, and Cognition},
  volume    = {44},
  number    = {11},
  pages     = {1792--1813},
  year      = {2018},
  doi       = {10.1037/xlm0000545}
}


@misc{santhanam2022rome,
      title={Rome was built in 1776: A Case Study on Factual Correctness in Knowledge-Grounded Response Generation}, 
      author={Sashank Santhanam and Behnam Hedayatnia and Spandana Gella and Aishwarya Padmakumar and Seokhwan Kim and Yang Liu and Dilek Hakkani-Tur},
      year={2022},
      eprint={2110.05456},
      archivePrefix={arXiv},
      primaryClass={cs.CL},
      url={https://arxiv.org/abs/2110.05456}, 
}

@inproceedings{shuster2021eval,
    title = "Retrieval Augmentation Reduces Hallucination in Conversation",
    author = "Shuster, Kurt  and
      Poff, Spencer  and
      Chen, Moya  and
      Kiela, Douwe  and
      Weston, Jason",
    editor = "Moens, Marie-Francine  and
      Huang, Xuanjing  and
      Specia, Lucia  and
      Yih, Scott Wen-tau",
    booktitle = "Findings of the Association for Computational Linguistics: EMNLP 2021",
    month = nov,
    year = "2021",
    address = "Punta Cana, Dominican Republic",
    publisher = "Association for Computational Linguistics",
    url = "https://aclanthology.org/2021.findings-emnlp.320",
    doi = "10.18653/v1/2021.findings-emnlp.320",
    pages = "3784--3803",
}

@techreport{passi2024appropriate,
author = {Passi, Samir and Dhanorkar, Shipi and Vorvoreanu, Mihaela},
title = {Appropriate reliance on Generative AI: Research synthesis},
institution = {Microsoft},
year = {2024},
month = {March},
url = {https://www.microsoft.com/en-us/research/publication/appropriate-reliance-on-generative-ai-research-synthesis/},
number = {MSR-TR-2024-7},
}

@article{Wathen2002Credibility,
author = {Wathen, C. Nadine and Burkell, Jacquelyn},
title = {Believe It or Not: Factors Influencing Credibility on the Web},
journal = {Journal of the American Society for Information Science and Technology},
volume = {53},
number = {2},
pages = {134-144},
doi = {https://doi.org/10.1002/asi.10016},
year = {2002}
}


@article{Rieh2007Credibility,
author = {Rieh, Soo Young and Danielson, David R.},
title = {Credibility: A Multidisciplinary Framework},
journal = {Annual Review of Information Science and Technology},
volume = {41},
number = {1},
pages = {307-364},
doi = {https://doi.org/10.1002/aris.2007.1440410114},
year = {2007}
}



@misc{xie2024adv,
      title={Adversarial Math Word Problem Generation}, 
      author={Roy Xie and Chengxuan Huang and Junlin Wang and Bhuwan Dhingra},
      year={2024},
      eprint={2402.17916},
      archivePrefix={arXiv},
      primaryClass={cs.CL}
}

@article{lombrozo2007simplicity,
  author    = {Tania Lombrozo},
  title     = {Simplicity and Probability in Causal Explanation},
  journal   = {Cognitive Psychology},
  volume    = {55},
  number    = {3},
  pages     = {232--257},
  year      = {2007},
  doi       = {10.1016/j.cogpsych.2006.09.006}
}


@inproceedings{cruz2024effect,
  author    = {Francisco Cruz and Tania Lombrozo},
  title     = {The Effect of Jargon on Perceptions of Explanation Quality: Reconciling Contradictory Findings},
  booktitle = {Proceedings of the Annual Meeting of the Cognitive Science Society},
  volume    = {46},
  year      = {2024},
  url       = {https://escholarship.org/uc/item/4ds9s5tj}
}

@inproceedings{Salimzadeh2023UMAP,
author = {Salimzadeh, Sara and He, Gaole and Gadiraju, Ujwal},
title = {A Missing Piece in the Puzzle: Considering the Role of Task Complexity in Human-AI Decision Making},
year = {2023},
isbn = {9781450399326},
publisher = {Association for Computing Machinery},
address = {New York, NY, USA},
url = {https://doi.org/10.1145/3565472.3592959},
doi = {10.1145/3565472.3592959},
booktitle = {Proceedings of the 31st ACM Conference on User Modeling, Adaptation and Personalization},
pages = {215–227},
numpages = {13},
location = {Limassol, Cyprus},
series = {UMAP '23}
}

@inproceedings{Salimzadeh2024CHI,
author = {Salimzadeh, Sara and He, Gaole and Gadiraju, Ujwal},
title = {Dealing with Uncertainty: Understanding the Impact of Prognostic Versus Diagnostic Tasks on Trust and Reliance in Human-AI Decision Making},
year = {2024},
isbn = {9798400703300},
publisher = {Association for Computing Machinery},
address = {New York, NY, USA},
url = {https://doi.org/10.1145/3613904.3641905},
doi = {10.1145/3613904.3641905},
booktitle = {Proceedings of the CHI Conference on Human Factors in Computing Systems},
articleno = {25},
numpages = {17},
location = {Honolulu, HI, USA},
series = {CHI '24}
}

@inproceedings{Kim2023Trust,
author = {Kim, Sunnie S. Y. and Watkins, Elizabeth Anne and Russakovsky, Olga and Fong, Ruth and Monroy-Hern\'{a}ndez, Andr\'{e}s},
title = {Humans, AI, and Context: Understanding End-Users’ Trust in a Real-World Computer Vision Application},
year = {2023},
isbn = {9798400701924},
publisher = {Association for Computing Machinery},
address = {New York, NY, USA},
url = {https://doi.org/10.1145/3593013.3593978},
doi = {10.1145/3593013.3593978},
booktitle = {Proceedings of the 2023 ACM Conference on Fairness, Accountability, and Transparency},
pages = {77–88},
numpages = {12},
keywords = {Case Study, Computer Vision, Human-AI Interaction, Trust in AI},
location = {Chicago, IL, USA},
series = {FAccT '23}
}


@inproceedings{turpin2023language,
author = {Turpin, Miles and Michael, Julian and Perez, Ethan and Bowman, Samuel R.},
title = {Language Models Don't Always Say What They Think: Unfaithful Explanations in Chain-of-Thought Prompting},
year = {2023},
publisher = {Curran Associates Inc.},
address = {Red Hook, NY, USA},
booktitle = {Proceedings of the 37th International Conference on Neural Information Processing Systems},
articleno = {3275},
numpages = {14},
location = {New Orleans, LA, USA},
series = {NIPS '23}
}

@inproceedings{Elmimouni2022Source,
author = {Elmimouni, Houda and Forte, Andrea and Morgan, Jonathan},
title = {Why People Trust Wikipedia Articles: Credibility Assessment Strategies Used by Readers},
year = {2022},
isbn = {9781450398459},
publisher = {Association for Computing Machinery},
address = {New York, NY, USA},
url = {https://doi.org/10.1145/3555051.3555052},
doi = {10.1145/3555051.3555052},
booktitle = {Proceedings of the 18th International Symposium on Open Collaboration},
articleno = {9},
numpages = {10},
keywords = {Wikipedia, credibility assessment, trust, trust taxonomy},
location = {Madrid, Spain},
series = {OpenSym '22}
}

@misc{spatharioti2023comparing,
      title={Comparing Traditional and LLM-based Search for Consumer Choice: A Randomized Experiment}, 
      author={Sofia Eleni Spatharioti and David M. Rothschild and Daniel G. Goldstein and Jake M. Hofman},
      year={2023},
      eprint={2307.03744},
      archivePrefix={arXiv},
      primaryClass={cs.HC}
}

@misc{zhou2024relying,
      title={Relying on the Unreliable: The Impact of Language Models' Reluctance to Express Uncertainty}, 
      author={Kaitlyn Zhou and Jena D. Hwang and Xiang Ren and Maarten Sap},
      year={2024},
      eprint={2401.06730},
      archivePrefix={arXiv},
      primaryClass={cs.CL}
}

@article{Zhu2023LargeLM,
  title={Large Language Models for Information Retrieval: A Survey},
  author={Yutao Zhu and Huaying Yuan and Shuting Wang and Jiongnan Liu and Wenhan Liu and Chenlong Deng and Zhicheng Dou and Ji-rong Wen},
  journal={ArXiv},
  year={2023},
  volume={abs/2308.07107},
  url={https://api.semanticscholar.org/CorpusID:260887838}
}

@inproceedings{Sharma2024Echochamber,
author = {Sharma, Nikhil and Liao, Q. Vera and Xiao, Ziang},
title = {Generative Echo Chamber? Effect of LLM-Powered Search Systems on Diverse Information Seeking},
year = {2024},
isbn = {9798400703300},
publisher = {Association for Computing Machinery},
address = {New York, NY, USA},
url = {https://doi.org/10.1145/3613904.3642459},
doi = {10.1145/3613904.3642459},
booktitle = {Proceedings of the CHI Conference on Human Factors in Computing Systems},
articleno = {1033},
numpages = {17},
keywords = {Confirmation Bias, Conversational Search, Echo Chamber Effect, Generative AI, Information Diversity, Information Seeking, Large Language Models},
location = {Honolulu, HI, USA},
series = {CHI '24}
}

@inproceedings{Pafla2024CHI,
author = {Pafla, Marvin and Larson, Kate and Hancock, Mark},
title = {Unraveling the Dilemma of AI Errors: Exploring the Effectiveness of Human and Machine Explanations for Large Language Models},
year = {2024},
isbn = {9798400703300},
publisher = {Association for Computing Machinery},
address = {New York, NY, USA},
url = {https://doi.org/10.1145/3613904.3642934},
doi = {10.1145/3613904.3642934},
booktitle = {Proceedings of the CHI Conference on Human Factors in Computing Systems},
articleno = {839},
numpages = {20},
keywords = {Stanford Question Answering Dataset (SQuAD 1.1v), dilemma of AI errors, explainability, explainable artificial intelligence (XAI), explanation confirmation bias, explanation evaluation, human explanation, human-participant study, large language models (LLMs), local explanations, machine explanation, post-hoc explanations, question-answering task, saliency maps, text-explanations},
location = {Honolulu, HI, USA},
series = {CHI '24}
}

@article{chen2023machine,
title={Machine Explanations and Human Understanding},
author={Chacha Chen and Shi Feng and Amit Sharma and Chenhao Tan},
journal={Transactions on Machine Learning Research},
issn={2835-8856},
year={2023},
url={https://openreview.net/forum?id=y4CGF1A8VG},
note={}
}

@article{arrieta2019explainable,
title = {Explainable Artificial Intelligence ({XAI}): Concepts, taxonomies, opportunities and challenges toward responsible {AI}},
journal = {Information Fusion},
volume = {58},
pages = {82-115},
year = {2020},
issn = {1566-2535},
doi = {https://doi.org/10.1016/j.inffus.2019.12.012},
url = {https://www.sciencedirect.com/science/article/pii/S1566253519308103},
author = {Alejandro {Barredo Arrieta} and Natalia Díaz-Rodríguez and Javier {Del Ser} and Adrien Bennetot and Siham Tabik and Alberto Barbado and Salvador Garcia and Sergio Gil-Lopez and Daniel Molina and Richard Benjamins and Raja Chatila and Francisco Herrera},
keywords = {Explainable Artificial Intelligence, Machine Learning, Deep Learning, Data Fusion, Interpretability, Comprehensibility, Transparency, Privacy, Fairness, Accountability, Responsible Artificial Intelligence},
}

@article{RudinEtAlSurvey2022,
author = {Cynthia Rudin and Chaofan Chen and Zhi Chen and Haiyang Huang and Lesia Semenova and Chudi Zhong},
title = {{Interpretable Machine Learning: Fundamental Principles and 10 Grand Challenges}},
volume = {16},
journal = {Statistics Surveys},
number = {none},
publisher = {Amer. Statist. Assoc., the Bernoulli Soc., the Inst. Math. Statist., and the Statist. Soc. Canada},
pages = {1 -- 85},
keywords = {explainable machine learning, Interpretable machine learning},
year = {2022},
doi = {10.1214/21-SS133},
URL = {https://doi.org/10.1214/21-SS133}
}

@inproceedings{si2024fact,
    title = "Large Language Models Help Humans Verify Truthfulness {--} Except When They Are Convincingly Wrong",
    author = "Si, Chenglei  and
      Goyal, Navita  and
      Wu, Tongshuang  and
      Zhao, Chen  and
      Feng, Shi  and
      Daum{\'e} Iii, Hal  and
      Boyd-Graber, Jordan",
    editor = "Duh, Kevin  and
      Gomez, Helena  and
      Bethard, Steven",
    booktitle = "Proceedings of the 2024 Conference of the North American Chapter of the Association for Computational Linguistics: Human Language Technologies (Volume 1: Long Papers)",
    month = jun,
    year = "2024",
    address = "Mexico City, Mexico",
    publisher = "Association for Computational Linguistics",
    url = "https://aclanthology.org/2024.naacl-long.81",
    doi = "10.18653/v1/2024.naacl-long.81",
    pages = "1459--1474",
}


@article{Mills2017Children,
	Author = {Mills, Candice M. and Danovitch, Judith H. and Rowles, Sydney P. and Campbell, Ian L.},
	Journal = {Psychonomic Bulletin \& Review},
	Number = {5},
	Pages = {1465--1477},
	Title = {Children's Success at Detecting Circular Explanations and Their Interest in Future Learning},
	Volume = {24},
	Year = {2017}}

@article{nytimes2023lawyer,
  title = "The ChatGPT Lawyer Explains Himself",
  author = "Benjamin Weiser and Nate Schweber",
  journal = "New York Times",
  year = "2023",
  month = "June"
  }

@article{chen2023understanding,
  author = {Chen, Valerie and Liao, Q. Vera and Wortman Vaughan, Jennifer and Bansal, Gagan},
  title = {Understanding the Role of Human Intuition on Reliance in Human-AI Decision-Making with Explanations},
  year = {2023},
  issue_date = {October 2023},
  publisher = {Association for Computing Machinery},
  volume = {7},
  number = {CSCW2},
  url = {https://doi.org/10.1145/3610219},
  doi = {10.1145/3610219},
  journal = {Proc. ACM Hum.-Comput. Interact.},
  month = {oct},
  articleno = {370}
  }

@techreport{passi2022overreliance,
author = {Passi, Samir and Vorvoreanu, Mihaela},
title = {Overreliance on AI: Literature Review},
institution = {Microsoft},
year = {2022},
month = {June},
url = {https://www.microsoft.com/en-us/research/publication/overreliance-on-ai-literature-review/},
number = {MSR-TR-2022-12},
}

@inproceedings{wang2021explanations,
author = {Wang, Xinru and Yin, Ming},
title = {Are Explanations Helpful? A Comparative Study of the Effects of Explanations in AI-Assisted Decision-Making},
year = {2021},
isbn = {9781450380171},
publisher = {Association for Computing Machinery},
address = {New York, NY, USA},
url = {https://doi.org/10.1145/3397481.3450650},
doi = {10.1145/3397481.3450650},
booktitle = {Proceedings of the 26th International Conference on Intelligent User Interfaces},
pages = {318–328},
numpages = {11},
keywords = {explainable AI, human-subject experiments, interpretable machine learning, trust, trust calibration},
location = {College Station, TX, USA},
series = {IUI '21}
}

@article{Fok2024Verifiability,
author = {Fok, Raymond and Weld, Daniel S.},
title = {In Search of Verifiability: Explanations Rarely Enable Complementary Performance in AI-advised Decision Making},
journal = {AI Magazine},
doi = {https://doi.org/10.1002/aaai.12182}
}



@inproceedings{Poursabzi-Sangdeh-CHI2021,
author = {Poursabzi-Sangdeh, Forough and Goldstein, Daniel G and Hofman, Jake M and Wortman Vaughan, Jennifer Wortman and Wallach, Hanna},
title = {Manipulating and Measuring Model Interpretability},
year = {2021},
isbn = {9781450380966},
publisher = {Association for Computing Machinery},
address = {New York, NY, USA},
url = {https://doi.org/10.1145/3411764.3445315},
doi = {10.1145/3411764.3445315},
booktitle = {Proceedings of the 2021 CHI Conference on Human Factors in Computing Systems},
articleno = {237},
numpages = {52},
keywords = {interpretability, machine-assisted decision making, human-centered machine learning},
location = {Yokohama, Japan},
series = {CHI '21}
}


@inproceedings{Bansal2021CHI,
author = {Bansal, Gagan and Wu, Tongshuang and Zhou, Joyce and Fok, Raymond and Nushi, Besmira and Kamar, Ece and Ribeiro, Marco Tulio and Weld, Daniel},
title = {Does the Whole Exceed Its Parts? The Effect of AI Explanations on Complementary Team Performance},
year = {2021},
isbn = {9781450380966},
publisher = {Association for Computing Machinery},
address = {New York, NY, USA},
url = {https://doi.org/10.1145/3411764.3445717},
doi = {10.1145/3411764.3445717},
booktitle = {Proceedings of the 2021 CHI Conference on Human Factors in Computing Systems},
articleno = {81},
numpages = {16},
keywords = {Human-AI teams, Augmented intelligence, Explainable AI},
location = {Yokohama, Japan},
series = {CHI '21}
}


@article{Vasconcelos2023CSCW,
author = {Vasconcelos, Helena and J\"{o}rke, Matthew and Grunde-McLaughlin, Madeleine and Gerstenberg, Tobias and Bernstein, Michael S. and Krishna, Ranjay},
title = {Explanations Can Reduce Overreliance on AI Systems During Decision-Making},
year = {2023},
issue_date = {April 2023},
publisher = {Association for Computing Machinery},
address = {New York, NY, USA},
volume = {7},
number = {CSCW1},
url = {https://doi.org/10.1145/3579605},
doi = {10.1145/3579605},
journal = {Proc. ACM Hum.-Comput. Interact.},
month = {apr},
articleno = {129},
numpages = {38},
keywords = {human-AI collaboration, explainable AI, cost-benefit analysis, decision-making}
}

@misc{pudari2023copilot,
      title={From Copilot to Pilot: Towards AI Supported Software Development}, 
      author={Rohith Pudari and Neil A. Ernst},
      year={2023},
      eprint={2303.04142},
      archivePrefix={arXiv},
      primaryClass={cs.SE}
}

@inproceedings{al2022readable,
  title={How readable is model-generated code? Wxamining readability and visual inspection of github copilot},
  author={Al Madi, Naser},
  booktitle={Proceedings of the 37th IEEE/ACM International Conference on Automated Software Engineering},
  pages={1--5},
  year={2022}
}

@article{mozannar2023suggestion, 
title={When to Show a Suggestion? Integrating Human Feedback in AI-Assisted Programming}, volume={38}, url={https://ojs.aaai.org/index.php/AAAI/article/view/28878}, DOI={10.1609/aaai.v38i9.28878}, number={9}, journal={Proceedings of the AAAI Conference on Artificial Intelligence}, author={Mozannar, Hussein and Bansal, Gagan and Fourney, Adam and Horvitz, Eric}, year={2024}, month={Mar.}, pages={10137-10144} }

@inproceedings{Yuan2022IUI,
author = {Yuan, Ann and Coenen, Andy and Reif, Emily and Ippolito, Daphne},
title = {Wordcraft: Story Writing With Large Language Models},
year = {2022},
isbn = {9781450391443},
publisher = {Association for Computing Machinery},
address = {New York, NY, USA},
url = {https://doi.org/10.1145/3490099.3511105},
doi = {10.1145/3490099.3511105},
booktitle = {27th International Conference on Intelligent User Interfaces},
pages = {841–852},
numpages = {12},
keywords = {NLP},
location = {Helsinki, Finland},
series = {IUI '22}
}


@inproceedings{Gero2023CHI,
author = {Gero, Katy Ilonka and Long, Tao and Chilton, Lydia B},
title = {Social Dynamics of AI Support in Creative Writing},
year = {2023},
isbn = {9781450394215},
publisher = {Association for Computing Machinery},
address = {New York, NY, USA},
url = {https://doi.org/10.1145/3544548.3580782},
doi = {10.1145/3544548.3580782},
booktitle = {Proceedings of the 2023 CHI Conference on Human Factors in Computing Systems},
articleno = {245},
numpages = {15},
keywords = {human-AI collaboration, creative writing, writing assistants, language models, writing support tools},
location = {Hamburg, Germany},
series = {CHI '23}
}

@inproceedings{liu2023evaluating,
    title = "Evaluating Verifiability in Generative Search Engines",
    author = "Liu, Nelson  and
      Zhang, Tianyi  and
      Liang, Percy",
    editor = "Bouamor, Houda  and
      Pino, Juan  and
      Bali, Kalika",
    booktitle = "Findings of the Association for Computational Linguistics: EMNLP 2023",
    month = dec,
    year = "2023",
    address = "Singapore",
    publisher = "Association for Computational Linguistics",
    url = "https://aclanthology.org/2023.findings-emnlp.467",
    doi = "10.18653/v1/2023.findings-emnlp.467",
    pages = "7001--7025",
}

@misc{Mehdi_2023, title={The New Bing and Edge – Progress from Our First Month }, url={https://blogs.bing.com/search/march_2023/The-New-Bing-and-Edge-\%E2\%80\%93-Momentum-from-Our-First-Month}, journal={Microsoft Bing Blogs}, author={Mehdi, Yusuf}, year={2023}, month={Mar}} 


@inproceedings{li2024CHI,
author = {Li, Brenna and Gross, Ofek and Crampton, Noah and Kapoor, Mamta and Tauseef, Saba and Jain, Mohit and Truong, Khai N. and Mariakakis, Alex},
title = {Beyond the Waiting Room: Patient's Perspectives on the Conversational Nuances of Pre-Consultation Chatbots},
year = {2024},
isbn = {9798400703300},
publisher = {Association for Computing Machinery},
address = {New York, NY, USA},
url = {https://doi.org/10.1145/3613904.3641913},
doi = {10.1145/3613904.3641913},
booktitle = {Proceedings of the CHI Conference on Human Factors in Computing Systems},
articleno = {438},
numpages = {24},
keywords = {LLMs, chatbots, information gathering, patient intake, primary care},
location = {Honolulu, HI, USA},
series = {CHI '24}
}

@article{Wei2024Chatbot,
author = {Wei, Jing and Kim, Sungdong and Jung, Hyunhoon and Kim, Young-Ho},
title = {Leveraging Large Language Models to Power Chatbots for Collecting User Self-Reported Data},
year = {2024},
issue_date = {April 2024},
publisher = {Association for Computing Machinery},
address = {New York, NY, USA},
volume = {8},
number = {CSCW1},
url = {https://doi.org/10.1145/3637364},
doi = {10.1145/3637364},
journal = {Proc. ACM Hum.-Comput. Interact.},
month = {apr},
articleno = {87},
numpages = {35},
keywords = {chatbots, conversational agents, dialogue acts, large language models}
}

@misc{agarwal2024faithfulness,
      title={Faithfulness vs. Plausibility: On the (Un)Reliability of Explanations from Large Language Models}, 
      author={Chirag Agarwal and Sree Harsha Tanneru and Himabindu Lakkaraju},
      year={2024},
      eprint={2402.04614},
      archivePrefix={arXiv},
      primaryClass={cs.CL},
      url={https://arxiv.org/abs/2402.04614}, 
}

@inproceedings{jacovi2020faithfulness,
    title = "Towards Faithfully Interpretable {NLP} Systems: How Should We Define and Evaluate Faithfulness?",
    author = "Jacovi, Alon  and
      Goldberg, Yoav",
    editor = "Jurafsky, Dan  and
      Chai, Joyce  and
      Schluter, Natalie  and
      Tetreault, Joel",
    booktitle = "Proceedings of the 58th Annual Meeting of the Association for Computational Linguistics",
    month = jul,
    year = "2020",
    address = "Online",
    publisher = "Association for Computational Linguistics",
    url = "https://aclanthology.org/2020.acl-main.386",
    doi = "10.18653/v1/2020.acl-main.386",
    pages = "4198--4205",
}

@inproceedings{atanasova2023faithfulness,
    title = "Faithfulness Tests for Natural Language Explanations",
    author = "Atanasova, Pepa  and
      Camburu, Oana-Maria  and
      Lioma, Christina  and
      Lukasiewicz, Thomas  and
      Simonsen, Jakob Grue  and
      Augenstein, Isabelle",
    booktitle = "Proceedings of the 61st Annual Meeting of the Association for Computational Linguistics (Volume 2: Short Papers)",
    month = jul,
    year = "2023",
    address = "Toronto, Canada",
    publisher = "Association for Computational Linguistics",
    url = "https://aclanthology.org/2023.acl-short.25",
    doi = "10.18653/v1/2023.acl-short.25",
    pages = "283--294",
}

@article{Zhao2024,
author = {Zhao, Haiyan and Chen, Hanjie and Yang, Fan and Liu, Ninghao and Deng, Huiqi and Cai, Hengyi and Wang, Shuaiqiang and Yin, Dawei and Du, Mengnan},
title = {Explainability for Large Language Models: A Survey},
year = {2024},
issue_date = {April 2024},
publisher = {Association for Computing Machinery},
address = {New York, NY, USA},
volume = {15},
number = {2},
issn = {2157-6904},
url = {https://doi.org/10.1145/3639372},
doi = {10.1145/3639372},
journal = {ACM Trans. Intell. Syst. Technol.},
month = {feb},
articleno = {20},
numpages = {38},
keywords = {Explainability, interpretability, large language models}
}

@inproceedings{weijie2024,
    title = "How Interpretable are Reasoning Explanations from Prompting Large Language Models?",
    author = "Wei Jie, Yeo  and
      Satapathy, Ranjan  and
      Goh, Rick  and
      Cambria, Erik",
    editor = "Duh, Kevin  and
      Gomez, Helena  and
      Bethard, Steven",
    booktitle = "Findings of the Association for Computational Linguistics: NAACL 2024",
    month = jun,
    year = "2024",
    address = "Mexico City, Mexico",
    publisher = "Association for Computational Linguistics",
    url = "https://aclanthology.org/2024.findings-naacl.138",
    doi = "10.18653/v1/2024.findings-naacl.138",
    pages = "2148--2164",
}

@inproceedings{lfqa23,
    title = "A Critical Evaluation of Evaluations for Long-form Question Answering",
    author = "Xu, Fangyuan  and
      Song, Yixiao  and
      Iyyer, Mohit  and
      Choi, Eunsol",
    editor = "Rogers, Anna  and
      Boyd-Graber, Jordan  and
      Okazaki, Naoaki",
    booktitle = "Proceedings of the 61st Annual Meeting of the Association for Computational Linguistics (Volume 1: Long Papers)",
    month = jul,
    year = "2023",
    address = "Toronto, Canada",
    publisher = "Association for Computational Linguistics",
    url = "https://aclanthology.org/2023.acl-long.181/",
    doi = "10.18653/v1/2023.acl-long.181",
    pages = "3225--3245",
}

@article{ziegler2019finetuning,
  title={Fine-Tuning Language Models from Human Preferences},
  author={Ziegler, Daniel M. and Stiennon, Nisan and Wu, Jeffrey and Brown, Tom B. and Radford, Alec and Amodei, Dario and Christiano, Paul and Irving, Geoffrey},
  journal={arXiv preprint arXiv:1909.08593},
  url={https://arxiv.org/abs/1909.08593},
  year={2019}
}

@inproceedings{hendrycks2021measuring,
 author = {Hendrycks, Dan and Burns, Collin and Kadavath, Saurav and Arora, Akul and Basart, Steven and Tang, Eric and Song, Dawn and Steinhardt, Jacob},
 booktitle = {Proceedings of the Neural Information Processing Systems Track on Datasets and Benchmarks},
 editor = {J. Vanschoren and S. Yeung},
 pages = {},
 title = {Measuring Mathematical Problem Solving With the MATH Dataset},
 url = {https://datasets-benchmarks-proceedings.neurips.cc/paper_files/paper/2021/file/be83ab3ecd0db773eb2dc1b0a17836a1-Paper-round2.pdf},
 volume = {1},
 year = {2021}
}


@article{Collins2024PNAS,
author = {Katherine M. Collins  and Albert Q. Jiang  and Simon Frieder  and Lionel Wong  and Miri Zilka  and Umang Bhatt  and Thomas Lukasiewicz  and Yuhuai Wu  and Joshua B. Tenenbaum  and William Hart  and Timothy Gowers  and Wenda Li  and Adrian Weller  and Mateja Jamnik },
title = {Evaluating Language Models for Mathematics through Interactions},
journal = {Proceedings of the National Academy of Sciences},
volume = {121},
number = {24},
pages = {e2318124121},
year = {2024},
doi = {10.1073/pnas.2318124121}
}


@inproceedings{Zheng2020Verbose,
author = {Zheng, Lianmin and Chiang, Wei-Lin and Sheng, Ying and Zhuang, Siyuan and Wu, Zhanghao and Zhuang, Yonghao and Lin, Zi and Li, Zhuohan and Li, Dacheng and Xing, Eric P. and Zhang, Hao and Gonzalez, Joseph E. and Stoica, Ion},
title = {Judging LLM-as-a-Judge with MT-bench and Chatbot Arena},
year = {2024},
publisher = {Curran Associates Inc.},
address = {Red Hook, NY, USA},
booktitle = {Proceedings of the 37th International Conference on Neural Information Processing Systems},
articleno = {2020},
numpages = {29},
location = {New Orleans, LA, USA},
series = {NIPS '23}
}

@inproceedings{saito2023verbosity,
title={Verbosity Bias in Preference Labeling by Large Language Models},
author={Keita Saito and Akifumi Wachi and Koki Wataoka and Youhei Akimoto},
booktitle={NeurIPS 2023 Workshop on Instruction Tuning and Instruction Following},
year={2023},
url={https://openreview.net/forum?id=magEgFpK1y}
}

@inproceedings{chiang2024overreasoning,
    title = "Over-Reasoning and Redundant Calculation of Large Language Models",
    author = "Chiang, Cheng-Han  and
      Lee, Hung-yi",
    editor = "Graham, Yvette  and
      Purver, Matthew",
    booktitle = "Proceedings of the 18th Conference of the European Chapter of the Association for Computational Linguistics (Volume 2: Short Papers)",
    month = mar,
    year = "2024",
    address = "St. Julian{'}s, Malta",
    publisher = "Association for Computational Linguistics",
    url = "https://aclanthology.org/2024.eacl-short.15",
    pages = "161--169",
}

@inproceedings{Kim2024ChatGPT,
author = {Kim, Yoonsu and Lee, Jueon and Kim, Seoyoung and Park, Jaehyuk and Kim, Juho},
title = {Understanding Users’ Dissatisfaction with ChatGPT Responses: Types, Resolving Tactics, and the Effect of Knowledge Level},
year = {2024},
isbn = {9798400705083},
publisher = {Association for Computing Machinery},
address = {New York, NY, USA},
url = {https://doi.org/10.1145/3640543.3645148},
doi = {10.1145/3640543.3645148},
booktitle = {Proceedings of the 29th International Conference on Intelligent User Interfaces},
pages = {385–404},
numpages = {20},
keywords = {Chat-based LLM, ChatGPT, Knowledge-level, Large Language Models, Resolving tactics, User-side dissatisfaction, datasets},
location = {Greenville, SC, USA},
series = {IUI '24}
}

@inproceedings{Kloft2024Negative,
author = {Kloft, Agnes Mercedes and Welsch, Robin and Kosch, Thomas and Villa, Steeven},
title = {"AI enhances our performance, I have no doubt this one will do the same": The Placebo effect is robust to negative descriptions of AI},
year = {2024},
isbn = {9798400703300},
publisher = {Association for Computing Machinery},
address = {New York, NY, USA},
url = {https://doi.org/10.1145/3613904.3642633},
doi = {10.1145/3613904.3642633},
booktitle = {Proceedings of the CHI Conference on Human Factors in Computing Systems},
articleno = {299},
numpages = {24},
keywords = {Artificial Intelligence, Decision-making, Performance expectation, Placebo},
location = {Honolulu, HI, USA},
series = {CHI '24}
}

@inproceedings{Wester2024Denial,
author = {Wester, Joel and Schrills, Tim and Pohl, Henning and van Berkel, Niels},
title = {“As an AI language model, I cannot”: Investigating LLM Denials of User Requests},
year = {2024},
isbn = {9798400703300},
publisher = {Association for Computing Machinery},
address = {New York, NY, USA},
url = {https://doi.org/10.1145/3613904.3642135},
doi = {10.1145/3613904.3642135},
booktitle = {Proceedings of the CHI Conference on Human Factors in Computing Systems},
articleno = {979},
numpages = {14},
keywords = {Breakdowns, Denials, Errors, GPT-4, Large Language Models},
location = {Honolulu, HI, USA},
series = {CHI '24}
}

@article{simR,
author = {Green, Peter and MacLeod, Catriona J.},
title = {SIMR: An R package for Power Analysis of Generalized Linear Mixed Models by Simulation},
journal = {Methods in Ecology and Evolution},
volume = {7},
number = {4},
pages = {493-498},
keywords = {experimental design, glmm, Monte Carlo, random effects, sample size, type II error},
doi = {https://doi.org/10.1111/2041-210X.12504},
year = {2016}
}



@article{Frazier2016Satisfying,
author = {Brandy N. Frazier, Susan A. Gelman and Henry M. Wellman},
title = {Young Children Prefer and Remember Satisfying Explanations},
journal = {Journal of Cognition and Development},
volume = {17},
number = {5},
pages = {718--736},
year = {2016},
publisher = {Routledge},
doi = {10.1080/15248372.2015.1098649},
note ={PMID: 28713222},
}

@article{Kurkul2018Followup,
author = {Kurkul, Katelyn E. and Corriveau, Kathleen H.},
title = {Question, Explanation, Follow-Up: A Mechanism for Learning From Others?},
journal = {Child Development},
volume = {89},
number = {1},
pages = {280-294},
doi = {https://doi.org/10.1111/cdev.12726},
year = {2018}
}


@article{Liquin2022Satisfaction,
title = {Motivated to Learn: An Account of Explanatory Satisfaction},
journal = {Cognitive Psychology},
volume = {132},
pages = {101453},
year = {2022},
issn = {0010-0285},
doi = {https://doi.org/10.1016/j.cogpsych.2021.101453},
url = {https://www.sciencedirect.com/science/article/pii/S0010028521000761},
author = {Emily G. Liquin and Tania Lombrozo},
keywords = {Satisfaction, Explanation, Learning, Information search, Inquiry},
}

@inproceedings{Kim2024FAccT,
author = {Kim, Sunnie S. Y. and Liao, Q. Vera and Vorvoreanu, Mihaela and Ballard, Stephanie and Vaughan, Jennifer Wortman},
title = {"I'm Not Sure, But...": Examining the Impact of Large Language Models' Uncertainty Expression on User Reliance and Trust},
year = {2024},
isbn = {9798400704505},
publisher = {Association for Computing Machinery},
address = {New York, NY, USA},
url = {https://doi.org/10.1145/3630106.3658941},
doi = {10.1145/3630106.3658941},
booktitle = {Proceedings of the 2024 ACM Conference on Fairness, Accountability, and Transparency},
pages = {822–835},
numpages = {14},
keywords = {Human-AI interaction, Large language models, Overreliance, Trust in AI, Uncertainty expression},
location = {Rio de Janeiro, Brazil},
series = {FAccT '24}
}

@article{vasconcelos2023generation,
      title={Generation Probabilities Are Not Enough: Exploring the Effectiveness of Uncertainty Highlighting in AI-Powered Code Completions},
      author={Helena Vasconcelos and Gagan Bansal and Adam Fourney and Q. Vera Liao and Jennifer Wortman Vaughan},
      year={2024},
      journal = "ACM Transactions on Computer-Human Interaction"
}

@article{CHONG2022,
title = {Human Confidence in Artificial Intelligence and in Themselves: The Evolution and Impact of Confidence on Adoption of AI Advice},
journal = {Computers in Human Behavior},
volume = {127},
pages = {107018},
year = {2022},
issn = {0747-5632},
doi = {https://doi.org/10.1016/j.chb.2021.107018},
url = {https://www.sciencedirect.com/science/article/pii/S0747563221003411},
author = {Leah Chong and Guanglu Zhang and Kosa Goucher-Lambert and Kenneth Kotovsky and Jonathan Cagan},
keywords = {Artificial intelligence, Human-AI interaction, Decision-making, Confidence, Trust},
}


@inproceedings{Kim2022HIVE,
author = {Kim, Sunnie S. Y. and Meister, Nicole and Ramaswamy, Vikram V. and Fong, Ruth and Russakovsky, Olga},
title = {HIVE: Evaluating the Human Interpretability of Visual Explanations},
year = {2022},
isbn = {978-3-031-19774-1},
publisher = {Springer-Verlag},
address = {Berlin, Heidelberg},
url = {https://doi.org/10.1007/978-3-031-19775-8_17},
doi = {10.1007/978-3-031-19775-8_17},
booktitle = {Computer Vision – ECCV 2022: 17th European Conference, Tel Aviv, Israel, October 23–27, 2022, Proceedings, Part XII},
pages = {280–298},
numpages = {19},
keywords = {Interpretability, Explainable AI (XAI), Human studies, Evaluation framework, Human-centered AI},
location = {Tel Aviv, Israel}
}


@article{Mohseni2020, title={Machine Learning Explanations to Prevent Overtrust in Fake News Detection}, volume={15}, url={https://ojs.aaai.org/index.php/ICWSM/article/view/18072}, DOI={10.1609/icwsm.v15i1.18072}, number={1}, journal={Proceedings of the International AAAI Conference on Web and Social Media}, author={Mohseni, Sina and Yang, Fan and Pentyala, Shiva and Du, Mengnan and Liu, Yi and Lupfer, Nic and Hu, Xia and Ji, Shuiwang and Ragan, Eric}, year={2021}, month={May}, pages={421-431} }

@inproceedings{Lu2021CHI,
author = {Lu, Zhuoran and Yin, Ming},
title = {Human Reliance on Machine Learning Models When Performance Feedback is Limited: Heuristics and Risks},
year = {2021},
isbn = {9781450380966},
publisher = {Association for Computing Machinery},
address = {New York, NY, USA},
url = {https://doi.org/10.1145/3411764.3445562},
doi = {10.1145/3411764.3445562},
booktitle = {Proceedings of the 2021 CHI Conference on Human Factors in Computing Systems},
articleno = {78},
numpages = {16},
keywords = {Machine learning, appropriate reliance, human-AI interaction},
series = {CHI '21}
}

@article{Liu2021CSCW,
author = {Liu, Han and Lai, Vivian and Tan, Chenhao},
title = {Understanding the Effect of Out-of-distribution Examples and Interactive Explanations on Human-AI Decision Making},
year = {2021},
issue_date = {October 2021},
publisher = {Association for Computing Machinery},
address = {New York, NY, USA},
volume = {5},
number = {CSCW2},
url = {https://doi.org/10.1145/3479552},
doi = {10.1145/3479552},
journal = {Proc. ACM Hum.-Comput. Interact.},
month = {oct},
articleno = {408},
numpages = {45},
keywords = {interactive explanations, human-AI decision making, distribution shift, complementary performance, appropriate trust}
}

@article{Cao2022CSCW,
author = {Cao, Shiye and Huang, Chien-Ming},
title = {Understanding User Reliance on AI in Assisted Decision-Making},
year = {2022},
issue_date = {November 2022},
publisher = {Association for Computing Machinery},
address = {New York, NY, USA},
volume = {6},
number = {CSCW2},
url = {https://doi.org/10.1145/3555572},
doi = {10.1145/3555572},
journal = {Proc. ACM Hum.-Comput. Interact.},
month = {nov},
articleno = {471},
numpages = {23},
keywords = {trust, human-ai interaction, gaze, decision support tools, decision making}
}

@article{Wellman2011,
author = {Wellman, Henry M.},
title = {Reinvigorating Explanations for the Study of Early Cognitive Development},
journal = {Child Development Perspectives},
volume = {5},
number = {1},
pages = {33-38},
keywords = {explanations, cognitive development, learning},
doi = {https://doi.org/10.1111/j.1750-8606.2010.00154.x},
year = {2011}
}

@book{Fraassen1980,
    author = {Fraassen, Bas. C. van},
    title = {The Scientific Image},
    publisher = {Oxford University Press},
    year = {1980},
    month = {12},
    isbn = {9780198244271},
    doi = {10.1093/0198244274.001.0001},
}

@article{Blanchard2018,
	author = {Thomas Blanchard and Nadya Vasilyeva and Tania Lombrozo},
	doi = {10.1007/s11098-017-0958-6},
	journal = {Philosophical Studies},
	number = {9},
	pages = {2263--2283},
	publisher = {Springer Verlag},
	title = {Stability, Breadth and Guidance},
	volume = {175},
	year = {2018}
}

@article{Scharrer2012,
title = {The seduction of easiness: How science depictions influence laypeople’s reliance on their own evaluation of scientific information},
journal = {Learning and Instruction},
volume = {22},
number = {3},
pages = {231-243},
year = {2012},
issn = {0959-4752},
doi = {https://doi.org/10.1016/j.learninstruc.2011.11.004},
url = {https://www.sciencedirect.com/science/article/pii/S0959475211000910},
author = {Lisa Scharrer and Rainer Bromme and M. Anne Britt and Marc Stadtler},
keywords = {Knowledge evaluation, Expertise, Argument comprehensibility, Causal explanations, Evidence},
}

@article{scharrer2017science,
  author    = {Scharrer, Lisa and Rupieper, Yvonne and Stadtler, Marc and Bromme, Rainer},
  title     = {When science becomes too easy: Science popularization inclines laypeople to underrate their dependence on experts},
  journal   = {Public Understanding of Science (Bristol, England)},
  volume    = {26},
  number    = {8},
  pages     = {1003--1018},
  year      = {2017},
  doi       = {10.1177/0963662516680311}
}


@article{trout2008,
title = {Seduction Without Cause: Uncovering Explanatory Neurophilia},
journal = {Trends in Cognitive Sciences},
volume = {12},
number = {8},
pages = {281-282},
year = {2008},
issn = {1364-6613},
doi = {https://doi.org/10.1016/j.tics.2008.05.004},
url = {https://www.sciencedirect.com/science/article/pii/S1364661308001563},
author = {J.D. Trout},
}

@article{kelemen2013professional,
  author    = {Kelemen, Deborah and Rottman, Joshua and Seston, Rebecca},
  title     = {Professional Physical Scientists Display Tenacious Teleological Tendencies: Purpose-based Reasoning as a Cognitive Default},
  journal   = {Journal of Experimental Psychology: General},
  volume    = {142},
  number    = {4},
  pages     = {1074--1083},
  year      = {2013},
  doi       = {10.1037/a0030399}
}

@article{hopkins2019,
title = {Does Expertise Moderate the Seductive Allure of Reductive Explanations?},
journal = {Acta Psychologica},
volume = {198},
pages = {102890},
year = {2019},
issn = {0001-6918},
doi = {https://doi.org/10.1016/j.actpsy.2019.102890},
author = {Emily J. Hopkins and Deena Skolnick Weisberg and Jordan C.V. Taylor},
keywords = {Expertise, Explanations, Seductive allure, Decision making, Science, Philosophy},
}

@article{hopkins2016seductive,
  author    = {Hopkins, Emily J. and Weisberg, Deena S. and Taylor, Jordan C. V.},
  title     = {The Seductive Allure is a Reductive Allure: People Prefer Scientific Explanations that Contain Logically Irrelevant Reductive Information},
  journal   = {Cognition},
  volume    = {155},
  pages     = {67--76},
  year      = {2016},
  doi       = {10.1016/j.cognition.2016.06.011}
}


@article{weisberg2015deconstructing,
  author    = {Weisberg, Deena Skolnick and Taylor, Jordan C.V and Hopkins, Emily J},
  title     = {Deconstructing the Seductive Allure of Neuroscience Explanations},
  journal   = {Judgment and Decision Making},
  volume    = {10},
  number    = {5},
  pages     = {429--441},
  year      = {2015}
}

@article{weisberg2008seductive,
  author    = {Weisberg, Deena Skolnick and Keil, Frank C. and Goodstein, Joshua and Rawson, Elizabeth and Gray, Jeremy R.},
  title     = {The seductive allure of neuroscience explanations},
  journal   = {Journal of Cognitive Neuroscience},
  volume    = {20},
  number    = {3},
  pages     = {470--477},
  year      = {2008},
  doi       = {10.1162/jocn.2008.20040}
}

@article{fox2011procedures,
  author    = {Mark C Fox and K Anders Ericsson and Ryan Best},
  title     = {Do Procedures for Verbal Reporting of Thinking Have to be Reactive? A Meta-Analysis and Recommendations for Best Reporting Methods},
  journal   = {Psychological Bulletin},
  volume    = {137},
  number    = {2},
  pages     = {316--344},
  year      = {2011},
  doi       = {10.1037/a0021663}
}

@inproceedings{Bussone2015,
author = {Bussone, Adrian and Stumpf, Simone and O'Sullivan, Dympna},
title = {The Role of Explanations on Trust and Reliance in Clinical Decision Support Systems},
year = {2015},
isbn = {9781467395489},
publisher = {IEEE Computer Society},
address = {USA},
doi = {10.1109/ICHI.2015.26},
booktitle = {Proceedings of the 2015 International Conference on Healthcare Informatics},
pages = {160–169},
numpages = {10},
keywords = {User Study, Trust, Reliance, Reliability, Explanations, CDSS},
series = {ICHI '15}
}

@ARTICLE{Boren2000,
  author={Boren, T. and Ramey, J.},
  journal={IEEE Transactions on Professional Communication}, 
  title={Thinking Aloud: Reconciling Theory and Practice}, 
  year={2000},
  volume={43},
  number={3},
  pages={261-278},
  keywords={Usability;Testing;Protocols;Psychology;Associate members;Speech;Professional communication;Data engineering;Grounding;Communication industry},
  doi={10.1109/47.867942}
}


@article{Hertzum2009ScrutinizingUE,
author = {Morten Hertzum, Kristin D. Hansen and Hans H.K. Andersen},
title = {Scrutinising Usability Evaluation: Does Thinking Aloud Affect Behaviour and Mental Workload?},
journal = {Behaviour \& Information Technology},
volume = {28},
number = {2},
pages = {165--181},
year = {2009},
publisher = {Taylor \& Francis},
doi = {10.1080/01449290701773842}
}


@article{Giffin2017,
title = {The Explanatory Effect of a Label: Explanations with Named Categories are More Satisfying},
journal = {Cognition},
volume = {168},
pages = {357-369},
year = {2017},
issn = {0010-0277},
doi = {https://doi.org/10.1016/j.cognition.2017.07.011},
author = {Carly Giffin and Daniel Wilkenfeld and Tania Lombrozo},
keywords = {Causation, Explanation, Categorization, Category labels},
}



@article{Zemla2017Everyday,
	Author = {Zemla, Jeffrey C. and Sloman, Steven and Bechlivanidis, Christos and Lagnado, David A.},
	Journal = {Psychonomic Bulletin \& Review},
	Number = {5},
	Pages = {1488--1500},
	Title = {Evaluating Everyday Explanations},
	Volume = {24},
	Year = {2017}
}

@article{bechlivanidis2017concreteness,
  author    = {Christos Bechlivanidis and David A Lagnado and Jeffrey C Zemla and Steven Sloman},
  title     = {Concreteness and Abstraction in Everyday Explanation},
  journal   = {Psychonomic Bulletin \& Review},
  volume    = {24},
  number    = {5},
  pages     = {1451--1464},
  year      = {2017},
  doi       = {10.3758/s13423-017-1299-3}
}


@article{Aronowitz2020TCS,
author = {Aronowitz, Sara and Lombrozo, Tania},
title = {Experiential Explanation},
journal = {Topics in Cognitive Science},
volume = {12},
number = {4},
pages = {1321-1336},
keywords = {Explanation, Abstraction, Narrative, Storytelling, Learning, Mental simulation, Theory change},
doi = {https://doi.org/10.1111/tops.12445},
url = {https://onlinelibrary.wiley.com/doi/abs/10.1111/tops.12445},
eprint = {https://onlinelibrary.wiley.com/doi/pdf/10.1111/tops.12445},
year = {2020}
}




@article{frazier2009preschoolers,
  author    = {Brandy N. Frazier and Susan A. Gelman and Henry M. Wellman},
  title     = {Preschoolers' Search for Explanatory Information Within Adult–Child Conversation},
  journal   = {Child Development},
  volume    = {80},
  number    = {6},
  pages     = {1592--1611},
  year      = {2009},
  doi       = {10.1111/j.1467-8624.2009.01356.x}
}


@article{malle1997behaviors,
  author    = {B. F. Malle and Joshua Knobe},
  title     = {Which Behaviors Do People Explain? A Basic Actor–Observer Asymmetry},
  journal   = {Journal of Personality and Social Psychology},
  volume    = {72},
  number    = {2},
  pages     = {288},
  year      = {1997}
}



@incollection{bromberger1966why,
  author    = {Sylvain Bromberger},
  title     = {Why-Questions},
  booktitle = {Readings in the Philosophy of Science},
  editor    = {Baruch A. Brody},
  pages     = {66--84},
  year      = {1966},
  publisher = {Prentice Hall, Inc.},
  address   = {Englewood Cliffs}
}

@inproceedings{Ouyang2024RLHF,
author = {Ouyang, Long and Wu, Jeff and Jiang, Xu and Almeida, Diogo and Wainwright, Carroll L. and Mishkin, Pamela and Zhang, Chong and Agarwal, Sandhini and Slama, Katarina and Ray, Alex and Schulman, John and Hilton, Jacob and Kelton, Fraser and Miller, Luke and Simens, Maddie and Askell, Amanda and Welinder, Peter and Christiano, Paul and Leike, Jan and Lowe, Ryan},
title = {Training Language Models to Follow Instructions with Human Feedback},
year = {2024},
isbn = {9781713871088},
publisher = {Curran Associates Inc.},
address = {Red Hook, NY, USA},
booktitle = {Proceedings of the 36th International Conference on Neural Information Processing Systems},
articleno = {2011},
numpages = {15},
location = {New Orleans, LA, USA},
series = {NIPS '22}
}

@inproceedings{Christiano2017RLHF,
author = {Christiano, Paul F. and Leike, Jan and Brown, Tom B. and Martic, Miljan and Legg, Shane and Amodei, Dario},
title = {Deep Reinforcement Learning from Human Preferences},
year = {2017},
isbn = {9781510860964},
publisher = {Curran Associates Inc.},
address = {Red Hook, NY, USA},
booktitle = {Proceedings of the 31st International Conference on Neural Information Processing Systems},
pages = {4302–4310},
numpages = {9},
location = {Long Beach, California, USA},
series = {NIPS'17}
}

@article{Bucinca2021CSCW,
author = {Bu\c{c}inca, Zana and Malaya, Maja Barbara and Gajos, Krzysztof Z.},
title = {To Trust or to Think: Cognitive Forcing Functions Can Reduce Overreliance on AI in AI-Assisted Decision-Making},
year = {2021},
issue_date = {April 2021},
publisher = {Association for Computing Machinery},
address = {New York, NY, USA},
volume = {5},
number = {CSCW1},
url = {https://doi.org/10.1145/3449287},
doi = {10.1145/3449287},
journal = {Proc. ACM Hum.-Comput. Interact.},
month = {apr},
articleno = {188},
numpages = {21},
keywords = {trust, explanations, cognition, artificial intelligence}
}

@article{Green2019,
author = {Green, Ben and Chen, Yiling},
title = {The Principles and Limits of Algorithm-in-the-Loop Decision Making},
year = {2019},
issue_date = {November 2019},
publisher = {Association for Computing Machinery},
address = {New York, NY, USA},
volume = {3},
number = {CSCW},
url = {https://doi.org/10.1145/3359152},
doi = {10.1145/3359152},
journal = {Proc. ACM Hum.-Comput. Interact.},
month = {nov},
articleno = {50},
numpages = {24},
keywords = {behavioral experiment, ethics, fairness, mechanical turk, risk assessment}
}

@article{Liao2022HCOMP,
title={Connecting Algorithmic Research and Usage Contexts: A Perspective of Contextualized Evaluation for Explainable AI}, 
volume={10}, 
url={https://ojs.aaai.org/index.php/HCOMP/article/view/21995}, 
DOI={10.1609/hcomp.v10i1.21995}, 
number={1}, 
journal={Proceedings of the AAAI Conference on Human Computation and Crowdsourcing}, 
author={Liao, Q. Vera and Zhang, Yunfeng and Luss, Ronny and Doshi-Velez, Finale and Dhurandhar, Amit}, 
year={2022}, 
month={Oct.}, 
pages={147-159}
}

@article{Lombrozo2016,
	Author = {Lombrozo, Tania},
	Journal = {Trends in Cognitive Sciences},
	Month = {2024/09/10},
	Number = {10},
	Pages = {748--759},
	Title = {Explanatory Preferences Shape Learning and Inference},
	Volume = {20},
	Year = {2016}}


@article{Lombrozo2023Selective,
author = {Tania Lombrozo and Emily G. Liquin},
title ={Explanation Is Effective Because It Is Selective},
journal = {Current Directions in Psychological Science},
volume = {32},
number = {3},
pages = {212-219},
year = {2023},
doi = {10.1177/09637214231156106}
}

@inproceedings{Lai2019FAccT,
author = {Lai, Vivian and Tan, Chenhao},
title = {On Human Predictions with Explanations and Predictions of Machine Learning Models: A Case Study on Deception Detection},
year = {2019},
isbn = {9781450361255},
publisher = {Association for Computing Machinery},
address = {New York, NY, USA},
url = {https://doi.org/10.1145/3287560.3287590},
doi = {10.1145/3287560.3287590},
booktitle = {Proceedings of the Conference on Fairness, Accountability, and Transparency},
pages = {29–38},
numpages = {10},
keywords = {explanations, human agency, human performance, predictions},
location = {Atlanta, GA, USA},
series = {FAT* '19}
}

@inproceedings{zhang2020effect,
  title={Effect of Confidence and Explanation on Accuracy and Trust Calibration in AI-assisted Decision Making},
  author={Zhang, Yunfeng and Liao, Q Vera and Bellamy, Rachel KE},
  booktitle={Proceedings of the 2020 Conference on Fairness, Accountability, and Transparency},
  pages={295--305},
  year={2020}
}

@inproceedings{Cai2021,
author = {Cai, Carrie J and Winter, Samantha and Steiner, David and Wilcox, Lauren and Terry, Michael},
title = {Onboarding Materials as Cross-functional Boundary Objects for Developing AI Assistants},
year = {2021},
isbn = {9781450380959},
publisher = {Association for Computing Machinery},
address = {New York, NY, USA},
url = {https://doi.org/10.1145/3411763.3443435},
doi = {10.1145/3411763.3443435},
booktitle = {Extended Abstracts of the 2021 CHI Conference on Human Factors in Computing Systems},
articleno = {43},
numpages = {7},
keywords = {AI transparency, boundary objects, explainability, machine learning},
location = {Yokohama, Japan},
series = {CHI EA '21}
}

@article{langer1978mindlessness,
  author    = {Ellen Langer and Arthur Black and Benzio Chanowitz},
  title     = {The Mindlessness of Ostensibly Thoughtful Action: The Role of "Placebic" Information in Interpersonal Interaction},
  journal   = {Journal of Personality and Social Psychology},
  volume    = {36},
  number    = {6},
  pages     = {635--642},
  year      = {1978},
  doi       = {10.1037/0022-3514.36.6.635}
}


@article{MILLER2019,
title = {Explanation in artificial intelligence: Insights from the social sciences},
journal = {Artificial Intelligence},
volume = {267},
pages = {1-38},
year = {2019},
issn = {0004-3702},
doi = {https://doi.org/10.1016/j.artint.2018.07.007},
url = {https://www.sciencedirect.com/science/article/pii/S0004370218305988},
author = {Tim Miller},
keywords = {Explanation, Explainability, Interpretability, Explainable AI, Transparency},
}

@ARTICLE{Hoffman2023,
AUTHOR={Hoffman, Robert R.  and Mueller, Shane T.  and Klein, Gary  and Litman, Jordan },
TITLE={Measures for explainable AI: Explanation goodness, user satisfaction, mental models, curiosity, trust, and human-AI performance},
JOURNAL={Frontiers in Computer Science},
VOLUME={5},
YEAR={2023},
URL={https://www.frontiersin.org/journals/computer-science/articles/10.3389/fcomp.2023.1096257},
DOI={10.3389/fcomp.2023.1096257},
ISSN={2624-9898},
}

@inproceedings{Kim2023CHI,
author = {Kim, Sunnie S. Y. and Watkins, Elizabeth Anne and Russakovsky, Olga and Fong, Ruth and Monroy-Hern\'{a}ndez, Andr\'{e}s},
title = {"Help Me Help the AI": Understanding How Explainability Can Support Human-AI Interaction},
year = {2023},
isbn = {9781450394215},
publisher = {Association for Computing Machinery},
address = {New York, NY, USA},
url = {https://doi.org/10.1145/3544548.3581001},
doi = {10.1145/3544548.3581001},
booktitle = {Proceedings of the 2023 CHI Conference on Human Factors in Computing Systems},
articleno = {250},
numpages = {17},
keywords = {Explainable AI (XAI), Human-AI Collaboration, Human-AI Interaction, Human-Centered XAI, Interpretability, Local Explanations, XAI for Computer Vision},
location = {Hamburg, Germany},
series = {CHI '23}
}

@inproceedings{Yu2019IUI,
author = {Yu, Kun and Berkovsky, Shlomo and Taib, Ronnie and Zhou, Jianlong and Chen, Fang},
title = {Do I Trust My Machine Teammate? An Investigation from Perception to Decision},
year = {2019},
isbn = {9781450362726},
publisher = {Association for Computing Machinery},
address = {New York, NY, USA},
url = {https://doi.org/10.1145/3301275.3302277},
doi = {10.1145/3301275.3302277},
booktitle = {Proceedings of the 24th International Conference on Intelligent User Interfaces},
pages = {460–468},
numpages = {9},
keywords = {trust, perception, machine performance, dynamic process, decision making},
location = {Marina del Ray, California},
series = {IUI '19}
}

@techreport{buchanan2021truth,
  author       = {Buchanan, Ben and Lohn, Andrew and Musser, Micah and Sedova, Katerina},
  title        = {Truth, Lies, and Automation: How Language Models Could Change Disinformation},
  institution  = {Center for Security and Emerging Technology},
  year         = {2021},
  month        = {May},
  type         = {Report},
  doi          = {10.51593/2021CA003}
}


@inproceedings{Marasovi2021FewShotSW,
  title={Few-Shot Self-Rationalization with Natural Language Prompts},
  author={Ana Marasovi{\'c} and Iz Beltagy and Doug Downey and Matthew E. Peters},
  booktitle={NAACL-HLT},
  year={2021},
  url={https://api.semanticscholar.org/CorpusID:244130199}
}

@inproceedings{Schemmer2022AIES,
author = {Schemmer, Max and Hemmer, Patrick and Nitsche, Maximilian and K\"{u}hl, Niklas and V\"{o}ssing, Michael},
title = {A Meta-Analysis of the Utility of Explainable Artificial Intelligence in Human-AI Decision-Making},
year = {2022},
isbn = {9781450392471},
publisher = {Association for Computing Machinery},
address = {New York, NY, USA},
url = {https://doi.org/10.1145/3514094.3534128},
doi = {10.1145/3514094.3534128},booktitle = {Proceedings of the 2022 AAAI/ACM Conference on AI, Ethics, and Society},
pages = {617–626},
numpages = {10},
keywords = {meta-analysis, explainable artificial intelligence, empirical studies, decision-making},
location = {Oxford, United Kingdom},
series = {AIES '22}
}

@inproceedings{Lai2023FAccT,
author = {Lai, Vivian and Chen, Chacha and Smith-Renner, Alison and Liao, Q. Vera and Tan, Chenhao},
title = {Towards a Science of Human-AI Decision Making: An Overview of Design Space in Empirical Human-Subject Studies},
year = {2023},
isbn = {9798400701924},
publisher = {Association for Computing Machinery},
address = {New York, NY, USA},
url = {https://doi.org/10.1145/3593013.3594087},
doi = {10.1145/3593013.3594087},
booktitle = {Proceedings of the 2023 ACM Conference on Fairness, Accountability, and Transparency},
pages = {1369–1385},
numpages = {17},
location = {Chicago, IL, USA},
series = {FAccT '23}
}

@inproceedings{Kaur2020CHI,
author = {Kaur, Harmanpreet and Nori, Harsha and Jenkins, Samuel and Caruana, Rich and Wallach, Hanna and Wortman Vaughan, Jennifer},
title = {Interpreting Interpretability: Understanding Data Scientists' Use of Interpretability Tools for Machine Learning},
year = {2020},
isbn = {9781450367080},
publisher = {Association for Computing Machinery},
address = {New York, NY, USA},
url = {https://doi.org/10.1145/3313831.3376219},
doi = {10.1145/3313831.3376219},
booktitle = {Proceedings of the 2020 CHI Conference on Human Factors in Computing Systems},
pages = {1–14},
numpages = {14},
keywords = {interpretability, machine learning, user-centric evaluation},
location = {Honolulu, HI, USA},
series = {CHI '20}
}

@inproceedings{Eiband2019Placebic,
author = {Eiband, Malin and Buschek, Daniel and Kremer, Alexander and Hussmann, Heinrich},
title = {The Impact of Placebic Explanations on Trust in Intelligent Systems},
year = {2019},
isbn = {9781450359719},
publisher = {Association for Computing Machinery},
address = {New York, NY, USA},
url = {https://doi.org/10.1145/3290607.3312787},
doi = {10.1145/3290607.3312787},
booktitle = {Extended Abstracts of the 2019 CHI Conference on Human Factors in Computing Systems},
pages = {1–6},
numpages = {6},
keywords = {XAI, explainability, explanations, intelligent systems, transparency},
location = {Glasgow, Scotland Uk},
series = {CHI EA '19}
}

@inproceedings{lyu2023faithful,
    title = "Faithful Chain-of-Thought Reasoning",
    author = "Lyu, Qing  and
      Havaldar, Shreya  and
      Stein, Adam  and
      Zhang, Li  and
      Rao, Delip  and
      Wong, Eric  and
      Apidianaki, Marianna  and
      Callison-Burch, Chris",
    editor = "Park, Jong C.  and
      Arase, Yuki  and
      Hu, Baotian  and
      Lu, Wei  and
      Wijaya, Derry  and
      Purwarianti, Ayu  and
      Krisnadhi, Adila Alfa",
    booktitle = "Proceedings of the 13th International Joint Conference on Natural Language Processing and the 3rd Conference of the Asia-Pacific Chapter of the Association for Computational Linguistics (Volume 1: Long Papers)",
    month = nov,
    year = "2023",
    address = "Nusa Dua, Bali",
    publisher = "Association for Computational Linguistics",
    url = "https://aclanthology.org/2023.ijcnlp-main.20",
    doi = "10.18653/v1/2023.ijcnlp-main.20",
    pages = "305--329",
}

@inproceedings{wiegreffe2022reframing,
    title = "Reframing Human-{AI} Collaboration for Generating Free-Text Explanations",
    author = "Wiegreffe, Sarah  and
      Hessel, Jack  and
      Swayamdipta, Swabha  and
      Riedl, Mark  and
      Choi, Yejin",
    editor = "Carpuat, Marine  and
      de Marneffe, Marie-Catherine  and
      Meza Ruiz, Ivan Vladimir",
    booktitle = "Proceedings of the 2022 Conference of the North American Chapter of the Association for Computational Linguistics: Human Language Technologies",
    month = jul,
    year = "2022",
    address = "Seattle, United States",
    publisher = "Association for Computational Linguistics",
    url = "https://aclanthology.org/2022.naacl-main.47",
    doi = "10.18653/v1/2022.naacl-main.47",
    pages = "632--658",
}

@inproceedings{Zellers2019Fakenews,
 author = {Zellers, Rowan and Holtzman, Ari and Rashkin, Hannah and Bisk, Yonatan and Farhadi, Ali and Roesner, Franziska and Choi, Yejin},
 booktitle = {Advances in Neural Information Processing Systems},
 editor = {H. Wallach and H. Larochelle and A. Beygelzimer and F. d\textquotesingle Alch\'{e}-Buc and E. Fox and R. Garnett},
 pages = {},
 publisher = {Curran Associates, Inc.},
 title = {Defending Against Neural Fake News},
 url = {https://proceedings.neurips.cc/paper_files/paper/2019/file/3e9f0fc9b2f89e043bc6233994dfcf76-Paper.pdf},
 volume = {32},
 year = {2019}
}



@inproceedings{pan2023on,
title={On the Risk of Misinformation Pollution with Large Language Models},
author={Yikang Pan and Liangming Pan and Wenhu Chen and Preslav Nakov and Min-Yen Kan and William Yang Wang},
booktitle={The 2023 Conference on Empirical Methods in Natural Language Processing},
year={2023},
url={https://openreview.net/forum?id=voBhcwDyPt}
}

@inproceedings{Cohn2024CHI,
author = {Cohn, Michelle and Pushkarna, Mahima and Olanubi, Gbolahan O. and Moran, Joseph M. and Padgett, Daniel and Mengesha, Zion and Heldreth, Courtney},
title = {Believing Anthropomorphism: Examining the Role of Anthropomorphic Cues on Trust in Large Language Models},
year = {2024},
isbn = {9798400703317},
publisher = {Association for Computing Machinery},
address = {New York, NY, USA},
url = {https://doi.org/10.1145/3613905.3650818},
doi = {10.1145/3613905.3650818},
booktitle = {Extended Abstracts of the CHI Conference on Human Factors in Computing Systems},
articleno = {54},
numpages = {15},
keywords = {anthropomorphism, first-person pronoun "I", large language models, text-to-speech (TTS), trust},
location = {Honolulu, HI, USA},
series = {CHI EA '24}
}

@article{Shanahan2024Anthro,
author = {Shanahan, Murray},
title = {Talking about Large Language Models},
year = {2024},
issue_date = {February 2024},
publisher = {Association for Computing Machinery},
address = {New York, NY, USA},
volume = {67},
number = {2},
issn = {0001-0782},
url = {https://doi.org/10.1145/3624724},
doi = {10.1145/3624724},
abstract = {Interacting with a contemporary LLM-based conversational agent can create an illusion of being in the presence of a thinking creature. Yet, in their very nature, such systems are fundamentally not like us.},
journal = {Commun. ACM},
month = {Jan},
pages = {68–79},
numpages = {12}
}

@article{Dahl2024Law,
    author = {Dahl, Matthew and Magesh, Varun and Suzgun, Mirac and Ho, Daniel E},
    title = "{Large Legal Fictions: Profiling Legal Hallucinations in Large Language Models}",
    journal = {Journal of Legal Analysis},
    volume = {16},
    number = {1},
    pages = {64-93},
    year = {2024},
    month = {06},
    issn = {2161-7201},
    doi = {10.1093/jla/laae003},
}

@inproceedings{long2020literacy,
author = {Long, Duri and Magerko, Brian},
title = {What is AI Literacy? Competencies and Design Considerations},
year = {2020},
isbn = {9781450367080},
publisher = {Association for Computing Machinery},
address = {New York, NY, USA},
url = {https://doi.org/10.1145/3313831.3376727},
doi = {10.1145/3313831.3376727},
booktitle = {Proceedings of the 2020 CHI Conference on Human Factors in Computing Systems},
pages = {1–16},
numpages = {16},
keywords = {AI education, AI for K-12, AI literacy, artificial intelligence, computing education, machine learning},
location = {Honolulu, HI, USA},
series = {CHI '20}
}

@inproceedings{wang2023selfconsistency,
title={Self-Consistency Improves Chain of Thought Reasoning in Language Models},
author={Xuezhi Wang and Jason Wei and Dale Schuurmans and Quoc V Le and Ed H. Chi and Sharan Narang and Aakanksha Chowdhery and Denny Zhou},
booktitle={The Eleventh International Conference on Learning Representations },
year={2023},
url={https://openreview.net/forum?id=1PL1NIMMrw}
}

@article{Elazar2021MeasuringAI,
  title={Measuring and Improving Consistency in Pretrained Language Models},
  author={Yanai Elazar and Nora Kassner and Shauli Ravfogel and Abhilasha Ravichander and Eduard H. Hovy and Hinrich Sch{\"u}tze and Yoav Goldberg},
  journal={Transactions of the Association for Computational Linguistics},
  year={2021},
  volume={9},
  pages={1012-1031},
  url={https://api.semanticscholar.org/CorpusID:231740560}
}

@misc{laban2024flipflop,
      title={Are You Sure? Challenging LLMs Leads to Performance Drops in The FlipFlop Experiment}, 
      author={Philippe Laban and Lidiya Murakhovs'ka and Caiming Xiong and Chien-Sheng Wu},
      year={2024},
      eprint={2311.08596},
      archivePrefix={arXiv},
      primaryClass={cs.CL},
      url={https://arxiv.org/abs/2311.08596}, 
}

@inproceedings{huang2023reasoning,
    title = "Towards Reasoning in Large Language Models: A Survey",
    author = "Huang, Jie  and
      Chang, Kevin Chen-Chuan",
    editor = "Rogers, Anna  and
      Boyd-Graber, Jordan  and
      Okazaki, Naoaki",
    booktitle = "Findings of the Association for Computational Linguistics: ACL 2023",
    month = jul,
    year = "2023",
    address = "Toronto, Canada",
    publisher = "Association for Computational Linguistics",
    url = "https://aclanthology.org/2023.findings-acl.67",
    doi = "10.18653/v1/2023.findings-acl.67",
    pages = "1049--1065",
}

@misc{huang2023hallucination,
      title={A Survey on Hallucination in Large Language Models: Principles, Taxonomy, Challenges, and Open Questions}, 
      author={Lei Huang and Weijiang Yu and Weitao Ma and Weihong Zhong and Zhangyin Feng and Haotian Wang and Qianglong Chen and Weihua Peng and Xiaocheng Feng and Bing Qin and Ting Liu},
      year={2023},
      eprint={2311.05232},
      archivePrefix={arXiv},
      primaryClass={cs.CL},
      url={https://arxiv.org/abs/2311.05232}, 
}

@misc{wang2023factuality,
      title={Survey on Factuality in Large Language Models: Knowledge, Retrieval and Domain-Specificity}, 
      author={Cunxiang Wang and Xiaoze Liu and Yuanhao Yue and Xiangru Tang and Tianhang Zhang and Cheng Jiayang and Yunzhi Yao and Wenyang Gao and Xuming Hu and Zehan Qi and Yidong Wang and Linyi Yang and Jindong Wang and Xing Xie and Zheng Zhang and Yue Zhang},
      year={2023},
      eprint={2310.07521},
      archivePrefix={arXiv},
      primaryClass={cs.CL}
}

@inproceedings{Lewis2020RAG,
 author = {Lewis, Patrick and Perez, Ethan and Piktus, Aleksandra and Petroni, Fabio and Karpukhin, Vladimir and Goyal, Naman and K\"{u}ttler, Heinrich and Lewis, Mike and Yih, Wen-tau and Rockt\"{a}schel, Tim and Riedel, Sebastian and Kiela, Douwe},
 booktitle = {Advances in Neural Information Processing Systems},
 editor = {H. Larochelle and M. Ranzato and R. Hadsell and M.F. Balcan and H. Lin},
 pages = {9459--9474},
 publisher = {Curran Associates, Inc.},
 title = {Retrieval-Augmented Generation for Knowledge-Intensive NLP Tasks},
 url = {https://proceedings.neurips.cc/paper_files/paper/2020/file/6b493230205f780e1bc26945df7481e5-Paper.pdf},
 volume = {33},
 year = {2020}
}

@misc{gao2024rag,
      title={Retrieval-Augmented Generation for Large Language Models: A Survey}, 
      author={Yunfan Gao and Yun Xiong and Xinyu Gao and Kangxiang Jia and Jinliu Pan and Yuxi Bi and Yi Dai and Jiawei Sun and Meng Wang and Haofen Wang},
      year={2024},
      eprint={2312.10997},
      archivePrefix={arXiv},
      primaryClass={cs.CL},
      url={https://arxiv.org/abs/2312.10997}, 
}

@article{Annapureddy2024literacy,
author = {Annapureddy, Ravinithesh and Fornaroli, Alessandro and Gatica-Perez, Daniel},
title = {Generative AI Literacy: Twelve Defining Competencies},
year = {2024},
publisher = {Association for Computing Machinery},
address = {New York, NY, USA},
url = {https://doi.org/10.1145/3685680},
doi = {10.1145/3685680},
note = {Just Accepted},
journal = {Digit. Gov.: Res. Pract.},
month = {aug},
keywords = {Generative AI Literacy, AI Literacy, Data Literacy, Generative AI, Prompt engineering, AI competencies, AI skills}
}

@article{Alkaissi2023,
  author    = {Hussam Alkaissi and Samy I. McFarlane},
  title     = {Artificial Hallucinations in ChatGPT: Implications in Scientific Writing},
  journal   = {Cureus},
  volume    = {15},
  number    = {2},
  year      = {2023},
  doi       = {10.7759/cureus.35179},
  url       = {https://doi.org/10.7759/cureus.35179}
}


@article{Kahneman2003,
  author    = {Daniel Kahneman},
  title     = {A Perspective on Judgment and Choice: Mapping Bounded Rationality},
  journal   = {The American Psychologist},
  volume    = {58},
  number    = {9},
  pages     = {697--720},
  year      = {2003},
  doi       = {10.1037/0003-066X.58.9.697},
  url       = {https://doi.org/10.1037/0003-066X.58.9.697}
}


@inproceedings{Kapoor2024ICML,
author = {Kapoor, Sayash and Bommasani, Rishi and Klyman, Kevin and Longpre, Shayne and Ramaswami, Ashwin and Cihon, Peter and Hopkins, Aspen and Bankston, Kevin and Biderman, Stella and Bogen, Miranda and Chowdhury, Rumman and Engler, Alex and Henderson, Peter and Jernite, Yacine and Lazar, Seth and Maffulli, Stefano and Nelson, Alondra and Pineau, Joelle and Skowron, Aviya and Song, Dawn and Storchan, Victor and Zhang, Daniel and Ho, Daniel E. and Liang, Percy and Narayanan, Arvind},
title = {Position: on the societal impact of open foundation models},
year = {2024},
publisher = {JMLR.org},
booktitle = {Proceedings of the 41st International Conference on Machine Learning},
articleno = {928},
numpages = {23},
location = {Vienna, Austria},
series = {ICML'24}
}


@article{Liao2024AI,
	author = {Liao, Q. Vera and Wortman Vaughan, Jennifer},
	journal = {Harvard Data Science Review},
	number = {Special Issue 5},
	year = {2024},
	month = {may 31},
	note = {https://hdsr.mitpress.mit.edu/pub/aelql9qy},
	publisher = {The MIT Press},
	title = {{AI} {Transparency} in the {Age} of {LLMs}: A {Human}-{Centered} {Research} {Roadmap}},
        volume = { },
}

@inproceedings{Weidinger2022Risk,
author = {Weidinger, Laura and Uesato, Jonathan and Rauh, Maribeth and Griffin, Conor and Huang, Po-Sen and Mellor, John and Glaese, Amelia and Cheng, Myra and Balle, Borja and Kasirzadeh, Atoosa and Biles, Courtney and Brown, Sasha and Kenton, Zac and Hawkins, Will and Stepleton, Tom and Birhane, Abeba and Hendricks, Lisa Anne and Rimell, Laura and Isaac, William and Haas, Julia and Legassick, Sean and Irving, Geoffrey and Gabriel, Iason},
title = {Taxonomy of Risks posed by Language Models},
year = {2022},
isbn = {9781450393522},
publisher = {Association for Computing Machinery},
address = {New York, NY, USA},
url = {https://doi.org/10.1145/3531146.3533088},
doi = {10.1145/3531146.3533088},
booktitle = {Proceedings of the 2022 ACM Conference on Fairness, Accountability, and Transparency},
pages = {214–229},
numpages = {16},
keywords = {language models, responsible AI, responsible innovation, risk assessment, technology risks},
location = {Seoul, Republic of Korea},
series = {FAccT '22}
}

@inproceedings{Lai2020Tutorial,
author = {Lai, Vivian and Liu, Han and Tan, Chenhao},
title = {"Why is `Chicago' deceptive?" Towards Building Model-Driven Tutorials for Humans},
year = {2020},
isbn = {9781450367080},
publisher = {Association for Computing Machinery},
address = {New York, NY, USA},
url = {https://doi.org/10.1145/3313831.3376873},
doi = {10.1145/3313831.3376873},
booktitle = {Proceedings of the 2020 CHI Conference on Human Factors in Computing Systems},
pages = {1–13},
numpages = {13},
keywords = {deception detection, explanations, interpretable machine learning, tutorials},
location = {Honolulu, HI, USA},
series = {CHI '20}
}


@inproceedings{Gonzalez2021DoEH,
    title = "Do Explanations Help Users Detect Errors in Open-Domain {QA}? An Evaluation of Spoken vs. Visual Explanations",
    author = "Gonz{\'a}lez, Ana Valeria  and
      Bansal, Gagan  and
      Fan, Angela  and
      Mehdad, Yashar  and
      Jia, Robin  and
      Iyer, Srinivasan",
    editor = "Zong, Chengqing  and
      Xia, Fei  and
      Li, Wenjie  and
      Navigli, Roberto",
    booktitle = "Findings of the Association for Computational Linguistics: ACL-IJCNLP 2021",
    month = aug,
    year = "2021",
    address = "Online",
    publisher = "Association for Computational Linguistics",
    url = "https://aclanthology.org/2021.findings-acl.95/",
    doi = "10.18653/v1/2021.findings-acl.95",
    pages = "1103--1116"
}

@article{He2023Accuracy,
author = {He, Gaole and Buijsman, Stefan and Gadiraju, Ujwal},
title = {How Stated Accuracy of an AI System and Analogies to Explain Accuracy Affect Human Reliance on the System},
year = {2023},
issue_date = {October 2023},
publisher = {Association for Computing Machinery},
address = {New York, NY, USA},
volume = {7},
number = {CSCW2},
url = {https://doi.org/10.1145/3610067},
doi = {10.1145/3610067},
journal = {Proc. ACM Hum.-Comput. Interact.},
month = {oct},
articleno = {276},
numpages = {29},
keywords = {analogy, human-subjects experiment, reliance, trust}
}

@inproceedings{yin2019understanding,
  title = "Understanding the Effect of Accuracy on Trust in Machine Learning Models",
  author = "Ming Yin and Jennifer Wortman Vaughan and Hanna Wallach",
  booktitle = "Proceedings of the 2019 ACM CHI Conference on Human Factors in Computing Systems",
  year = "2019"
  }

@book{WeirdButTrueWorld2024,
  title={Weird But True World 2024},
  author={National Geographic Kids},
  isbn={9781426374531},
  series={National Geographic kids},
  url={https://books.google.com/books?id=JMiPzwEACAAJ},
  year={2023},
  publisher={National Geographic}
}

@book{WeirdButTrueHumanBody,
  title={Weird But True! Human Body: 300 Outrageous Facts about Your Awesome Anatomy},
  author={National Geographic Kids},
  isbn={9781426327261},
  lccn={2016041807},
  series={Nat Geo - Weird but True Series},
  url={https://books.google.com/books?id=dJo8DgAAQBAJ},
  year={2017},
  publisher={National Geographic}
}

@article{Khadpe2020CSCW,
author = {Khadpe, Pranav and Krishna, Ranjay and Fei-Fei, Li and Hancock, Jeffrey T. and Bernstein, Michael S.},
title = {Conceptual Metaphors Impact Perceptions of Human-AI Collaboration},
year = {2020},
issue_date = {October 2020},
publisher = {Association for Computing Machinery},
address = {New York, NY, USA},
volume = {4},
number = {CSCW2},
url = {https://doi.org/10.1145/3415234},
doi = {10.1145/3415234},
journal = {Proc. ACM Hum.-Comput. Interact.},
month = {oct},
articleno = {163},
numpages = {26},
keywords = {adoption of ai systems, conceptual metaphors, expectation shaping, perception of human-ai collaboration}
}


@inproceedings{Lee2024FAccT,
author = {Lee, Yoonjoo and Son, Kihoon and Kim, Tae Soo and Kim, Jisu and Chung, John Joon Young and Adar, Eytan and Kim, Juho},
title = {One vs. Many: Comprehending Accurate Information from Multiple Erroneous and Inconsistent AI Generations},
year = {2024},
isbn = {9798400704505},
publisher = {Association for Computing Machinery},
address = {New York, NY, USA},
url = {https://doi.org/10.1145/3630106.3662681},
doi = {10.1145/3630106.3662681},
booktitle = {Proceedings of the 2024 ACM Conference on Fairness, Accountability, and Transparency},
pages = {2518–2531},
numpages = {14},
keywords = {Controlled Study, Inconsistency, Large Language Models, Reading Comprehension},
location = {Rio de Janeiro, Brazil},
series = {FAccT '24}
}

@book{boyatzis1998transforming,
  title={Transforming Qualitative Information: Thematic Analysis and Code Development},
  author={Boyatzis, Richard E},
  year={1998},
  publisher={sage}
}

@article{BraunClarke2006,
author = {Virginia Braun and Victoria Clarke},
title = {Using Thematic Analysis in Psychology},
journal = {Qualitative Research in Psychology},
volume = {3},
number = {2},
pages = {77-101},
year = {2006},
publisher = {Routledge},
doi = {10.1191/1478088706qp063oa}
}

@inproceedings{buccinca2020proxy,
  title={Proxy Tasks and Subjective Measures Can Be Misleading in Evaluating Explainable {AI} Systems},
  author={Bu{\c{c}}inca, Zana and Lin, Phoebe and Gajos, Krzysztof Z and Glassman, Elena L},
  booktitle={Proceedings of the 25th International Conference on Intelligent User Interfaces},
  pages={454--464},
  year={2020}
}

@inproceedings{gajos2022people,
author = {Gajos, Krzysztof Z. and Mamykina, Lena},
title = {Do People Engage Cognitively with AI? Impact of AI Assistance on Incidental Learning},
year = {2022},
isbn = {9781450391443},
publisher = {Association for Computing Machinery},
address = {New York, NY, USA},
url = {https://doi.org/10.1145/3490099.3511138},
doi = {10.1145/3490099.3511138},
booktitle = {Proceedings of the 27th International Conference on Intelligent User Interfaces},
pages = {794–806},
numpages = {13},
keywords = {cognitive engagement, decision support systems, explainable AI, human-centered AI, incidental learning},
location = {Helsinki, Finland},
series = {IUI '22}
}

@article{liao2021human,
  title={Human-Centered Explainable {AI} ({XAI}): {F}rom Algorithms to User Experiences},
  author={Liao, Q Vera and Varshney, Kush R},
  journal={arXiv preprint arXiv:2110.10790},
  year={2021}
}


@incollection{vaughan2021humancentered,
  author =      {Wortman Vaughan, Jennifer and Wallach, Hanna},
  editor =      {Marcello Pelillo and Teresa Scantamburlo},
  title =       {A Human-Centered Agenda for Intelligible Machine Learning},
  booktitle =   {Machines We Trust: Perspectives on Dependable AI},
  year =        {2021},
  publisher =   {MIT Press}
}

@article{liao2022designing,
  title={Designing for Responsible Trust in {AI} Systems: {A} Communication Perspective},
  author={Liao, Q Vera and Sundar, S Shyam},
  journal={Proceedings of the 2022 Conference on Fairness, Accountability, and Transparency},
  year={2022}
}

@inproceedings{ehsan2021explainable,
author = {Ehsan, Upol and Passi, Samir and Liao, Q. Vera and Chan, Larry and Lee, I-Hsiang and Muller, Michael and Riedl, Mark O},
title = {The Who in XAI: How AI Background Shapes Perceptions of AI Explanations},
year = {2024},
isbn = {9798400703300},
publisher = {Association for Computing Machinery},
address = {New York, NY, USA},
url = {https://doi.org/10.1145/3613904.3642474},
doi = {10.1145/3613904.3642474},
booktitle = {Proceedings of the 2024 CHI Conference on Human Factors in Computing Systems},
articleno = {316},
numpages = {32},
keywords = {Explainable AI, Human-Centered Explainable AI, User Characteristics},
location = {Honolulu, HI, USA},
series = {CHI '24}
}

@book{kahneman2011thinking,
  author = "Daniel Kahneman",
  year = "2011",
  title = "Thinking, Fast and Slow",
  publisher = "Farrar, Straus and Giroux"
  }