@inproceedings{ref1,
    author       = {Jason Wei and
                  Xuezhi Wang and
                  Dale Schuurmans and
                  Maarten Bosma and
                  Brian Ichter and
                  Fei Xia and
                  Ed H. Chi and
                  Quoc V. Le and
                  Denny Zhou},
    title        = {Chain-of-Thought Prompting Elicits Reasoning in Large Language Models},
    booktitle    = {NeurIPS},
    pages        = {24824-24837},
    year         = {2022},
}

@inproceedings{ref2,
    author       = {Haoyang Li and
                  Jing Zhang and
                  Cuiping Li and
                  Hong Chen},
    title        = {{RESDSQL:} Decoupling Schema Linking and Skeleton Parsing for Text-to-SQL},
    booktitle    = {AAAI},
    pages        = {13067--13075},
    year         = {2023},
}

@inproceedings{ref3,
    author       = {Ruichu Cai and
                  Jinjie Yuan and
                  Boyan Xu and
                  Zhifeng Hao},
    title        = {{SADGA:} Structure-Aware Dual Graph Aggregation Network for Text-to-SQL},
    booktitle    = {NeurIPS},
    pages        = {7664--7676},
    year         = {2021},
}

@inproceedings{ref4,
    author       = {Ruisheng Cao and
                  Lu Chen and
                  Zhi Chen and
                  Yanbin Zhao and
                  Su Zhu and
                  Kai Yu},
    title        = {{LGESQL:} Line Graph Enhanced Text-to-SQL Model with Mixed Local and
                  Non-Local Relations},
    booktitle    = {ACL},
    pages        = {2541--2555},
    year = {2021},
}
S
@inproceedings{ref5,
    author       = {Jinyang Li and
                  Binyuan Hui and
                  Reynold Cheng and
                  Bowen Qin and
                  Chenhao Ma and
                  Nan Huo and
                  Fei Huang and
                  Wenyu Du and
                  Luo Si and
                  Yongbin Li},
    title        = {Graphix-T5: Mixing Pre-trained Transformers with Graph-Aware Layers
                  for Text-to-SQL Parsing},
    booktitle    = {AAAI},
    pages        = {13076--13084},
    year         = {2023},
}

@misc{ref6,
      title={C3: Zero-shot Text-to-SQL with ChatGPT}, 
      author={Xuemei Dong and Chao Zhang and Yuhang Ge and Yuren Mao and Yunjun Gao and lu Chen and Jinshu Lin and Dongfang Lou},
      year={2023},
      eprint={2307.07306},
      archivePrefix={arXiv},
      primaryClass={cs.CL},
      url={https://arxiv.org/abs/2307.07306}, 
}

@inproceedings{ref7,
    author = {Gao, Dawei and Wang, Haibin and Li, Yaliang and Sun, Xiuyu and Qian, Yichen and Ding, Bolin and Zhou, Jingren},
    title = {Text-to-SQL Empowered by Large Language Models: A Benchmark Evaluation},
    year = {2024},
    booktitle = {VLDB},
    pages = {1132â€“1145},
}

@inproceedings{ref8,
    author       = {Mohammadreza Pourreza and
                  Davood Rafiei},
    title        = {{DIN-SQL:} Decomposed In-Context Learning of Text-to-SQL with Self-Correction},
    booktitle    = {NeurIPS},
    year         = {2023},
    pages        = {1--10},
}

@misc{ref9,
      title={MAC-SQL: A Multi-Agent Collaborative Framework for Text-to-SQL}, 
      author={Bing Wang and Changyu Ren and Jian Yang and Xinnian Liang and Jiaqi Bai and Linzheng Chai and Zhao Yan and Qian-Wen Zhang and Di Yin and Xing Sun and Zhoujun Li},
      year={2024},
      eprint={2312.11242},
      archivePrefix={arXiv},
      primaryClass={cs.CL},
      url={https://arxiv.org/abs/2312.11242}, 
}

@misc{ref10,
      title={Before Generation, Align it! A Novel and Effective Strategy for Mitigating Hallucinations in Text-to-SQL Generation}, 
      author={Ge Qu and Jinyang Li and Bowen Li and Bowen Qin and Nan Huo and Chenhao Ma and Reynold Cheng},
      year={2024},
      eprint={2405.15307},
      archivePrefix={arXiv},
      primaryClass={cs.CL},
      url={https://arxiv.org/abs/2405.15307}, 
}

@misc{ref11,
      title={DTS-SQL: Decomposed Text-to-SQL with Small Large Language Models}, 
      author={Mohammadreza Pourreza and Davood Rafiei},
      year={2024},
      eprint={2402.01117},
      archivePrefix={arXiv},
      primaryClass={cs.CL},
      url={https://arxiv.org/abs/2402.01117}, 
}

@article{ref12,
    author = {Li, Haoyang and Zhang, Jing and Liu, Hanbing and Fan, Ju and Zhang, Xiaokang and Zhu, Jun and Wei, Renjie and Pan, Hongyan and Li, Cuiping and Chen, Hong},
    title = {CodeS: Towards Building Open-source Language Models for Text-to-SQL},
    year = {2024},
    volume = {2},
    number = {3},
    journal = {ACM on Management of Data},
    pages = {1--28},
}

@inproceedings{ref13,
  author       = {Tao Yu and
                  Rui Zhang and
                  Kai Yang and
                  Michihiro Yasunaga and
                  Dongxu Wang and
                  Zifan Li and
                  James Ma and
                  Irene Li and
                  Qingning Yao and
                  Shanelle Roman and
                  Zilin Zhang and
                  Dragomir R. Radev},
  title        = {Spider: {A} Large-Scale Human-Labeled Dataset for Complex and Cross-Domain
                  Semantic Parsing and Text-to-SQL Task},
  booktitle    = {EMNLP},
  pages        = {3911--3921},
  year         = {2018},
}

@inproceedings{ref14,
  author       = {Jinyang Li and
                  Binyuan Hui and
                  Ge Qu and
                  Jiaxi Yang and
                  Binhua Li and
                  Bowen Li and
                  Bailin Wang and
                  Bowen Qin and
                  Ruiying Geng and
                  Nan Huo and
                  Xuanhe Zhou and
                  Chenhao Ma and
                  Guoliang Li and
                  Kevin Chen{-}Chuan Chang and
                  Fei Huang and
                  Reynold Cheng and
                  Yongbin Li},
  title        = {Can {LLM} Already Serve as {A} Database Interface? {A} BIg Bench for
                  Large-Scale Database Grounded Text-to-SQLs},
  booktitle    = {NeurIPS},
  pages        = {42330--42357},
  year         = {2023},
}

@inproceedings{ref15,
  author       = {Ana{-}Maria Popescu and
                  Oren Etzioni and
                  Henry A. Kautz},
  title        = {Towards a theory of natural language interfaces to databases},
  booktitle    = {IUI},
  pages        = {149--157},
  year         = {2003},
}

@inproceedings{ref16,
  author       = {Lappoon R. Tang and
                  Raymond J. Mooney},
  title        = {Using Multiple Clause Constructors in Inductive Logic Programming
                  for Semantic Parsing},
  booktitle    = {ECML},
  pages        = {466--477},
  year         = {2001},
}

@inproceedings{ref17,
  author       = {John M. Zelle and
                  Raymond J. Mooney},
  title        = {Learning to Parse Database Queries Using Inductive Logic Programming},
  booktitle    = {AAAI},
  pages        = {1050--1055},
  year         = {1996},
}

@misc{ref18,
      title={MCS-SQL: Leveraging Multiple Prompts and Multiple-Choice Selection For Text-to-SQL Generation}, 
      author={Dongjun Lee and Choongwon Park and Jaehyuk Kim and Heesoo Park},
      year={2024},
      eprint={2405.07467},
      archivePrefix={arXiv},
      primaryClass={cs.CL},
      url={https://arxiv.org/abs/2405.07467}, 
}

@misc{ref19,
      title={CHESS: Contextual Harnessing for Efficient SQL Synthesis}, 
      author={Shayan Talaei and Mohammadreza Pourreza and Yu-Chen Chang and Azalia Mirhoseini and Amin Saberi},
      year={2024},
      eprint={2405.16755},
      archivePrefix={arXiv},
      primaryClass={cs.LG},
      url={https://arxiv.org/abs/2405.16755}, 
}

@misc{ref20,
      title={C-Pack: Packaged Resources To Advance General Chinese Embedding}, 
      author={Shitao Xiao and Zheng Liu and Peitian Zhang and Niklas Muennighoff and Defu Lian and Jian-Yun Nie},
      year={2024},
      eprint={2309.07597},
      archivePrefix={arXiv},
      primaryClass={cs.CL},
      url={https://arxiv.org/abs/2309.07597}, 
}

@misc{ref21,
      title={RoBERTa: A Robustly Optimized BERT Pretraining Approach}, 
      author={Yinhan Liu and Myle Ott and Naman Goyal and Jingfei Du and Mandar Joshi and Danqi Chen and Omer Levy and Mike Lewis and Luke Zettlemoyer and Veselin Stoyanov},
      year={2019},
      eprint={1907.11692},
      archivePrefix={arXiv},
      primaryClass={cs.CL},
      url={https://arxiv.org/abs/1907.11692}, 
}

@inproceedings{ref22,
  author       = {Edward J. Hu and
                  Yelong Shen and
                  Phillip Wallis and
                  Zeyuan Allen{-}Zhu and
                  Yuanzhi Li and
                  Shean Wang and
                  Lu Wang and
                  Weizhu Chen},
  title        = {LoRA: Low-Rank Adaptation of Large Language Models},
  booktitle    = {ICLR},
  year         = {2022},
  pages        = {1--13},
}

@inproceedings{ref23,
  author       = {Bowen Qin and
                  Lihan Wang and
                  Binyuan Hui and
                  Bowen Li and
                  Xiangpeng Wei and
                  Binhua Li and
                  Fei Huang and
                  Luo Si and
                  Min Yang and
                  Yongbin Li},
  title        = {{SUN:} Exploring Intrinsic Uncertainties in Text-to-SQL Parsers},
  booktitle    = {COLING},
  pages        = {5298--5308},
  year         = {2022},
}

@inproceedings{ref24,
  author       = {Naihao Deng and
                  Yulong Chen and
                  Yue Zhang},
  title        = {Recent Advances in Text-to-SQL: {A} Survey of What We Have and What
                  We Expect},
  booktitle    = {COLING},
  pages        = {2166--2187},
  year         = {2022},
}
