@misc{ref10,
      title={Before Generation, Align it! A Novel and Effective Strategy for Mitigating Hallucinations in Text-to-SQL Generation}, 
      author={Ge Qu and Jinyang Li and Bowen Li and Bowen Qin and Nan Huo and Chenhao Ma and Reynold Cheng},
      year={2024},
      eprint={2405.15307},
      archivePrefix={arXiv},
      primaryClass={cs.CL},
      url={https://arxiv.org/abs/2405.15307}, 
}

@misc{ref11,
      title={DTS-SQL: Decomposed Text-to-SQL with Small Large Language Models}, 
      author={Mohammadreza Pourreza and Davood Rafiei},
      year={2024},
      eprint={2402.01117},
      archivePrefix={arXiv},
      primaryClass={cs.CL},
      url={https://arxiv.org/abs/2402.01117}, 
}

@article{ref12,
    author = {Li, Haoyang and Zhang, Jing and Liu, Hanbing and Fan, Ju and Zhang, Xiaokang and Zhu, Jun and Wei, Renjie and Pan, Hongyan and Li, Cuiping and Chen, Hong},
    title = {CodeS: Towards Building Open-source Language Models for Text-to-SQL},
    year = {2024},
    volume = {2},
    number = {3},
    journal = {ACM on Management of Data},
    pages = {1--28},
}

@inproceedings{ref2,
    author       = {Haoyang Li and
                  Jing Zhang and
                  Cuiping Li and
                  Hong Chen},
    title        = {{RESDSQL:} Decoupling Schema Linking and Skeleton Parsing for Text-to-SQL},
    booktitle    = {AAAI},
    pages        = {13067--13075},
    year         = {2023},
}

@inproceedings{ref3,
    author       = {Ruichu Cai and
                  Jinjie Yuan and
                  Boyan Xu and
                  Zhifeng Hao},
    title        = {{SADGA:} Structure-Aware Dual Graph Aggregation Network for Text-to-SQL},
    booktitle    = {NeurIPS},
    pages        = {7664--7676},
    year         = {2021},
}

@inproceedings{ref4,
    author       = {Ruisheng Cao and
                  Lu Chen and
                  Zhi Chen and
                  Yanbin Zhao and
                  Su Zhu and
                  Kai Yu},
    title        = {{LGESQL:} Line Graph Enhanced Text-to-SQL Model with Mixed Local and
                  Non-Local Relations},
    booktitle    = {ACL},
    pages        = {2541--2555},
    year = {2021},
}

@inproceedings{ref5,
    author       = {Jinyang Li and
                  Binyuan Hui and
                  Reynold Cheng and
                  Bowen Qin and
                  Chenhao Ma and
                  Nan Huo and
                  Fei Huang and
                  Wenyu Du and
                  Luo Si and
                  Yongbin Li},
    title        = {Graphix-T5: Mixing Pre-trained Transformers with Graph-Aware Layers
                  for Text-to-SQL Parsing},
    booktitle    = {AAAI},
    pages        = {13076--13084},
    year         = {2023},
}

@inproceedings{ref7,
    author = {Gao, Dawei and Wang, Haibin and Li, Yaliang and Sun, Xiuyu and Qian, Yichen and Ding, Bolin and Zhou, Jingren},
    title = {Text-to-SQL Empowered by Large Language Models: A Benchmark Evaluation},
    year = {2024},
    booktitle = {VLDB},
    pages = {1132â€“1145},
}

@inproceedings{ref8,
    author       = {Mohammadreza Pourreza and
                  Davood Rafiei},
    title        = {{DIN-SQL:} Decomposed In-Context Learning of Text-to-SQL with Self-Correction},
    booktitle    = {NeurIPS},
    year         = {2023},
    pages        = {1--10},
}

@misc{ref9,
      title={MAC-SQL: A Multi-Agent Collaborative Framework for Text-to-SQL}, 
      author={Bing Wang and Changyu Ren and Jian Yang and Xinnian Liang and Jiaqi Bai and Linzheng Chai and Zhao Yan and Qian-Wen Zhang and Di Yin and Xing Sun and Zhoujun Li},
      year={2024},
      eprint={2312.11242},
      archivePrefix={arXiv},
      primaryClass={cs.CL},
      url={https://arxiv.org/abs/2312.11242}, 
}

