@ARTICLE{6315769,
  author={Lewis, Frank L. and Vrabie, Draguna and Vamvoudakis, Kyriakos G.},
  journal={IEEE Control Systems Magazine}, 
  title={Reinforcement Learning and Feedback Control: Using Natural Decision Methods to Design Optimal Adaptive Controllers}, 
  year={2012},
  volume={32},
  number={6},
  pages={76-105},
  keywords={Learning systems;Decision making;Reinforcement learning;Feedback control;Optimal control;Adaptive control;Design methodology},
  doi={10.1109/MCS.2012.2214134}}

@ARTICLE{9652036,
  author={Li, Guangtong and Stalin, Thileepan and Truong, Van Tien and Alvarado, Pablo Valdivia y},
  journal={IEEE Robotics and Automation Letters}, 
  title={{DNN}-Based Predictive Model for a Batoid-Inspired Soft Robot}, 
  year={2022},
  volume={7},
  number={2},
  pages={1024-1031},
  keywords={Robots;Soft robotics;Training;Servomotors;Force;Predictive models;Solid modeling;Deep neural networks;soft robot control;bio-inspired locomotion},
  doi={10.1109/LRA.2021.3135573}}

@inproceedings{gkliva2018development,
  title={Development and experimental assessment of a flexible robot fin},
  author={Gkliva, Roza and Sfakiotakis, Michael and Kruusmaa, Maarja},
  booktitle={2018 IEEE International Conference on Soft Robotics (RoboSoft)},
  pages={208--213},
  year={2018},
  organization={IEEE}
}

@article{hou2022dimensionality,
  title={Dimensionality reduction in surrogate modeling: A review of combined methods},
  author={Hou, Chun Kit Jeffery and Behdinan, Kamran},
  journal={Data Science and Engineering},
  volume={7},
  number={4},
  pages={402--427},
  year={2022},
  publisher={Springer}
}

@inproceedings{lee2023data,
  title={Data-driven machine learning models for a multi-objective flapping fin unmanned underwater vehicle control system},
  author={Lee, Julian and Viswanath, Kamal and Sharma, Alisha and Geder, Jason and Pruessner, Marius and Zhou, Brian},
  booktitle={Proceedings of the AAAI Conference on Artificial Intelligence},
  volume={37},
  number={13},
  pages={15703--15709},
  year={2023}
}

@article{muhammad2014non,
  title={Non-linear finite element analysis of biologically inspired robotic fin actuated by soft actuators},
  author={Muhammad Razif, Muhammad Rusydi and Elango, Natarajan and Mohd Nordin, Ili Najaa Aimi and Mohd Faudzi, Ahmad Athif},
  journal={Applied Mechanics and Materials},
  volume={528},
  pages={272--277},
  year={2014},
  publisher={Trans Tech Publ}
}

@article{pinto2021data,
  title={Data-driven district energy management with surrogate models and deep reinforcement learning},
  author={Pinto, Giuseppe and Deltetto, Davide and Capozzoli, Alfonso},
  journal={Applied Energy},
  volume={304},
  pages={117642},
  year={2021},
  publisher={Elsevier}
}

@article{singh2019dynamic,
  title={A dynamic model for underwater robotic fish with a servo actuated pectoral fin},
  author={Singh, Navinder and Gupta, Ankur and Mukherjee, Sujoy},
  journal={SN Applied Sciences},
  volume={1},
  number={7},
  pages={659},
  year={2019},
  publisher={Springer}
}

@article{singh2022reinforcement,
  title={Reinforcement learning in robotic applications: a comprehensive survey},
  author={Singh, Bharat and Kumar, Rajesh and Singh, Vinay Pratap},
  journal={Artificial Intelligence Review},
  volume={55},
  number={2},
  pages={945--990},
  year={2022},
  publisher={Springer}
}

@article{tong2023survey,
  title={A survey on reinforcement learning methods in bionic underwater robots},
  author={Tong, Ru and Feng, Yukai and Wang, Jian and Wu, Zhengxing and Tan, Min and Yu, Junzhi},
  journal={Biomimetics},
  volume={8},
  number={2},
  pages={168},
  year={2023},
  publisher={MDPI}
}

@article{wang2021surrogate,
  title={Surrogate model enabled deep reinforcement learning for hybrid energy community operation},
  author={Wang, Xiaodi and Liu, Youbo and Zhao, Junbo and Liu, Chang and Liu, Junyong and Yan, Jinyue},
  journal={Applied Energy},
  volume={289},
  pages={116722},
  year={2021},
  publisher={Elsevier}
}

