@article{Chang2002AnAS,
  title={An adaptive striping architecture for flash memory storage systems of embedded systems},
  author={Li-Pin Chang and Tei-Wei Kuo},
  journal={Proceedings. Eighth IEEE Real-Time and Embedded Technology and Applications Symposium},
  year={2002},
  pages={187-196},
  url={https://api.semanticscholar.org/CorpusID:16629933}
}

@article{Cheng2015AMCAA,
  title={AMC: an adaptive multi‚Äêlevel cache algorithm in hybrid storage systems},
  author={Yuxia Cheng and Wenzhi Chen and Zonghui Wang and Xinjie Yu and Yang Xiang},
  journal={Concurrency and Computation: Practice and Experience},
  year={2015},
  volume={27},
  pages={4230 - 4246},
  url={https://api.semanticscholar.org/CorpusID:3800548}
}

@article{Cui2023TSCabinetHS,
  title={TS-Cabinet: Hierarchical Storage for Cloud-Edge-End Time-series Database},
  author={Shuangshuang Cui and Hongzhi Wang and Xianglong Liu and Zeyu Tian and Xiaoou Ding},
  journal={ArXiv},
  year={2023},
  volume={abs/2302.12976},
  url={https://api.semanticscholar.org/CorpusID:257219460}
}

@article{Jayarekha2010AnAD,
  title={An Adaptive Dynamic Replacement Approach for a Multicast based Popularity Aware Prefix Cache Memory System},
  author={P. Jayarekha and T. R. Gopalakrishnan Nair},
  journal={ArXiv},
  year={2010},
  volume={abs/1001.4135},
  url={https://api.semanticscholar.org/CorpusID:17322174}
}

@inproceedings{Jiang2005CLOCKProAE,
  title={CLOCK-Pro: An Effective Improvement of the CLOCK Replacement},
  author={Song Jiang and Feng Chen and Xiaodong Zhang},
  booktitle={USENIX Annual Technical Conference, General Track},
  year={2005},
  url={https://api.semanticscholar.org/CorpusID:10570847}
}

@inproceedings{Jiang2005DULOAE,
  title={DULO: an effective buffer cache management scheme to exploit both temporal and spatial locality},
  author={Song Jiang and Xiaoning Ding and Feng Chen and Enhua Tan and Xiaodong Zhang},
  booktitle={USENIX Conference on File and Storage Technologies},
  year={2005},
  url={https://api.semanticscholar.org/CorpusID:3198132}
}

@article{Karakostas2002ExploitationOD,
  title={Exploitation of different types of locality for Web caches},
  author={George Karakostas and Dimitrios N. Serpanos},
  journal={Proceedings ISCC 2002 Seventh International Symposium on Computers and Communications},
  year={2002},
  pages={207-212},
  url={https://api.semanticscholar.org/CorpusID:9730463}
}

@article{Lee2015MCLOCKMP,
  title={M-CLOCK: migration-optimized page replacement algorithm for hybrid DRAM and PCM memory architecture},
  author={Minhoe Lee and Donghyun Kang and Junghoon Kim and Young Ik Eom},
  journal={Proceedings of the 30th Annual ACM Symposium on Applied Computing},
  year={2015},
  url={https://api.semanticscholar.org/CorpusID:4299782}
}

@article{Levandoski2013IdentifyingHA,
  title={Identifying hot and cold data in main-memory databases},
  author={Justin J. Levandoski and Per-{\AA}ke Larson and Radu Stoica},
  journal={2013 IEEE 29th International Conference on Data Engineering (ICDE)},
  year={2013},
  pages={26-37},
  url={https://api.semanticscholar.org/CorpusID:479301}
}

@inproceedings{MegiddoProceedingsOF,
  title={Proceedings of Fast '03: 2nd Usenix Conference on File and Storage Technologies 2nd Usenix Conference on File and Storage Technologies Arc: a Self-tuning, Low Overhead Replacement Cache},
  author={Nimrod Megiddo and Dharmendra S. Modha},
  url={https://api.semanticscholar.org/CorpusID:302221}
}

@article{ONeil1993TheLP,
  title={The LRU-K page replacement algorithm for database disk buffering},
  author={Elizabeth J. O'Neil and Patrick E. O'Neil and Gerhard Weikum},
  journal={ACM SIGMOD Record},
  year={1993},
  volume={22},
  pages={297 - 306},
  url={https://api.semanticscholar.org/CorpusID:207177617}
}

@article{Pelkonen2015GorillaAF,
  title={Gorilla: A Fast, Scalable, In-Memory Time Series Database},
  author={Tuomas Pelkonen and Scott Franklin and Paul Cavallaro and Qi Huang and Justin Meza and Justin Teller and Kaushik Veeraraghavan},
  journal={Proc. VLDB Endow.},
  year={2015},
  volume={8},
  pages={1816-1827},
  url={https://api.semanticscholar.org/CorpusID:14777791}
}

@inproceedings{Song2020LearningRB,
  title={Learning Relaxed Belady for Content Distribution Network Caching},
  author={Zhenyu Song and Daniel S. Berger and K. Li and Wyatt Lloyd},
  booktitle={Symposium on Networked Systems Design and Implementation},
  year={2020},
  url={https://api.semanticscholar.org/CorpusID:211525558}
}

@inproceedings{Vietri2018DrivingCR,
  title={Driving Cache Replacement with ML-based LeCaR},
  author={Giuseppe Vietri and Liana V. Rodriguez and Wendy A. Martinez and Steven Lyons and Jason Liu and Raju Rangaswami and Ming Zhao and Giri Narasimhan},
  booktitle={USENIX Workshop on Hot Topics in Storage and File Systems},
  year={2018},
  url={https://api.semanticscholar.org/CorpusID:51881780}
}

@masterthesis{Xie2019,
  author = {Xie Yulin},  
  title = {Research on Recognition Mechanism of Hot and Cold Data Based on Data Temperature},  
  school = {Zhejiang University},  
  year = {2019},  
  month = {3},  
  day = {05}  
}

@article{Yang2023ALC,
  title={A Learned Cache Eviction Framework with Minimal Overhead},
  author={Dongsheng Yang and Daniel S. Berger and K. Li and Wyatt Lloyd},
  journal={ArXiv},
  year={2023},
  volume={abs/2301.11886},
  url={https://api.semanticscholar.org/CorpusID:256358775}
}

