
% Journals

% First the Full Name is given, then the abbreviation used in the AMS Math
% Reviews, with an indication if it could not be found there.
% Note the 2nd overwrites the 1st, so swap them if you want the full name.

 %{AMS}
 @String{AMSTrans = "American Mathematical Society Translations" }
 @String{AMSTrans = "Amer. Math. Soc. Transl." }
 @String{BullAMS = "Bulletin of the American Mathematical Society" }
 @String{BullAMS = "Bull. Amer. Math. Soc." }
 @String{ProcAMS = "Proceedings of the American Mathematical Society" }
 @String{ProcAMS = "Proc. Amer. Math. Soc." }
 @String{TransAMS = "Transactions of the American Mathematical Society" }
 @String{TransAMS = "Trans. Amer. Math. Soc." }

 %ACM
 @String{CACM = "Communications of the {ACM}" }
 @String{CACM = "Commun. {ACM}" }
 @String{CompServ = "Comput. Surveys" }
 @String{JACM = "J. ACM" }
 @String{ACMMathSoft = "{ACM} Transactions on Mathematical Software" }
 @String{ACMMathSoft = "{ACM} Trans. Math. Software" }
 @String{SIGNUM = "{ACM} {SIGNUM} Newsletter" }
 @String{SIGNUM = "{ACM} {SIGNUM} Newslett." }

 @String{AmerSocio = "American Journal of Sociology" }
 @String{AmerStatAssoc = "Journal of the American Statistical Association" }
 @String{AmerStatAssoc = "J. Amer. Statist. Assoc." }
 @String{ApplMathComp = "Applied Mathematics and Computation" }
 @String{ApplMathComp = "Appl. Math. Comput." }
 @String{AmerMathMonthly = "American Mathematical Monthly" }
 @String{AmerMathMonthly = "Amer. Math. Monthly" }
 @String{BIT = "{BIT}" }
 @String{BritStatPsych = "British Journal of Mathematical and Statistical
          Psychology" }
 @String{BritStatPsych = "Brit. J. Math. Statist. Psych." }
 @String{CanMathBull = "Canadian Mathematical Bulletin" }
 @String{CanMathBull = "Canad. Math. Bull." }
 @String{CompApplMath = "Journal of Computational and Applied Mathematics" }
 @String{CompApplMath = "J. Comput. Appl. Math." }
 @String{CompPhys = "Journal of Computational Physics" }
 @String{CompPhys = "J. Comput. Phys." }
 @String{CompStruct = "Computers and Structures" }
 @String{CompStruct = "Comput. \& Structures" }
 @String{CompJour = "The Computer Journal" }
 @String{CompJour = "Comput. J." }
 @String{CompSysSci = "Journal of Computer and System Sciences" }
 @String{CompSysSci = "J. Comput. System Sci." }
 @String{Computing = "Computing" }
 @String{ContempMath = "Contemporary Mathematics" }
 @String{ContempMath = "Contemp. Math." }
 @String{Crelle = "Crelle's Journal" }
 @String{GiornaleMath = "Giornale di Mathematiche" }
 @String{GiornaleMath = "Giorn. Mat." } % didn't find in AMS MR., ibid.

 %IEEE
 @String{Computer = "{IEEE} Computer" }
 @String{IEEETransComp = "{IEEE} Transactions on Computers" }
 @String{IEEETransComp = "{IEEE} Trans. Comput." }
 @String{IEEETransAC = "{IEEE} Transactions on Automatic Control" }
 @String{IEEETransAC = "{IEEE} Trans. Automat. Control" }
 @String{IEEESpec = "{IEEE} Spectrum" } % didn't find in AMS MR
 @String{ProcIEEE = "Proceedings of the {IEEE}" }
 @String{ProcIEEE = "Proc. {IEEE}" } % didn't find in AMS MR
 @String{IEEETransAeroElec = "{IEEE} Transactions on Aerospace and Electronic
     Systems" }
 @String{IEEETransAeroElec = "{IEEE} Trans. Aerospace Electron. Systems" }

 @String{IMANumerAna = "{IMA} Journal of Numerical Analysis" }
 @String{IMANumerAna = "{IMA} J. Numer. Anal." }
 @String{InfProcLet = "Information Processing Letters" }
 @String{InfProcLet = "Inform. Process. Lett." }
 @String{InstMathApp = "Journal of the Institute of Mathematics and
     its Applications" }
 @String{InstMathApp = "J. Inst. Math. Appl." }
 @String{IntControl = "International Journal of Control" }
 @String{IntControl = "Internat. J. Control" }
 @String{IntNumerEng = "International Journal for Numerical Methods in
     Engineering" }
 @String{IntNumerEng = "Internat. J. Numer. Methods Engrg." }
 @String{IntSuper = "International Journal of Supercomputing Applications" }
 @String{IntSuper = "Internat. J. Supercomputing Applic." } % didn't find
%% in AMS MR
 @String{Kibernetika = "Kibernetika" }
 @String{JResNatBurStand = "Journal of Research of the National Bureau
     of Standards" }
 @String{JResNatBurStand = "J. Res. Nat. Bur. Standards" }
 @String{LinAlgApp = "Linear Algebra and its Applications" }
 @String{LinAlgApp = "Linear Algebra Appl." }
 @String{MathAnaAppl = "Journal of Mathematical Analysis and Applications" }
 @String{MathAnaAppl = "J. Math. Anal. Appl." }
 @String{MathAnnalen = "Mathematische Annalen" }
 @String{MathAnnalen = "Math. Ann." }
 @String{MathPhys = "Journal of Mathematical Physics" }
 @String{MathPhys = "J. Math. Phys." }
 @String{MathComp = "Mathematics of Computation" }
 @String{MathComp = "Math. Comp." }
 @String{MathScand = "Mathematica Scandinavica" }
 @String{MathScand = "Math. Scand." }
 @String{TablesAidsComp = "Mathematical Tables and Other Aids to Computation" }
 @String{TablesAidsComp = "Math. Tables Aids Comput." }
 @String{NumerMath = "Numerische Mathematik" }
 @String{NumerMath = "Numer. Math." }
 @String{PacificMath = "Pacific Journal of Mathematics" }
 @String{PacificMath = "Pacific J. Math." }
 @String{ParDistComp = "Journal of Parallel and Distributed Computing" }
 @String{ParDistComp = "J. Parallel and Distrib. Comput." } % didn't find
%% in AMS MR
 @String{ParComputing = "Parallel Computing" }
 @String{ParComputing = "Parallel Comput." }
 @String{PhilMag = "Philosophical Magazine" }
 @String{PhilMag = "Philos. Mag." }
 @String{ProcNAS = "Proceedings of the National Academy of Sciences
                    of the USA" }
 @String{ProcNAS = "Proc. Nat. Acad. Sci. U. S. A." }
 @String{Psychometrika = "Psychometrika" }
 @String{QuartMath = "Quarterly Journal of Mathematics, Oxford, Series (2)" }
 @String{QuartMath = "Quart. J. Math. Oxford Ser. (2)" }
 @String{QuartApplMath = "Quarterly of Applied Mathematics" }
 @String{QuartApplMath = "Quart. Appl. Math." }
 @String{RevueInstStat = "Review of the International Statisical Institute" }
 @String{RevueInstStat = "Rev. Inst. Internat. Statist." }

 %SIAM
 @String{JSIAM = "Journal of the Society for Industrial and Applied
     Mathematics" }
 @String{JSIAM = "J. Soc. Indust. Appl. Math." }
 @String{JSIAMB = "Journal of the Society for Industrial and Applied
     Mathematics, Series B, Numerical Analysis" }
 @String{JSIAMB = "J. Soc. Indust. Appl. Math. Ser. B Numer. Anal." }
 @String{SIAMAlgMeth = "{SIAM} Journal on Algebraic and Discrete Methods" }
 @String{SIAMAlgMeth = "{SIAM} J. Algebraic Discrete Methods" }
 @String{SIAMAppMath = "{SIAM} Journal on Applied Mathematics" }
 @String{SIAMAppMath = "{SIAM} J. Appl. Math." }
 @String{SIAMComp = "{SIAM} Journal on Computing" }
 @String{SIAMComp = "{SIAM} J. Comput." }
 @String{SIAMMatrix = "{SIAM} Journal on Matrix Analysis and Applications" }
 @String{SIAMMatrix = "{SIAM} J. Matrix Anal. Appl." }
 @String{SIAMNumAnal = "{SIAM} Journal on Numerical Analysis" }
 @String{SIAMNumAnal = "{SIAM} J. Numer. Anal." }
 @String{SIAMReview = "{SIAM} Review" }
 @String{SIAMReview = "{SIAM} Rev." }
 @String{SIAMSciStat = "{SIAM} Journal on Scientific and Statistical
     Computing" }
 @String{SIAMSciStat = "{SIAM} J. Sci. Statist. Comput." }

 @String{SoftPracExp = "Software Practice and Experience" }
 @String{SoftPracExp = "Software Prac. Experience" } % didn't find in AMS MR
 @String{StatScience = "Statistical Science" }
 @String{StatScience = "Statist. Sci." }
 @String{Techno = "Technometrics" }
 @String{USSRCompMathPhys = "{USSR} Computational Mathematics and Mathematical
     Physics" }
 @String{USSRCompMathPhys = "{U. S. S. R.} Comput. Math. and Math. Phys." }
 @String{VLSICompSys = "Journal of {VLSI} and Computer Systems" }
 @String{VLSICompSys = "J. {VLSI} Comput. Syst." }
 @String{ZAngewMathMech = "Zeitschrift fur Angewandte Mathematik und
     Mechanik" }
 @String{ZAngewMathMech = "Z. Angew. Math. Mech." }
 @String{ZAngewMathPhys = "Zeitschrift fur Angewandte Mathematik und Physik" }
 @String{ZAngewMathPhys = "Z. Angew. Math. Phys." }

% Publishers % ================================================= |

 @String{Academic = "Academic Press" }
 @String{ACMPress = "{ACM} Press" }
 @String{AdamHilger = "Adam Hilger" }
 @String{AddisonWesley = "Addison-Wesley" }
 @String{AllynBacon = "Allyn and Bacon" }
 @String{AMS = "American Mathematical Society" }
 @String{Birkhauser = "Birkha{\"u}ser" }
 @String{CambridgePress = "Cambridge University Press" }
 @String{Chelsea = "Chelsea" }
 @String{ClaredonPress = "Claredon Press" }
 @String{DoverPub = "Dover Publications" }
 @String{Eyolles = "Eyolles" }
 @String{HoltRinehartWinston = "Holt, Rinehart and Winston" }
 @String{Interscience = "Interscience" }
 @String{JohnsHopkinsPress = "The Johns Hopkins University Press" }
 @String{JohnWileySons = "John Wiley and Sons" }
 @String{Macmillan = "Macmillan" }
 @String{MathWorks = "The Math Works Inc." }
 @String{McGrawHill = "McGraw-Hill" }
 @String{NatBurStd = "National Bureau of Standards" }
 @String{NorthHolland = "North-Holland" }
 @String{OxfordPress = "Oxford University Press" }  %address Oxford or London?
 @String{PergamonPress = "Pergamon Press" }
 @String{PlenumPress = "Plenum Press" }
 @String{PrenticeHall = "Prentice-Hall" }
 @String{SIAMPub = "{SIAM} Publications" }
 @String{Springer = "Springer-Verlag" }
 @String{TexasPress = "University of Texas Press" }
 @String{VanNostrand = "Van Nostrand" }
 @String{WHFreeman = "W. H. Freeman and Co." }

%Entries


% acmsmall-sam.bib

@misc{power,
  title={Individual household electric power cinsumption data set},
  year={2021},
  url={http://archive.ics.uci.edu/ml/datasets/Individual+household+electric+power+consumption}
}

@misc{dmv,
  title={Vehicle, snowmobile, and boat registrations},
  year={2019},
  url={http://catalog.data.gov/dataset/vehicle-snowmobile-and-boat-registrations}
}

@article{Cai2018IntegratedQO,
  title={Integrated Querying of SQL database data and S3 data in Amazon Redshift},
  author={Mengchu Cai and Martin Grund and Anurag Gupta and Fabian Nagel and Ippokratis Pandis and Yannis Papakonstantinou and Michalis Petropoulos},
  journal={IEEE Data Eng. Bull.},
  year={2018},
  volume={41},
  pages={82-90},
  url={https://api.semanticscholar.org/CorpusID:49409776}
}

@article{Dageville2016TheSE,
  title={The Snowflake Elastic Data Warehouse},
  author={Beno{\^i}t Dageville and Thierry Cruanes and Marcin Zukowski and V. N. Antonov and Artin Avanes and Jon Bock and Jonathan Claybaugh and Daniel Engovatov and Martin Hentschel and Jiansheng Huang and Allison W. Lee and Ashish Motivala and Abdul Munir and Steven Pelley and Peter Povinec and Greg Rahn and Spyridon Triantafyllis and Philipp Unterbrunner},
  journal={Proceedings of the 2016 International Conference on Management of Data},
  year={2016},
  url={https://api.semanticscholar.org/CorpusID:207235111}
}

@article{Liao2022CloudEdgeEndCI,
  title={Cloud-Edge-End Collaboration in Air–Ground Integrated Power IoT: A Semidistributed Learning Approach},
  author={Haijun Liao and Zehan Jia and Zhenyu Zhou and Yang Wang and Hui Zhang and Shahid Mumtaz},
  journal={IEEE Transactions on Industrial Informatics},
  year={2022},
  volume={18},
  pages={8047-8057},
  url={https://api.semanticscholar.org/CorpusID:247994154}
}

@article{Zhang2022BlockchainAF,
  title={Blockchain and Federated Deep Reinforcement Learning Based Secure Cloud-Edge-End Collaboration in Power IoT},
  author={Sunxuan Zhang and Zhao Wang and Zhenyu Zhou and Yang Wang and Hui Zhang and Geng Zhang and Huixia Ding and Shahid Mumtaz and Mohsen Guizani},
  journal={IEEE Wireless Communications},
  year={2022},
  volume={29},
  pages={84-91},
  url={https://api.semanticscholar.org/CorpusID:249913403}
}

@article{Fan2023MSIAPAD,
  title={MSIAP: A Dynamic Searchable Encryption for Privacy-Protection on Smart Grid With Cloud-Edge-End},
  author={Kai Fan and Qi Chen and Ruidan Su and Kuan Zhang and Hao-Yu Wang and Hui Li and Yintang Yang},
  journal={IEEE Transactions on Cloud Computing},
  year={2023},
  volume={11},
  pages={1170-1181},
  url={https://api.semanticscholar.org/CorpusID:245040721}
}

@article{Li2022ApplicationDrivenDM,
  title={Application-Driven Data Management Framework for Wind Farms by Cloud-Edge-End Collaboration},
  author={Yang Li and Xiao Lin Shen and Yu Wang and Yangfan Zhang and Weixin Yang},
  journal={2022 IEEE 6th Conference on Energy Internet and Energy System Integration (EI2)},
  year={2022},
  pages={1689-1695},
  url={https://api.semanticscholar.org/CorpusID:258593181}
}

@article{Li2018AnEM,
  title={An Effective Model for Edge-Side Collaborative Storage in Data-Intensive Edge Computing},
  author={Yunhao Li and Junzhou Luo and Jiahui Jin and Runqun Xiong and Fang Dong},
  journal={2018 IEEE 22nd International Conference on Computer Supported Cooperative Work in Design ((CSCWD))},
  year={2018},
  pages={92-97},
  url={https://api.semanticscholar.org/CorpusID:52291758}
}

@article{Tao2020SecureDS,
  title={Secure Data Sharing and Search for Cloud-Edge-Collaborative Storage},
  author={Ye Tao and Peng Xu and Hai Jin},
  journal={IEEE Access},
  year={2020},
  volume={8},
  pages={15963-15972},
  url={https://api.semanticscholar.org/CorpusID:210970696}
}

@article{Zhong2022FLEEAH,
  title={FLEE: A Hierarchical Federated Learning Framework for Distributed Deep Neural Network over Cloud, Edge, and End Device},
  author={Zhengyi Zhong and Weidong Bao and Ji Wang and Xiaomin Zhu and Xiongtao Zhang},
  journal={ACM Transactions on Intelligent Systems and Technology (TIST)},
  year={2022},
  volume={13},
  pages={1 - 24},
  url={https://api.semanticscholar.org/CorpusID:248835913}
}

@article{Qiu2021NetworkingIC,
  title={Networking Integrated Cloud–Edge–End in IoT: A Blockchain-Assisted Collective Q-Learning Approach},
  author={Chao Qiu and Xiaofei Wang and Haipeng Yao and Jianbo Du and Fei Richard Yu and Song Guo},
  journal={IEEE Internet of Things Journal},
  year={2021},
  volume={8},
  pages={12694-12704},
  url={https://api.semanticscholar.org/CorpusID:226660658}
}

@article{Lin2019ATD,
  title={A Time-Driven Data Placement Strategy for a Scientific Workflow Combining Edge Computing and Cloud Computing},
  author={Bing Lin and Fangning Zhu and Jianshan Zhang and Jiaqing Chen and Xing Chen and Naixue N. Xiong and Jaime Lloret Mauri},
  journal={IEEE Transactions on Industrial Informatics},
  year={2019},
  volume={15},
  pages={4254-4265},
  url={https://api.semanticscholar.org/CorpusID:58981499}
}

@article{Chang2002AnAS,
  title={An adaptive striping architecture for flash memory storage systems of embedded systems},
  author={Li-Pin Chang and Tei-Wei Kuo},
  journal={Proceedings. Eighth IEEE Real-Time and Embedded Technology and Applications Symposium},
  year={2002},
  pages={187-196},
  url={https://api.semanticscholar.org/CorpusID:16629933}
}

@article{ONeil1993TheLP,
  title={The LRU-K page replacement algorithm for database disk buffering},
  author={Elizabeth J. O'Neil and Patrick E. O'Neil and Gerhard Weikum},
  journal={ACM SIGMOD Record},
  year={1993},
  volume={22},
  pages={297 - 306},
  url={https://api.semanticscholar.org/CorpusID:207177617}
}

@inproceedings{MegiddoProceedingsOF,
  title={Proceedings of Fast '03: 2nd Usenix Conference on File and Storage Technologies 2nd Usenix Conference on File and Storage Technologies Arc: a Self-tuning, Low Overhead Replacement Cache},
  author={Nimrod Megiddo and Dharmendra S. Modha},
  url={https://api.semanticscholar.org/CorpusID:302221}
}

@inproceedings{Jiang2005DULOAE,
  title={DULO: an effective buffer cache management scheme to exploit both temporal and spatial locality},
  author={Song Jiang and Xiaoning Ding and Feng Chen and Enhua Tan and Xiaodong Zhang},
  booktitle={USENIX Conference on File and Storage Technologies},
  year={2005},
  url={https://api.semanticscholar.org/CorpusID:3198132}
}

@article{Cheng2015AMCAA,
  title={AMC: an adaptive multi‐level cache algorithm in hybrid storage systems},
  author={Yuxia Cheng and Wenzhi Chen and Zonghui Wang and Xinjie Yu and Yang Xiang},
  journal={Concurrency and Computation: Practice and Experience},
  year={2015},
  volume={27},
  pages={4230 - 4246},
  url={https://api.semanticscholar.org/CorpusID:3800548}
}

@article{Karakostas2002ExploitationOD,
  title={Exploitation of different types of locality for Web caches},
  author={George Karakostas and Dimitrios N. Serpanos},
  journal={Proceedings ISCC 2002 Seventh International Symposium on Computers and Communications},
  year={2002},
  pages={207-212},
  url={https://api.semanticscholar.org/CorpusID:9730463}
}

@article{Jayarekha2010AnAD,
  title={An Adaptive Dynamic Replacement Approach for a Multicast based Popularity Aware Prefix Cache Memory System},
  author={P. Jayarekha and T. R. Gopalakrishnan Nair},
  journal={ArXiv},
  year={2010},
  volume={abs/1001.4135},
  url={https://api.semanticscholar.org/CorpusID:17322174}
}

@inproceedings{Jiang2005CLOCKProAE,
  title={CLOCK-Pro: An Effective Improvement of the CLOCK Replacement},
  author={Song Jiang and Feng Chen and Xiaodong Zhang},
  booktitle={USENIX Annual Technical Conference, General Track},
  year={2005},
  url={https://api.semanticscholar.org/CorpusID:10570847}
}

@article{Lee2015MCLOCKMP,
  title={M-CLOCK: migration-optimized page replacement algorithm for hybrid DRAM and PCM memory architecture},
  author={Minhoe Lee and Donghyun Kang and Junghoon Kim and Young Ik Eom},
  journal={Proceedings of the 30th Annual ACM Symposium on Applied Computing},
  year={2015},
  url={https://api.semanticscholar.org/CorpusID:4299782}
}

@inproceedings{Vietri2018DrivingCR,
  title={Driving Cache Replacement with ML-based LeCaR},
  author={Giuseppe Vietri and Liana V. Rodriguez and Wendy A. Martinez and Steven Lyons and Jason Liu and Raju Rangaswami and Ming Zhao and Giri Narasimhan},
  booktitle={USENIX Workshop on Hot Topics in Storage and File Systems},
  year={2018},
  url={https://api.semanticscholar.org/CorpusID:51881780}
}

@article{Yang2023ALC,
  title={A Learned Cache Eviction Framework with Minimal Overhead},
  author={Dongsheng Yang and Daniel S. Berger and K. Li and Wyatt Lloyd},
  journal={ArXiv},
  year={2023},
  volume={abs/2301.11886},
  url={https://api.semanticscholar.org/CorpusID:256358775}
}

@inproceedings{Song2020LearningRB,
  title={Learning Relaxed Belady for Content Distribution Network Caching},
  author={Zhenyu Song and Daniel S. Berger and K. Li and Wyatt Lloyd},
  booktitle={Symposium on Networked Systems Design and Implementation},
  year={2020},
  url={https://api.semanticscholar.org/CorpusID:211525558}
}

@article{Pelkonen2015GorillaAF,
  title={Gorilla: A Fast, Scalable, In-Memory Time Series Database},
  author={Tuomas Pelkonen and Scott Franklin and Paul Cavallaro and Qi Huang and Justin Meza and Justin Teller and Kaushik Veeraraghavan},
  journal={Proc. VLDB Endow.},
  year={2015},
  volume={8},
  pages={1816-1827},
  url={https://api.semanticscholar.org/CorpusID:14777791}
}

@masterthesis{Xie2019,
  author = {Xie Yulin},  
  title = {Research on Recognition Mechanism of Hot and Cold Data Based on Data Temperature},  
  school = {Zhejiang University},  
  year = {2019},  
  month = {3},  
  day = {05}  
}

@article{Cui2023TSCabinetHS,
  title={TS-Cabinet: Hierarchical Storage for Cloud-Edge-End Time-series Database},
  author={Shuangshuang Cui and Hongzhi Wang and Xianglong Liu and Zeyu Tian and Xiaoou Ding},
  journal={ArXiv},
  year={2023},
  volume={abs/2302.12976},
  url={https://api.semanticscholar.org/CorpusID:257219460}
}

@article{Hsieh2006EfficientIO,
  title={Efficient identification of hot data for flash memory storage systems},
  author={Jen-Wei Hsieh and Tei-Wei Kuo and Li-Pin Chang},
  journal={ACM Trans. Storage},
  year={2006},
  volume={2},
  pages={22-40},
  url={https://api.semanticscholar.org/CorpusID:6721466}
}

@article{Park2011HotDI,
  title={Hot data identification for flash-based storage systems using multiple bloom filters},
  author={Dongchul Park and David Hung-Chang Du},
  journal={2011 IEEE 27th Symposium on Mass Storage Systems and Technologies (MSST)},
  year={2011},
  pages={1-11},
  url={https://api.semanticscholar.org/CorpusID:2751886}
}

@article{Pathak2018LifeCO,
  title={Life Cycle of Transactional Data in In-memory Databases},
  author={Amit Pathak and Aditya Gurajada and Pushkar Khadilkar},
  journal={2018 IEEE 34th International Conference on Data Engineering Workshops (ICDEW)},
  year={2018},
  pages={122-133},
  url={https://api.semanticscholar.org/CorpusID:49574006}
}

@article{Belady1966ASO,
  title={A Study of Replacement Algorithms for Virtual-Storage Computer},
  author={Laszlo A. Belady},
  journal={IBM Syst. J.},
  year={1966},
  volume={5},
  pages={78-101},
  url={https://api.semanticscholar.org/CorpusID:8344798}
}

@article{Denning1968TheWS,
  title={The working set model for program behavior},
  author={Peter J. Denning},
  journal={Commun. ACM},
  year={1968},
  volume={26},
  pages={43-48},
  url={https://api.semanticscholar.org/CorpusID:38344265}
}

@article{Smith1978SequentialityAP,
  title={Sequentiality and prefetching in database systems},
  author={Alan Jay Smith},
  journal={ACM Trans. Database Syst.},
  year={1978},
  volume={3},
  pages={223-247},
  url={https://api.semanticscholar.org/CorpusID:11611563}
}

@article{Jain1999DataCA,
  title={Data clustering: a review},
  author={Anil K. Jain and M. Narasimha Murty and Patrick J. Flynn},
  journal={ACM Comput. Surv.},
  year={1999},
  volume={31},
  pages={264-323},
  url={https://api.semanticscholar.org/CorpusID:12744045}
}

@inproceedings{Ester1996ADA,
  title={A Density-Based Algorithm for Discovering Clusters in Large Spatial Databases with Noise},
  author={Martin Ester and Hans-Peter Kriegel and J{\"o}rg Sander and Xiaowei Xu},
  booktitle={Knowledge Discovery and Data Mining},
  year={1996},
  url={https://api.semanticscholar.org/CorpusID:355163}
}

@article{Ward1963HierarchicalGT,
  title={Hierarchical Grouping to Optimize an Objective Function},
  author={Joe H. Ward},
  journal={Journal of the American Statistical Association},
  year={1963},
  volume={58},
  pages={236-244},
  url={https://api.semanticscholar.org/CorpusID:32863022}
}

@article{Liu2018FastCW,
  title={Fast Clustering with Flexible Balance Constraints},
  author={Hongfu Liu and Ziming Huang and Qi Chen and Mingqin Li and Yun Raymond Fu and Lintao Zhang},
  journal={2018 IEEE International Conference on Big Data (Big Data)},
  year={2018},
  pages={743-750},
  url={https://api.semanticscholar.org/CorpusID:59233118}
}

@article{Chen2021SPANNHB,
  title={SPANN: Highly-efficient Billion-scale Approximate Nearest Neighbor Search},
  author={Qi Chen and Bing Zhao and Haidong Wang and Mingqin Li and Chuanjie Liu and Zengzhong Li and Mao Yang and Jingdong Wang},
  journal={ArXiv},
  year={2021},
  volume={abs/2111.08566},
  url={https://api.semanticscholar.org/CorpusID:244130437}
}

@article{Friedman1976AnAF,
  title={An Algorithm for Finding Best Matches in Logarithmic Expected Time},
  author={Jerome H. Friedman and Jon Louis Bentley and Raphael A. Finkel},
  journal={ACM Trans. Math. Softw.},
  year={1976},
  volume={3},
  pages={209-226},
  url={https://api.semanticscholar.org/CorpusID:10811510}
}

@inproceedings{Larson2013EnhancementsTS,
  title={Enhancements to SQL server column stores},
  author={Per-{\AA}ke Larson and Cipri Clinciu and Campbell Fraser and Eric N. Hanson and Mostafa Mokhtar and Michal Nowakiewicz and Vassilis Papadimos and Susan Price and Srikumar Rangarajan and Remus Rusanu and Mayukh Saubhasik},
  booktitle={ACM SIGMOD Conference},
  year={2013},
  url={https://api.semanticscholar.org/CorpusID:15462070}
}

@article{Yang2020QdtreeLD,
  title={Qd-tree: Learning Data Layouts for Big Data Analytics},
  author={Zongheng Yang and Badrish Chandramouli and Chi Wang and Johannes Gehrke and Yinan Li and Umar Farooq Minhas and Per-{\AA}ke Larson and Donald Kossmann and Rajeev Acharya},
  journal={Proceedings of the 2020 ACM SIGMOD International Conference on Management of Data},
  year={2020},
  url={https://api.semanticscholar.org/CorpusID:216080521}
}

@inproceedings{Hilbert1935DritterBA,
  title={Dritter Band: Analysis · Grundlagen der Mathematik · Physik Verschiedenes: Nebst Einer Lebensgeschichte},
  author={David Von Hilbert},
  booktitle={Springer-Verlag},
  year={1935},
  url={https://api.semanticscholar.org/CorpusID:123508488}
}

@article{Levandoski2013IdentifyingHA,
  title={Identifying hot and cold data in main-memory databases},
  author={Justin J. Levandoski and Per-{\AA}ke Larson and Radu Stoica},
  journal={2013 IEEE 29th International Conference on Data Engineering (ICDE)},
  year={2013},
  pages={26-37},
  url={https://api.semanticscholar.org/CorpusID:479301}
}

@inproceedings{Du2011DesignAA,
  title={Design and Analysis of Approximation Algorithms},
  author={D. Z. Du and Ker-I Ko and Xiaodong Hu},
  booktitle={Springer Science & Business Media},
  year={2011},
  url={https://api.semanticscholar.org/CorpusID:60268697}
}

@article{Wang2020AreWR,
  title={Are We Ready For Learned Cardinality Estimation?},
  author={Xiaoying Wang and Changbo Qu and Weiyuan Wu and Jiannan Wang and Qingqing Zhou},
  journal={Proc. VLDB Endow.},
  year={2020},
  volume={14},
  pages={1640-1654},
  url={https://api.semanticscholar.org/CorpusID:229157499}
}



