@article{bettini2024benchmarl,
  title={Benchmarl: Benchmarking multi-agent reinforcement learning},
  author={Bettini, Matteo and Prorok, Amanda and Moens, Vincent},
  journal={Journal of Machine Learning Research},
  volume={25},
  number={217},
  pages={1--10},
  year={2024}
}

@inproceedings{grf,
  title={Google research football: A novel reinforcement learning environment},
  author={Kurach, Karol and Raichuk, Anton and Sta{\'n}czyk, Piotr and Zaj{\k{a}}c, Micha{\l} and Bachem, Olivier and Espeholt, Lasse and Riquelme, Carlos and Vincent, Damien and Michalski, Marcin and Bousquet, Olivier and others},
  booktitle={Proceedings of the AAAI conference on artificial intelligence},
  volume={34},
  number={04},
  pages={4501--4510},
  year={2020}
}

@article{hu2022marllib,
  title={Marllib: Extending rllib for multi-agent reinforcement learning},
  author={Hu, Siyi and Zhong, Yifan and Gao, Minquan and Wang, Weixun and Dong, Hao and Li, Zhihui and Liang, Xiaodan and Yang, Yaodong and Chang, Xiaojun},
  year={2022}
}

@inproceedings{liang2018rllib,
  title={RLlib: Abstractions for distributed reinforcement learning},
  author={Liang, Eric and Liaw, Richard and Nishihara, Robert and Moritz, Philipp and Fox, Roy and Goldberg, Ken and Gonzalez, Joseph and Jordan, Michael and Stoica, Ion},
  booktitle={International conference on machine learning},
  pages={3053--3062},
  year={2018},
  organization={PMLR}
}

@inproceedings{papoudakis2021benchmarking,
   title={Benchmarking Multi-Agent Deep Reinforcement Learning Algorithms in Cooperative Tasks},
   author={Georgios Papoudakis and Filippos Christianos and Lukas Sch√§fer and Stefano V. Albrecht},
   booktitle = {Proceedings of the Neural Information Processing Systems Track on Datasets and Benchmarks (NeurIPS)},
   year={2021},
   openreview = {https://openreview.net/forum?id=cIrPX-Sn5n},
}

@article{pettingzoo,
  title={Pettingzoo: Gym for multi-agent reinforcement learning},
  author={Terry, Jordan and Black, Benjamin and Grammel, Nathaniel and Jayakumar, Mario and Hari, Ananth and Sullivan, Ryan and Santos, Luis S and Dieffendahl, Clemens and Horsch, Caroline and Perez-Vicente, Rodrigo and others},
  journal={Advances in Neural Information Processing Systems},
  volume={34},
  pages={15032--15043},
  year={2021}
}

@article{protocol,
  title={Towards a standardised performance evaluation protocol for cooperative marl},
  author={Gorsane, Rihab and Mahjoub, Omayma and de Kock, Ruan John and Dubb, Roland and Singh, Siddarth and Pretorius, Arnu},
  journal={Advances in Neural Information Processing Systems},
  volume={35},
  pages={5510--5521},
  year={2022}
}

@inproceedings{rutherford2024jaxmarl,
  title={JaxMARL: Multi-Agent RL Environments and Algorithms in JAX},
  author={Rutherford, Alexander and Ellis, Benjamin and Gallici, Matteo and Cook, Jonathan and Lupu, Andrei and Ingvarsson, Gar{\dh}ar and Willi, Timon and Khan, Akbir and Schroeder de Witt, Christian and Souly, Alexandra and others},
  booktitle={Proceedings of the 23rd International Conference on Autonomous Agents and Multiagent Systems},
  pages={2444--2446},
  year={2024}
}

@article{smac,
  title={The starcraft multi-agent challenge},
  author={Samvelyan, Mikayel and Rashid, Tabish and De Witt, Christian Schroeder and Farquhar, Gregory and Nardelli, Nantas and Rudner, Tim GJ and Hung, Chia-Man and Torr, Philip HS and Foerster, Jakob and Whiteson, Shimon},
  journal={arXiv preprint arXiv:1902.04043},
  year={2019}
}

@article{smac2,
  title={Smacv2: An improved benchmark for cooperative multi-agent reinforcement learning},
  author={Ellis, Benjamin and Cook, Jonathan and Moalla, Skander and Samvelyan, Mikayel and Sun, Mingfei and Mahajan, Anuj and Foerster, Jakob and Whiteson, Shimon},
  journal={Advances in Neural Information Processing Systems},
  volume={36},
  year={2024}
}

@article{yu2020benchmarking,
  title={Benchmarking multi-agent deep reinforcement learning algorithms},
  author={Yu, Chao and Velu, Akash and Vinitsky, Eugene and Wang, Yu and Bayen, Alexandre and Wu, Yi},
  year={2020}
}

