@inproceedings{wu2020short,
  title     = {Short Text Topic Modeling with Topic Distribution Quantization and Negative Sampling Decoder},
  author    = {Wu, Xiaobao  and Li, Chunping  and Zhu, Yan  and Miao, Yishu},
  year      = 2020,
  month     = nov,
  booktitle = {Proceedings of the 2020 Conference on Empirical Methods in Natural Language Processing (EMNLP)},
  address   = {Online},
  pages     = {1772--1782}
}

@inproceedings{wu2022mitigating,
  title     = {Mitigating Data Sparsity for Short Text Topic Modeling by Topic-Semantic Contrastive Learning},
  author    = {Wu, Xiaobao  and Luu, Anh Tuan  and Dong, Xinshuai},
  year      = 2022,
  month     = dec,
  booktitle = {Proceedings of the 2022 Conference on Empirical Methods in Natural Language Processing},
  publisher = {Association for Computational Linguistics},
  address   = {Abu Dhabi, United Arab Emirates},
  pages     = {2748--2760}
}

@inproceedings{wu2021discovering,
  title     = {Discovering Topics in Long-tailed Corpora with Causal Intervention},
  author    = {Wu, Xiaobao  and Li, Chunping  and Miao, Yishu},
  year      = 2021,
  month     = aug,
  booktitle = {Findings of the Association for Computational Linguistics: ACL-IJCNLP 2021},
  publisher = {Association for Computational Linguistics},
  address   = {Online},
  pages     = {175--185}
}

@inproceedings{wu2020learning,
  title     = {{Learning Multilingual Topics with Neural Variational Inference}},
  author    = {Wu, Xiaobao and Li, Chunping and Zhu, Yan and Miao, Yishu},
  year      = 2020,
  booktitle = {International Conference on Natural Language Processing and Chinese Computing}
}

@inproceedings{wu2019short,
  title     = {{Short Text Topic Modeling with Flexible Word Patterns}},
  author    = {Wu, Xiaobao and Li, Chunping},
  year      = 2019,
  booktitle = {International Joint Conference on Neural Networks}
}

@inproceedings{wu2024topmost,
  title     = {Towards the {T}op{M}ost: A Topic Modeling System Toolkit},
  author    = {Wu, Xiaobao  and Pan, Fengjun  and Luu, Anh Tuan},
  editor    = {Cao, Yixin  and Feng, Yang  and Xiong, Deyi},
  booktitle = {Proceedings of the 62nd Annual Meeting of the Association for Computational Linguistics (Volume 3: System Demonstrations)},
  month     = aug,
  year      = {2024},
  address   = {Bangkok, Thailand},
  publisher = {Association for Computational Linguistics},
  pages     = {31--41}
}

@inproceedings{wu2024fastopic,
  title     = {FASTopic: Pretrained Transformer is a Fast, Adaptive, Stable, and Transferable Topic Model},
  author    = {Wu, Xiaobao and Nguyen, Thong Thanh and Zhang, Delvin Ce and Wang, William Yang and Luu, Anh Tuan},
  booktitle = {The Thirty-eighth Annual Conference on Neural Information Processing Systems},
  year      = 2024
}

@inproceedings{wu2024dynamic,
  title     = {Modeling Dynamic Topics in Chain-Free Fashion by Evolution-Tracking Contrastive Learning and Unassociated Word Exclusion},
  author    = {Wu, Xiaobao and Dong, Xinshuai and Pan, Liangming and Nguyen, Thong and Luu, Anh Tuan},
  year      = 2024,
  booktitle = {Findings of the Association for Computational Linguistics: ACL 2024},
  publisher = {Association for Computational Linguistics}
}

@article{wu2024survey,
  title     = {A Survey on Neural Topic Models: Methods, Applications, and Challenges},
  author    = {Wu, Xiaobao and Nguyen, Thong and Luu, Anh Tuan},
  journal   = {Artificial Intelligence Review},
  year      = {2024},
  publisher = {Springer}
}

@inproceedings{wu2023infoctm,
  title     = {Infoctm: A mutual information maximization perspective of cross-lingual topic modeling},
  author    = {Wu, Xiaobao and Dong, Xinshuai and Nguyen, Thong and Liu, Chaoqun and Pan, Liang-Ming and Luu, Anh Tuan},
  year      = 2023,
  booktitle = {Proceedings of the AAAI Conference on Artificial Intelligence},
  volume    = 37,
  pages     = {13763--13771}
}

@inproceedings{wu2023effective,
  title        = {Effective neural topic modeling with embedding clustering regularization},
  author       = {Wu, Xiaobao and Dong, Xinshuai and Nguyen, Thong and Luu, Anh Tuan},
  year         = 2023,
  booktitle    = {International Conference on Machine Learning},
  organization = {PMLR}
}

@phdthesis{wu2024thesis,
  title     = {Towards effective neural topic modeling},
  author    = {Wu, Xiaobao},
  year      = {2024},
  publisher = {Nanyang Technological University},
  school = {Nanyang Technological University}
}


@article{hgcn,
  title={Hyperbolic graph convolutional neural networks},
  author={Chami, Ines and Ying, Zhitao and R{\'e}, Christopher and Leskovec, Jure},
  journal={Advances in neural information processing systems},
  volume={32},
  year={2019}
}

@article{hgnn,
  title={Hyperbolic graph neural networks},
  author={Liu, Qi and Nickel, Maximilian and Kiela, Douwe},
  journal={Advances in neural information processing systems},
  volume={32},
  year={2019}
}

@article{ncrp,
	title={Hierarchical topic models and the nested Chinese restaurant process},
	author={Griffiths, Thomas and Jordan, Michael and Tenenbaum, Joshua and Blei, David},
	journal={Advances in neural information processing systems},
	volume={16},
	year={2003}
}

@inproceedings{traco,
  title={On the affinity, rationality, and diversity of hierarchical topic modeling},
  author={Wu, Xiaobao and Pan, Fengjun and Nguyen, Thong and Feng, Yichao and Liu, Chaoqun and Nguyen, Cong-Duy and Luu, Anh Tuan},
  booktitle={Proceedings of the AAAI Conference on Artificial Intelligence},
  volume={38},
  number={17},
  pages={19261--19269},
  year={2024}
}
@inproceedings{nguyen2024topic,
    title={Topic Modeling as Multi-Objective Contrastive Optimization},
    author={Thong Thanh Nguyen and Xiaobao Wu and Xinshuai Dong and Cong-Duy T Nguyen and See-Kiong Ng and Anh Tuan Luu},
    booktitle={The Twelfth International Conference on Learning Representations},
    year={2024}
}
@inproceedings{hgtm,
  title={Hyperbolic graph topic modeling network with continuously updated topic tree},
  author={Zhang, Delvin Ce and Ying, Rex and Lauw, Hady W},
  booktitle={Proceedings of the 29th ACM SIGKDD Conference on Knowledge Discovery and Data Mining},
  pages={3206--3216},
  year={2023}
}

@inproceedings{rtm,
  title={Relational topic models for document networks},
  author={Chang, Jonathan and Blei, David},
  booktitle={Artificial intelligence and statistics},
  pages={81--88},
  year={2009},
  organization={PMLR}
}

@inproceedings{hyperboloid_model,
  title={Learning continuous hierarchies in the lorentz model of hyperbolic geometry},
  author={Nickel, Maximillian and Kiela, Douwe},
  booktitle={International conference on machine learning},
  pages={3779--3788},
  year={2018},
  organization={PMLR}
}

@article{poincare_model,
  title={Poincar{\'e} embeddings for learning hierarchical representations},
  author={Nickel, Maximillian and Kiela, Douwe},
  journal={Advances in neural information processing systems},
  volume={30},
  year={2017}
}

@inproceedings{plsa,
	title={Probabilistic latent semantic indexing},
	author={Hofmann, Thomas},
	booktitle={Proceedings of the 22nd annual international ACM SIGIR conference on Research and development in information retrieval},
	pages={50--57},
	year={1999}
}

@article{lda,
	title={Latent dirichlet allocation},
	author={Blei, David M and Ng, Andrew Y and Jordan, Michael I},
	journal={the Journal of machine Learning research},
	volume={3},
	pages={993--1022},
	year={2003},
	publisher={JMLR. org}
}

@article{gcn,
	title={Semi-supervised classification with graph convolutional networks},
	author={Kipf, Thomas N and Welling, Max},
	journal={arXiv preprint arXiv:1609.02907},
	year={2016}
}

@inproceedings{gat,
	title={Graph Attention Networks},
	author={Veli{\v{c}}kovi{\'c}, Petar and Cucurull, Guillem and Casanova, Arantxa and Romero, Adriana and Li{\`o}, Pietro and Bengio, Yoshua},
	booktitle={International Conference on Learning Representations},
	year={2018}
}

@article{graphsage,
	title={Inductive representation learning on large graphs},
	author={Hamilton, Will and Ying, Zhitao and Leskovec, Jure},
	journal={Advances in neural information processing systems},
	volume={30},
	year={2017}
}

@inproceedings{lgcn,
	title={Lorentzian graph convolutional networks},
	author={Zhang, Yiding and Wang, Xiao and Shi, Chuan and Liu, Nian and Song, Guojie},
	booktitle={Proceedings of the Web Conference 2021},
	pages={1249--1261},
	year={2021}
}

@article{hat,
	title={Hyperbolic graph attention network},
	author={Zhang, Yiding and Wang, Xiao and Shi, Chuan and Jiang, Xunqiang and Ye, Yanfang},
	journal={IEEE Transactions on Big Data},
	volume={8},
	number={6},
	pages={1690--1701},
	year={2021},
	publisher={IEEE}
}

@article{qgcn,
	title={Pseudo-Riemannian Graph Convolutional Networks},
	author={Xiong, Bo and Zhu, Shichao and Potyka, Nico and Pan, Shirui and Zhou, Chuan and Staab, Steffen},
	journal={Advances in Neural Information Processing Systems},
	volume={36},
	year={2022}
}

@inproceedings{kgcn,
	title={Constant curvature graph convolutional networks},
	author={Bachmann, Gregor and B{\'e}cigneul, Gary and Ganea, Octavian},
	booktitle={International Conference on Machine Learning},
	pages={486--496},
	year={2020},
	organization={PMLR}
}

@article{vae,
	title={Auto-encoding variational bayes},
	author={Kingma, Diederik P and Welling, Max},
	journal={arXiv preprint arXiv:1312.6114},
	year={2013}
}

@inproceedings{nvdm,
	title={Neural variational inference for text processing},
	author={Miao, Yishu and Yu, Lei and Blunsom, Phil},
	booktitle={International conference on machine learning},
	pages={1727--1736},
	year={2016},
	organization={PMLR}
}

@inproceedings{prodlda,
	title={Autoencoding Variational Inference for Topic Models},
	author={Srivastava, Akash and Sutton, Charles},
	booktitle={5th International Conference on Learning Representations},
	year={2017}
}

@inproceedings{kate,
	title={Kate: K-competitive autoencoder for text},
	author={Chen, Yu and Zaki, Mohammed J},
	booktitle={Proceedings of the 23rd ACM SIGKDD International Conference on Knowledge Discovery and Data Mining},
	pages={85--94},
	year={2017}
}

@inproceedings{gaton,
	title={Graph attention topic modeling network},
	author={Yang, Liang and Wu, Fan and Gu, Junhua and Wang, Chuan and Cao, Xiaochun and Jin, Di and Guo, Yuanfang},
	booktitle={Proceedings of The Web Conference 2020},
	pages={144--154},
	year={2020}
}

@article{etm,
	title={Topic modeling in embedding spaces},
	author={Dieng, Adji B and Ruiz, Francisco JR and Blei, David M},
	journal={Transactions of the Association for Computational Linguistics},
	volume={8},
	pages={439--453},
	year={2020},
	publisher={MIT Press}
}

@inproceedings{graphbtm,
	title={GraphBTM: Graph enhanced autoencoded variational inference for biterm topic model},
	author={Zhu, Qile and Feng, Zheng and Li, Xiaolin},
	booktitle={Conference on Empirical Methods in Natural Language Processing (EMNLP 2018)},
	year={2018}
}

@inproceedings{dhtg,
	title={Learning dynamic hierarchical topic graph with graph convolutional network for document classification},
	author={Wang, Zhengjue and Wang, Chaojie and Zhang, Hao and Duan, Zhibin and Zhou, Mingyuan and Chen, Bo},
	booktitle={International Conference on Artificial Intelligence and Statistics},
	pages={3959--3969},
	year={2020},
	organization={PMLR}
}

@inproceedings{hypergat,
	title={Be More with Less: Hypergraph Attention Networks for Inductive Text Classification},
	author={Ding, Kaize and Wang, Jianling and Li, Jundong and Li, Dingcheng and Liu, Huan},
	booktitle={Proceedings of the 2020 EMNLP},
	pages={4927--4936},
	year={2020}
}

@article{ncrp2,
	title={The nested chinese restaurant process and bayesian nonparametric inference of topic hierarchies},
	author={Blei, David M and Griffiths, Thomas L and Jordan, Michael I},
	journal={Journal of the ACM (JACM)},
	volume={57},
	number={2},
	pages={1--30},
	year={2010},
	publisher={ACM New York, NY, USA}
}

@inproceedings{wedtm,
	title={Inter and intra topic structure learning with word embeddings},
	author={Zhao, He and Du, Lan and Buntine, Wray and Zhou, Mingyuan},
	booktitle={International Conference on Machine Learning},
	pages={5892--5901},
	year={2018},
	organization={PMLR}
}

@article{dirbn,
	title={Dirichlet belief networks for topic structure learning},
	author={Zhao, He and Du, Lan and Buntine, Wray and Zhou, Mingyuan},
	journal={Advances in neural information processing systems},
	volume={31},
	year={2018}
}

@inproceedings{tsntm,
	title={Tree-structured neural topic model},
	author={Isonuma, Masaru and Mori, Junichiro and Bollegala, Danushka and Sakata, Ichiro},
	booktitle={Proceedings of the 58th Annual Meeting of the Association for Computational Linguistics},
	pages={800--806},
	year={2020}
}

@inproceedings{htv,
	title={Neural Topic Models for Hierarchical Topic Detection and Visualization},
	author={Pham, Dang and Le, Tuan},
	booktitle={Joint European Conference on Machine Learning and Knowledge Discovery in Databases},
	pages={35--51},
	year={2021},
	organization={Springer}
}

@inproceedings{plane,
	title={Probabilistic latent document network embedding},
	author={Le, Tuan MV and Lauw, Hady W},
	booktitle={2014 IEEE International Conference on Data Mining},
	pages={270--279},
	year={2014},
	organization={IEEE}
}

@inproceedings{adjacent_encoder,
	title={Topic modeling on document networks with adjacent-encoder},
	author={Zhang, Ce and Lauw, Hady W},
	booktitle={Proceedings of the AAAI Conference on Artificial Intelligence},
	volume={34},
	number={04},
	pages={6737--6745},
	year={2020}
}

@inproceedings{lantm,
	title={Layer-assisted neural topic modeling over document networks},
	author={Wang, Yiming and Li, Ximing and Ouyang, Jihong},
	booktitle={International Joint Conference on Artificial Intelligence},
	pages={3148--3154},
	year={2021}
}

@inproceedings{gtnn,
	title={Graph topic neural network for document representation},
	author={Xie, Qianqian and Huang, Jimin and Du, Pan and Peng, Min and Nie, Jian-Yun},
	booktitle={Proceedings of the Web Conference 2021},
	pages={3055--3065},
	year={2021}
}

@inproceedings{nrtm,
	title={Neural relational topic models for scientific article analysis},
	author={Bai, Haoli and Chen, Zhuangbin and Lyu, Michael R and King, Irwin and Xu, Zenglin},
	booktitle={Proceedings of the 27th ACM International Conference on Information and Knowledge Management},
	pages={27--36},
	year={2018}
}

@misc{kimcnn,
	title={Convolutional neural networks for sentence classification. EMNLP},
	author={Kim, Yoon},
	year={2014},
	publisher={Association for Computational Linguistics1746--1751}
}

@inproceedings{rnn,
	title={Recurrent neural network for text classification with multi-task learning},
	author={Liu, Pengfei and Qiu, Xipeng and Huang, Xuanjing},
	booktitle={Proceedings of the Twenty-Fifth International Joint Conference on Artificial Intelligence},
	pages={2873--2879},
	year={2016}
}

@inproceedings{textgcn,
	title={Graph convolutional networks for text classification},
	author={Yao, Liang and Mao, Chengsheng and Luo, Yuan},
	booktitle={Proceedings of the AAAI conference on artificial intelligence},
	volume={33},
	number={01},
	pages={7370--7377},
	year={2019}
}

@inproceedings{tensorgcn,
	title={Tensor graph convolutional networks for text classification},
	author={Liu, Xien and You, Xinxin and Zhang, Xiao and Wu, Ji and Lv, Ping},
	booktitle={Proceedings of the AAAI Conference on Artificial Intelligence},
	volume={34},
	number={05},
	pages={8409--8416},
	year={2020}
}

@inproceedings{hgat,
	title={Heterogeneous graph attention networks for semi-supervised short text classification},
	author={Linmei, Hu and Yang, Tianchi and Shi, Chuan and Ji, Houye and Li, Xiaoli},
	booktitle={Proceedings of the 2019 Conference on Empirical Methods in Natural Language Processing},
	pages={4821--4830},
	year={2019}
}

@inproceedings{huang2019text,
	title={Text Level Graph Neural Network for Text Classification},
	author={Huang, Lianzhe and Ma, Dehong and Li, Sujian and Zhang, Xiaodong and Wang, Houfeng},
	booktitle={Proceedings of the 2019 Conference on Empirical Methods in Natural Language Processing and the 9th International Joint Conference on Natural Language Processing (EMNLP-IJCNLP)},
	pages={3444--3450},
	year={2019}
}

@inproceedings{texting,
	title={Every Document Owns Its Structure: Inductive Text Classification via Graph Neural Networks},
	author={Zhang, Yufeng and Yu, Xueli and Cui, Zeyu and Wu, Shu and Wen, Zhongzhen and Wang, Liang},
	booktitle={Proceedings of the 58th Annual Meeting of the Association for Computational Linguistics},
	pages={334--339},
	year={2020}
}

@inproceedings{tvgae,
	title={Inductive Topic Variational Graph Auto-Encoder for Text Classification},
	author={Xie, Qianqian and Huang, Jimin and Du, Pan and Peng, Min and Nie, Jian-Yun},
	booktitle={Proceedings of the 2021 Conference of the North American Chapter of the Association for Computational Linguistics: Human Language Technologies},
	pages={4218--4227},
	year={2021}
}

@article{fermi_dirac_decoder,
	title={Poincar{\'e} embeddings for learning hierarchical representations},
	author={Nickel, Maximillian and Kiela, Douwe},
	journal={Advances in neural information processing systems},
	volume={30},
	year={2017}
}

@book{prml,
	title={Pattern recognition and machine learning},
	author={Bishop, Christopher M and Nasrabadi, Nasser M},
	volume={4},
	number={4},
	year={2006},
	publisher={Springer}
}

@article{cora,
	title={Automating the construction of internet portals with machine learning},
	author={McCallum, Andrew Kachites and Nigam, Kamal and Rennie, Jason and Seymore, Kristie},
	journal={Information Retrieval},
	volume={3},
	number={2},
	pages={127--163},
	year={2000},
	publisher={Springer}
}

@inproceedings{cora2,
	title={Combining content and link for classification using matrix factorization},
	author={Zhu, Shenghuo and Yu, Kai and Chi, Yun and Gong, Yihong},
	booktitle={Proceedings of the 30th annual international ACM SIGIR conference on Research and development in information retrieval},
	pages={487--494},
	year={2007}
}

@inproceedings{web,
	title={Meme-tracking and the dynamics of the news cycle},
	author={Leskovec, Jure and Backstrom, Lars and Kleinberg, Jon},
	booktitle={Proceedings of the 15th ACM SIGKDD international conference on Knowledge discovery and data mining},
	pages={497--506},
	year={2009}
}

@inproceedings{aminer,
	title={Arnetminer: extraction and mining of academic social networks},
	author={Tang, Jie and Zhang, Jing and Yao, Limin and Li, Juanzi and Zhang, Li and Su, Zhong},
	booktitle={Proceedings of the 14th ACM SIGKDD international conference on Knowledge discovery and data mining},
	pages={990--998},
	year={2008}
}

@inproceedings{nstm,
	title={Neural Topic Model via Optimal Transport},
	author={Zhao, He and Phung, Dinh and Huynh, Viet and Le, Trung and Buntine, Wray},
	booktitle={ICLR},
	year={2020}
}

@inproceedings{google_5gram,
	title={Google web 1t 5-grams made easy (but not for the computer)},
	author={Evert, Stefan},
	booktitle={Proceedings of the NAACL HLT 2010 Sixth Web as Corpus Workshop},
	pages={32--40},
	year={2010}
}

@inproceedings{pam,
	title={Pachinko allocation: DAG-structured mixture models of topic correlations},
	author={Li, Wei and McCallum, Andrew},
	booktitle={Proceedings of the 23rd international conference on Machine learning},
	pages={577--584},
	year={2006}
}

@inproceedings{dpfa,
	title={Scalable deep Poisson factor analysis for topic modeling},
	author={Gan, Zhe and Chen, Changyou and Henao, Ricardo and Carlson, David and Carin, Lawrence},
	booktitle={International Conference on Machine Learning},
	pages={1823--1832},
	year={2015},
	organization={PMLR}
}

@article{gbn,
	title={Augmentable gamma belief networks},
	author={Zhou, Mingyuan and Cong, Yulai and Chen, Bo},
	journal={The Journal of Machine Learning Research},
	volume={17},
	number={1},
	pages={5656--5699},
	year={2016},
	publisher={JMLR. org}
}

@inproceedings{gbn2,
	title={Deep latent Dirichlet allocation with topic-layer-adaptive stochastic gradient Riemannian MCMC},
	author={Cong, Yulai and Chen, Bo and Liu, Hongwei and Zhou, Mingyuan},
	booktitle={International conference on machine learning},
	pages={864--873},
	year={2017},
	organization={PMLR}
}

@article{hdp,
	title={Nested hierarchical Dirichlet processes},
	author={Paisley, John and Wang, Chong and Blei, David M and Jordan, Michael I},
	journal={IEEE transactions on pattern analysis and machine intelligence},
	volume={37},
	number={2},
	pages={256--270},
	year={2014},
	publisher={IEEE}
}

@article{dpfm,
	title={Deep Poisson factor modeling},
	author={Henao, Ricardo and Gan, Zhe and Lu, James and Carin, Lawrence},
	journal={Advances in Neural Information Processing Systems},
	volume={28},
	year={2015}
}

@article{hint,
	title={Hierarchical interpretation of neural text classification},
	author={Yan, Hanqi and Gui, Lin and He, Yulan},
	journal={Computational Linguistics},
	volume={48},
	number={4},
	pages={987--1020},
	year={2022},
	publisher={MIT Press One Broadway, 12th Floor, Cambridge, Massachusetts 02142, USA~…}
}

@article{hyperminer,
  title={Hyperminer: Topic taxonomy mining with hyperbolic embedding},
  author={Xu, Yi and Wang, Dongsheng and Chen, Bo and Lu, Ruiying and Duan, Zhibin and Zhou, Mingyuan and others},
  journal={Advances in Neural Information Processing Systems},
  volume={35},
  pages={31557--31570},
  year={2022}
}

@inproceedings{hyhtm,
  title={HyHTM: Hyperbolic Geometry-based Hierarchical Topic Model},
  author={Shahid, Simra and Anand, Tanay and Srikanth, Nikitha and Bhatia, Sumit and Krishnamurthy, Balaji and Puri, Nikaash},
  booktitle={Findings of the Association for Computational Linguistics: ACL 2023},
  pages={11672--11688},
  year={2023}
}

@article{gntm,
  title={Topic modeling revisited: A document graph-based neural network perspective},
  author={Shen, Dazhong and Qin, Chuan and Wang, Chao and Dong, Zheng and Zhu, Hengshu and Xiong, Hui},
  journal={Advances in neural information processing systems},
  volume={34},
  pages={14681--14693},
  year={2021}
}

@inproceedings{gtm,
  title={Neural Topic Modeling by Incorporating Document Relationship Graph},
  author={Zhou, Deyu and Hu, Xuemeng and Wang, Rui},
  booktitle={Proceedings of the 2020 Conference on Empirical Methods in Natural Language Processing (EMNLP)},
  pages={3790--3796},
  year={2020}
}

@article{transformer,
  title={Attention is all you need},
  author={Vaswani, Ashish and Shazeer, Noam and Parmar, Niki and Uszkoreit, Jakob and Jones, Llion and Gomez, Aidan N and Kaiser, {\L}ukasz and Polosukhin, Illia},
  journal={Advances in neural information processing systems},
  volume={30},
  year={2017}
}

@article{bertopic,
  title={BERTopic: Neural topic modeling with a class-based TF-IDF procedure},
  author={Grootendorst, Maarten},
  journal={arXiv preprint arXiv:2203.05794},
  year={2022}
}

@article{gptopic,
  title={GPTopic: Dynamic and Interactive Topic Representations},
  author={Reuter, Arik and Thielmann, Anton and Weisser, Christoph and Fischer, Sebastian and S{\"a}fken, Benjamin},
  journal={arXiv preprint arXiv:2403.03628},
  year={2024}
}

@article{topicgpt,
  title={TopicGPT: A prompt-based topic modeling framework},
  author={Pham, Chau Minh and Hoyle, Alexander and Sun, Simeng and Iyyer, Mohit},
  journal={arXiv preprint arXiv:2311.01449},
  year={2023}
}

@inproceedings{jiapeng,
  title={Disentangling transformer language models as superposed topic models},
  author={Lim, Jia Peng and Lauw, Hady},
  booktitle={Proceedings of the 2023 Conference on Empirical Methods in Natural Language Processing},
  pages={8646--8666},
  year={2023}
}

@article{hntm,
  title={Hierarchical neural topic modeling with manifold regularization},
  author={Chen, Ziye and Ding, Cheng and Rao, Yanghui and Xie, Haoran and Tao, Xiaohui and Cheng, Gary and Wang, Fu Lee},
  journal={World Wide Web},
  volume={24},
  pages={2139--2160},
  year={2021},
  publisher={Springer}
}

@inproceedings{sawetm,
  title={Sawtooth factorial topic embeddings guided gamma belief network},
  author={Duan, Zhibin and Wang, Dongsheng and Chen, Bo and Wang, Chaojie and Chen, Wenchao and Li, Yewen and Ren, Jie and Zhou, Mingyuan},
  booktitle={International Conference on Machine Learning},
  pages={2903--2913},
  year={2021},
  organization={PMLR}
}

@inproceedings{htgn,
  title={Discrete-time temporal network embedding via implicit hierarchical learning in hyperbolic space},
  author={Yang, Menglin and Zhou, Min and Kalander, Marcus and Huang, Zengfeng and King, Irwin},
  booktitle={Proceedings of the 27th ACM SIGKDD Conference on Knowledge Discovery \& Data Mining},
  pages={1975--1985},
  year={2021}
}

@article{graphformers,
  title={Graphformers: Gnn-nested transformers for representation learning on textual graph},
  author={Yang, Junhan and Liu, Zheng and Xiao, Shitao and Li, Chaozhuo and Lian, Defu and Agrawal, Sanjay and Singh, Amit and Sun, Guangzhong and Xie, Xing},
  journal={Advances in Neural Information Processing Systems},
  volume={34},
  pages={28798--28810},
  year={2021}
}

@inproceedings{glem,
  title={Learning on Large-scale Text-attributed Graphs via Variational Inference},
  author={Zhao, Jianan and Qu, Meng and Li, Chaozhuo and Yan, Hao and Liu, Qian and Li, Rui and Xie, Xing and Tang, Jian},
  booktitle={The Eleventh International Conference on Learning Representations},
  year={2022}
}

@inproceedings{edgeformers,
  title={Edgeformers: Graph-Empowered Transformers for Representation Learning on Textual-Edge Networks},
  author={Jin, Bowen and Zhang, Yu and Meng, Yu and Han, Jiawei},
  booktitle={The Eleventh International Conference on Learning Representations},
  year={2022}
}

@inproceedings{heterformer,
  title={Heterformer: Transformer-based deep node representation learning on heterogeneous text-rich networks},
  author={Jin, Bowen and Zhang, Yu and Zhu, Qi and Han, Jiawei},
  booktitle={Proceedings of the 29th ACM SIGKDD Conference on Knowledge Discovery and Data Mining},
  pages={1020--1031},
  year={2023}
}

@inproceedings{specter,
  title={SPECTER: Document-level representation learning using citation-informed transformers},
  author={Cohan, Arman and Feldman, Sergey and Beltagy, Iz and Downey, Doug and Weld, Daniel S},
  booktitle={58th Annual Meeting of the Association for Computational Linguistics, ACL 2020},
  pages={2270--2282},
  year={2020},
  organization={Association for Computational Linguistics (ACL)}
}

@inproceedings{patton,
  title={PATTON: Language Model Pretraining on Text-Rich Networks},
  author={Jin, Bowen and Zhang, Wentao and Zhang, Yu and Meng, Yu and Zhang, Xinyang and Zhu, Qi and Han, Jiawei},
  booktitle={61st Annual Meeting of the Association for Computational Linguistics, ACL 2023},
  pages={7005--7020},
  year={2023},
  organization={Association for Computational Linguistics (ACL)}
}

@inproceedings{linkbert,
  title={LinkBERT: Pretraining Language Models with Document Links},
  author={Yasunaga, Michihiro and Leskovec, Jure and Liang, Percy},
  booktitle={Proceedings of the 60th Annual Meeting of the Association for Computational Linguistics (Volume 1: Long Papers)},
  pages={8003--8016},
  year={2022}
}

@inproceedings{tape,
  title={Harnessing explanations: Llm-to-lm interpreter for enhanced text-attributed graph representation learning},
  author={He, Xiaoxin and Bresson, Xavier and Laurent, Thomas and Perold, Adam and LeCun, Yann and Hooi, Bryan},
  booktitle={The Twelfth International Conference on Learning Representations},
  year={2023}
}

@inproceedings{grenade,
  title={GRENADE: Graph-Centric Language Model for Self-Supervised Representation Learning on Text-Attributed Graphs},
  author={Li, Yichuan and Ding, Kaize and Lee, Kyumin},
  booktitle={Findings of the Association for Computational Linguistics: EMNLP 2023},
  pages={2745--2757},
  year={2023}
}

@inproceedings{line,
  title={Line: Large-scale information network embedding},
  author={Tang, Jian and Qu, Meng and Wang, Mingzhe and Zhang, Ming and Yan, Jun and Mei, Qiaozhu},
  booktitle={Proceedings of the 24th international conference on world wide web},
  pages={1067--1077},
  year={2015}
}

@inproceedings{drnn,
  title={Tree-structured decoding with doubly-recurrent neural networks},
  author={Alvarez-Melis, David and Jaakkola, Tommi S},
  booktitle={International Conference on Learning Representations},
  year={2022}
}

@article{llama2,
  title={Llama 2: Open foundation and fine-tuned chat models},
  author={Touvron, Hugo and Martin, Louis and Stone, Kevin and Albert, Peter and Almahairi, Amjad and Babaei, Yasmine and Bashlykov, Nikolay and Batra, Soumya and Bhargava, Prajjwal and Bhosale, Shruti and others},
  journal={arXiv preprint arXiv:2307.09288},
  year={2023}
}

@article{fps_t,
  title={Curve Your Attention: Mixed-Curvature Transformers for Graph Representation Learning},
  author={Cho, Sungjun and Cho, Seunghyuk and Park, Sungwoo and Lee, Hankook and Lee, Honglak and Lee, Moontae},
  journal={arXiv preprint arXiv:2309.04082},
  year={2023}
}

@inproceedings{scibert,
  title={SciBERT: A Pretrained Language Model for Scientific Text},
  author={Beltagy, Iz and Lo, Kyle and Cohan, Arman},
  booktitle={Proceedings of the 2019 Conference on Empirical Methods in Natural Language Processing and the 9th International Joint Conference on Natural Language Processing (EMNLP-IJCNLP)},
  pages={3615--3620},
  year={2019}
}

@inproceedings{bert,
  title={BERT: Pre-training of Deep Bidirectional Transformers for Language Understanding},
  author={Jacob Devlin and Ming-Wei Chang and Kenton Lee and Kristina Toutanova},
  booktitle={North American Chapter of the Association for Computational Linguistics},
  year={2019},
}

@article{adam,
  title={Adam: A method for stochastic optimization},
  author={Kingma, Diederik P and Ba, Jimmy},
  journal={arXiv preprint arXiv:1412.6980},
  year={2014}
}

@article{tsne,
  title={Visualizing data using t-SNE.},
  author={Van der Maaten, Laurens and Hinton, Geoffrey},
  journal={Journal of machine learning research},
  volume={9},
  number={11},
  year={2008}
}

@inproceedings{g2p2,
  title={Augmenting low-resource text classification with graph-grounded pre-training and prompting},
  author={Wen, Zhihao and Fang, Yuan},
  booktitle={Proceedings of the 46th International ACM SIGIR Conference on Research and Development in Information Retrieval},
  pages={506--516},
  year={2023}
}