@inproceedings{adjacent_encoder,
	title={Topic modeling on document networks with adjacent-encoder},
	author={Zhang, Ce and Lauw, Hady W},
	booktitle={Proceedings of the AAAI Conference on Artificial Intelligence},
	volume={34},
	number={04},
	pages={6737--6745},
	year={2020}
}

@article{bertopic,
  title={BERTopic: Neural topic modeling with a class-based TF-IDF procedure},
  author={Grootendorst, Maarten},
  journal={arXiv preprint arXiv:2203.05794},
  year={2022}
}

@inproceedings{dhtg,
	title={Learning dynamic hierarchical topic graph with graph convolutional network for document classification},
	author={Wang, Zhengjue and Wang, Chaojie and Zhang, Hao and Duan, Zhibin and Zhou, Mingyuan and Chen, Bo},
	booktitle={International Conference on Artificial Intelligence and Statistics},
	pages={3959--3969},
	year={2020},
	organization={PMLR}
}

@article{dirbn,
	title={Dirichlet belief networks for topic structure learning},
	author={Zhao, He and Du, Lan and Buntine, Wray and Zhou, Mingyuan},
	journal={Advances in neural information processing systems},
	volume={31},
	year={2018}
}

@inproceedings{dpfa,
	title={Scalable deep Poisson factor analysis for topic modeling},
	author={Gan, Zhe and Chen, Changyou and Henao, Ricardo and Carlson, David and Carin, Lawrence},
	booktitle={International Conference on Machine Learning},
	pages={1823--1832},
	year={2015},
	organization={PMLR}
}

@inproceedings{drnn,
  title={Tree-structured decoding with doubly-recurrent neural networks},
  author={Alvarez-Melis, David and Jaakkola, Tommi S},
  booktitle={International Conference on Learning Representations},
  year={2022}
}

@inproceedings{edgeformers,
  title={Edgeformers: Graph-Empowered Transformers for Representation Learning on Textual-Edge Networks},
  author={Jin, Bowen and Zhang, Yu and Meng, Yu and Han, Jiawei},
  booktitle={The Eleventh International Conference on Learning Representations},
  year={2022}
}

@article{etm,
	title={Topic modeling in embedding spaces},
	author={Dieng, Adji B and Ruiz, Francisco JR and Blei, David M},
	journal={Transactions of the Association for Computational Linguistics},
	volume={8},
	pages={439--453},
	year={2020},
	publisher={MIT Press}
}

@inproceedings{gat,
	title={Graph Attention Networks},
	author={Veli{\v{c}}kovi{\'c}, Petar and Cucurull, Guillem and Casanova, Arantxa and Romero, Adriana and Li{\`o}, Pietro and Bengio, Yoshua},
	booktitle={International Conference on Learning Representations},
	year={2018}
}

@inproceedings{gaton,
	title={Graph attention topic modeling network},
	author={Yang, Liang and Wu, Fan and Gu, Junhua and Wang, Chuan and Cao, Xiaochun and Jin, Di and Guo, Yuanfang},
	booktitle={Proceedings of The Web Conference 2020},
	pages={144--154},
	year={2020}
}

@article{gbn,
	title={Augmentable gamma belief networks},
	author={Zhou, Mingyuan and Cong, Yulai and Chen, Bo},
	journal={The Journal of Machine Learning Research},
	volume={17},
	number={1},
	pages={5656--5699},
	year={2016},
	publisher={JMLR. org}
}

@article{gcn,
	title={Semi-supervised classification with graph convolutional networks},
	author={Kipf, Thomas N and Welling, Max},
	journal={arXiv preprint arXiv:1609.02907},
	year={2016}
}

@article{gntm,
  title={Topic modeling revisited: A document graph-based neural network perspective},
  author={Shen, Dazhong and Qin, Chuan and Wang, Chao and Dong, Zheng and Zhu, Hengshu and Xiong, Hui},
  journal={Advances in neural information processing systems},
  volume={34},
  pages={14681--14693},
  year={2021}
}

@article{gptopic,
  title={GPTopic: Dynamic and Interactive Topic Representations},
  author={Reuter, Arik and Thielmann, Anton and Weisser, Christoph and Fischer, Sebastian and S{\"a}fken, Benjamin},
  journal={arXiv preprint arXiv:2403.03628},
  year={2024}
}

@inproceedings{graphbtm,
	title={GraphBTM: Graph enhanced autoencoded variational inference for biterm topic model},
	author={Zhu, Qile and Feng, Zheng and Li, Xiaolin},
	booktitle={Conference on Empirical Methods in Natural Language Processing (EMNLP 2018)},
	year={2018}
}

@article{graphformers,
  title={Graphformers: Gnn-nested transformers for representation learning on textual graph},
  author={Yang, Junhan and Liu, Zheng and Xiao, Shitao and Li, Chaozhuo and Lian, Defu and Agrawal, Sanjay and Singh, Amit and Sun, Guangzhong and Xie, Xing},
  journal={Advances in Neural Information Processing Systems},
  volume={34},
  pages={28798--28810},
  year={2021}
}

@article{graphsage,
	title={Inductive representation learning on large graphs},
	author={Hamilton, Will and Ying, Zhitao and Leskovec, Jure},
	journal={Advances in neural information processing systems},
	volume={30},
	year={2017}
}

@inproceedings{gtnn,
	title={Graph topic neural network for document representation},
	author={Xie, Qianqian and Huang, Jimin and Du, Pan and Peng, Min and Nie, Jian-Yun},
	booktitle={Proceedings of the Web Conference 2021},
	pages={3055--3065},
	year={2021}
}

@article{hat,
	title={Hyperbolic graph attention network},
	author={Zhang, Yiding and Wang, Xiao and Shi, Chuan and Jiang, Xunqiang and Ye, Yanfang},
	journal={IEEE Transactions on Big Data},
	volume={8},
	number={6},
	pages={1690--1701},
	year={2021},
	publisher={IEEE}
}

@article{hdp,
	title={Nested hierarchical Dirichlet processes},
	author={Paisley, John and Wang, Chong and Blei, David M and Jordan, Michael I},
	journal={IEEE transactions on pattern analysis and machine intelligence},
	volume={37},
	number={2},
	pages={256--270},
	year={2014},
	publisher={IEEE}
}

@inproceedings{heterformer,
  title={Heterformer: Transformer-based deep node representation learning on heterogeneous text-rich networks},
  author={Jin, Bowen and Zhang, Yu and Zhu, Qi and Han, Jiawei},
  booktitle={Proceedings of the 29th ACM SIGKDD Conference on Knowledge Discovery and Data Mining},
  pages={1020--1031},
  year={2023}
}

@article{hgcn,
  title={Hyperbolic graph convolutional neural networks},
  author={Chami, Ines and Ying, Zhitao and R{\'e}, Christopher and Leskovec, Jure},
  journal={Advances in neural information processing systems},
  volume={32},
  year={2019}
}

@article{hgnn,
  title={Hyperbolic graph neural networks},
  author={Liu, Qi and Nickel, Maximilian and Kiela, Douwe},
  journal={Advances in neural information processing systems},
  volume={32},
  year={2019}
}

@inproceedings{hgtm,
  title={Hyperbolic graph topic modeling network with continuously updated topic tree},
  author={Zhang, Delvin Ce and Ying, Rex and Lauw, Hady W},
  booktitle={Proceedings of the 29th ACM SIGKDD Conference on Knowledge Discovery and Data Mining},
  pages={3206--3216},
  year={2023}
}

@article{hntm,
  title={Hierarchical neural topic modeling with manifold regularization},
  author={Chen, Ziye and Ding, Cheng and Rao, Yanghui and Xie, Haoran and Tao, Xiaohui and Cheng, Gary and Wang, Fu Lee},
  journal={World Wide Web},
  volume={24},
  pages={2139--2160},
  year={2021},
  publisher={Springer}
}

@inproceedings{htgn,
  title={Discrete-time temporal network embedding via implicit hierarchical learning in hyperbolic space},
  author={Yang, Menglin and Zhou, Min and Kalander, Marcus and Huang, Zengfeng and King, Irwin},
  booktitle={Proceedings of the 27th ACM SIGKDD Conference on Knowledge Discovery \& Data Mining},
  pages={1975--1985},
  year={2021}
}

@inproceedings{htv,
	title={Neural Topic Models for Hierarchical Topic Detection and Visualization},
	author={Pham, Dang and Le, Tuan},
	booktitle={Joint European Conference on Machine Learning and Knowledge Discovery in Databases},
	pages={35--51},
	year={2021},
	organization={Springer}
}

@inproceedings{hyhtm,
  title={HyHTM: Hyperbolic Geometry-based Hierarchical Topic Model},
  author={Shahid, Simra and Anand, Tanay and Srikanth, Nikitha and Bhatia, Sumit and Krishnamurthy, Balaji and Puri, Nikaash},
  booktitle={Findings of the Association for Computational Linguistics: ACL 2023},
  pages={11672--11688},
  year={2023}
}

@inproceedings{kgcn,
	title={Constant curvature graph convolutional networks},
	author={Bachmann, Gregor and B{\'e}cigneul, Gary and Ganea, Octavian},
	booktitle={International Conference on Machine Learning},
	pages={486--496},
	year={2020},
	organization={PMLR}
}

@inproceedings{lantm,
	title={Layer-assisted neural topic modeling over document networks},
	author={Wang, Yiming and Li, Ximing and Ouyang, Jihong},
	booktitle={International Joint Conference on Artificial Intelligence},
	pages={3148--3154},
	year={2021}
}

@article{lda,
	title={Latent dirichlet allocation},
	author={Blei, David M and Ng, Andrew Y and Jordan, Michael I},
	journal={the Journal of machine Learning research},
	volume={3},
	pages={993--1022},
	year={2003},
	publisher={JMLR. org}
}

@inproceedings{linkbert,
  title={LinkBERT: Pretraining Language Models with Document Links},
  author={Yasunaga, Michihiro and Leskovec, Jure and Liang, Percy},
  booktitle={Proceedings of the 60th Annual Meeting of the Association for Computational Linguistics (Volume 1: Long Papers)},
  pages={8003--8016},
  year={2022}
}

@article{ncrp,
	title={Hierarchical topic models and the nested Chinese restaurant process},
	author={Griffiths, Thomas and Jordan, Michael and Tenenbaum, Joshua and Blei, David},
	journal={Advances in neural information processing systems},
	volume={16},
	year={2003}
}

@inproceedings{nguyen2024topic,
    title={Topic Modeling as Multi-Objective Contrastive Optimization},
    author={Thong Thanh Nguyen and Xiaobao Wu and Xinshuai Dong and Cong-Duy T Nguyen and See-Kiong Ng and Anh Tuan Luu},
    booktitle={The Twelfth International Conference on Learning Representations},
    year={2024}
}

@inproceedings{nrtm,
	title={Neural relational topic models for scientific article analysis},
	author={Bai, Haoli and Chen, Zhuangbin and Lyu, Michael R and King, Irwin and Xu, Zenglin},
	booktitle={Proceedings of the 27th ACM International Conference on Information and Knowledge Management},
	pages={27--36},
	year={2018}
}

@inproceedings{nstm,
	title={Neural Topic Model via Optimal Transport},
	author={Zhao, He and Phung, Dinh and Huynh, Viet and Le, Trung and Buntine, Wray},
	booktitle={ICLR},
	year={2020}
}

@inproceedings{nvdm,
	title={Neural variational inference for text processing},
	author={Miao, Yishu and Yu, Lei and Blunsom, Phil},
	booktitle={International conference on machine learning},
	pages={1727--1736},
	year={2016},
	organization={PMLR}
}

@inproceedings{pam,
	title={Pachinko allocation: DAG-structured mixture models of topic correlations},
	author={Li, Wei and McCallum, Andrew},
	booktitle={Proceedings of the 23rd international conference on Machine learning},
	pages={577--584},
	year={2006}
}

@inproceedings{patton,
  title={PATTON: Language Model Pretraining on Text-Rich Networks},
  author={Jin, Bowen and Zhang, Wentao and Zhang, Yu and Meng, Yu and Zhang, Xinyang and Zhu, Qi and Han, Jiawei},
  booktitle={61st Annual Meeting of the Association for Computational Linguistics, ACL 2023},
  pages={7005--7020},
  year={2023},
  organization={Association for Computational Linguistics (ACL)}
}

@inproceedings{plsa,
	title={Probabilistic latent semantic indexing},
	author={Hofmann, Thomas},
	booktitle={Proceedings of the 22nd annual international ACM SIGIR conference on Research and development in information retrieval},
	pages={50--57},
	year={1999}
}

@inproceedings{prodlda,
	title={Autoencoding Variational Inference for Topic Models},
	author={Srivastava, Akash and Sutton, Charles},
	booktitle={5th International Conference on Learning Representations},
	year={2017}
}

@inproceedings{rtm,
  title={Relational topic models for document networks},
  author={Chang, Jonathan and Blei, David},
  booktitle={Artificial intelligence and statistics},
  pages={81--88},
  year={2009},
  organization={PMLR}
}

@inproceedings{sawetm,
  title={Sawtooth factorial topic embeddings guided gamma belief network},
  author={Duan, Zhibin and Wang, Dongsheng and Chen, Bo and Wang, Chaojie and Chen, Wenchao and Li, Yewen and Ren, Jie and Zhou, Mingyuan},
  booktitle={International Conference on Machine Learning},
  pages={2903--2913},
  year={2021},
  organization={PMLR}
}

@inproceedings{specter,
  title={SPECTER: Document-level representation learning using citation-informed transformers},
  author={Cohan, Arman and Feldman, Sergey and Beltagy, Iz and Downey, Doug and Weld, Daniel S},
  booktitle={58th Annual Meeting of the Association for Computational Linguistics, ACL 2020},
  pages={2270--2282},
  year={2020},
  organization={Association for Computational Linguistics (ACL)}
}

@inproceedings{tape,
  title={Harnessing explanations: Llm-to-lm interpreter for enhanced text-attributed graph representation learning},
  author={He, Xiaoxin and Bresson, Xavier and Laurent, Thomas and Perold, Adam and LeCun, Yann and Hooi, Bryan},
  booktitle={The Twelfth International Conference on Learning Representations},
  year={2023}
}

@article{topicgpt,
  title={TopicGPT: A prompt-based topic modeling framework},
  author={Pham, Chau Minh and Hoyle, Alexander and Sun, Simeng and Iyyer, Mohit},
  journal={arXiv preprint arXiv:2311.01449},
  year={2023}
}

@inproceedings{traco,
  title={On the affinity, rationality, and diversity of hierarchical topic modeling},
  author={Wu, Xiaobao and Pan, Fengjun and Nguyen, Thong and Feng, Yichao and Liu, Chaoqun and Nguyen, Cong-Duy and Luu, Anh Tuan},
  booktitle={Proceedings of the AAAI Conference on Artificial Intelligence},
  volume={38},
  number={17},
  pages={19261--19269},
  year={2024}
}

@article{transformer,
  title={Attention is all you need},
  author={Vaswani, Ashish and Shazeer, Noam and Parmar, Niki and Uszkoreit, Jakob and Jones, Llion and Gomez, Aidan N and Kaiser, {\L}ukasz and Polosukhin, Illia},
  journal={Advances in neural information processing systems},
  volume={30},
  year={2017}
}

@inproceedings{tsntm,
	title={Tree-structured neural topic model},
	author={Isonuma, Masaru and Mori, Junichiro and Bollegala, Danushka and Sakata, Ichiro},
	booktitle={Proceedings of the 58th Annual Meeting of the Association for Computational Linguistics},
	pages={800--806},
	year={2020}
}

@inproceedings{wedtm,
	title={Inter and intra topic structure learning with word embeddings},
	author={Zhao, He and Du, Lan and Buntine, Wray and Zhou, Mingyuan},
	booktitle={International Conference on Machine Learning},
	pages={5892--5901},
	year={2018},
	organization={PMLR}
}

@inproceedings{wu2019short,
  title     = {{Short Text Topic Modeling with Flexible Word Patterns}},
  author    = {Wu, Xiaobao and Li, Chunping},
  year      = 2019,
  booktitle = {International Joint Conference on Neural Networks}
}

@inproceedings{wu2020learning,
  title     = {{Learning Multilingual Topics with Neural Variational Inference}},
  author    = {Wu, Xiaobao and Li, Chunping and Zhu, Yan and Miao, Yishu},
  year      = 2020,
  booktitle = {International Conference on Natural Language Processing and Chinese Computing}
}

@inproceedings{wu2020short,
  title     = {Short Text Topic Modeling with Topic Distribution Quantization and Negative Sampling Decoder},
  author    = {Wu, Xiaobao  and Li, Chunping  and Zhu, Yan  and Miao, Yishu},
  year      = 2020,
  month     = nov,
  booktitle = {Proceedings of the 2020 Conference on Empirical Methods in Natural Language Processing (EMNLP)},
  address   = {Online},
  pages     = {1772--1782}
}

@inproceedings{wu2021discovering,
  title     = {Discovering Topics in Long-tailed Corpora with Causal Intervention},
  author    = {Wu, Xiaobao  and Li, Chunping  and Miao, Yishu},
  year      = 2021,
  month     = aug,
  booktitle = {Findings of the Association for Computational Linguistics: ACL-IJCNLP 2021},
  publisher = {Association for Computational Linguistics},
  address   = {Online},
  pages     = {175--185}
}

@inproceedings{wu2022mitigating,
  title     = {Mitigating Data Sparsity for Short Text Topic Modeling by Topic-Semantic Contrastive Learning},
  author    = {Wu, Xiaobao  and Luu, Anh Tuan  and Dong, Xinshuai},
  year      = 2022,
  month     = dec,
  booktitle = {Proceedings of the 2022 Conference on Empirical Methods in Natural Language Processing},
  publisher = {Association for Computational Linguistics},
  address   = {Abu Dhabi, United Arab Emirates},
  pages     = {2748--2760}
}

@inproceedings{wu2023infoctm,
  title     = {Infoctm: A mutual information maximization perspective of cross-lingual topic modeling},
  author    = {Wu, Xiaobao and Dong, Xinshuai and Nguyen, Thong and Liu, Chaoqun and Pan, Liang-Ming and Luu, Anh Tuan},
  year      = 2023,
  booktitle = {Proceedings of the AAAI Conference on Artificial Intelligence},
  volume    = 37,
  pages     = {13763--13771}
}

@inproceedings{wu2024dynamic,
  title     = {Modeling Dynamic Topics in Chain-Free Fashion by Evolution-Tracking Contrastive Learning and Unassociated Word Exclusion},
  author    = {Wu, Xiaobao and Dong, Xinshuai and Pan, Liangming and Nguyen, Thong and Luu, Anh Tuan},
  year      = 2024,
  booktitle = {Findings of the Association for Computational Linguistics: ACL 2024},
  publisher = {Association for Computational Linguistics}
}

@phdthesis{wu2024thesis,
  title     = {Towards effective neural topic modeling},
  author    = {Wu, Xiaobao},
  year      = {2024},
  publisher = {Nanyang Technological University},
  school = {Nanyang Technological University}
}

