@inproceedings{abeille2021instance,
  title={Instance-wise minimax-optimal algorithms for logistic bandits},
  author={Abeille, Marc and Faury, Louis and Calauz{\`e}nes, Cl{\'e}ment},
  booktitle={International Conference on Artificial Intelligence and Statistics},
  pages={3691--3699},
  year={2021},
  organization={PMLR}
}

@inproceedings{agarwal2023vo,
  title={VO $ Q $ L: Towards Optimal Regret in Model-free RL with Nonlinear Function Approximation},
  author={Agarwal, Alekh and Jin, Yujia and Zhang, Tong},
  booktitle={The Thirty Sixth Annual Conference on Learning Theory},
  pages={987--1063},
  year={2023},
  organization={PMLR}
}

@inproceedings{agrawal2017thompson,
  title={Thompson sampling for the mnl-bandit},
  author={Agrawal, Shipra and Avadhanula, Vashist and Goyal, Vineet and Zeevi, Assaf},
  booktitle={Conference on learning theory},
  pages={76--78},
  year={2017},
  organization={PMLR}
}

@article{agrawal2023tractable,
  title={A tractable online learning algorithm for the multinomial logit contextual bandit},
  author={Agrawal, Priyank and Tulabandhula, Theja and Avadhanula, Vashist},
  journal={European Journal of Operational Research},
  volume={310},
  number={2},
  pages={737--750},
  year={2023},
  publisher={Elsevier}
}

@inproceedings{akrour2012april,
  title={April: Active preference learning-based reinforcement learning},
  author={Akrour, Riad and Schoenauer, Marc and Sebag, Mich{\`e}le},
  booktitle={Machine Learning and Knowledge Discovery in Databases: European Conference, ECML PKDD 2012, Bristol, UK, September 24-28, 2012. Proceedings, Part II 23},
  pages={116--131},
  year={2012},
  organization={Springer}
}

@inproceedings{chaudhari2024distributional,
  title={Distributional Off-Policy Evaluation for Slate Recommendations},
  author={Chaudhari, Shreyas and Arbour, David and Theocharous, Georgios and Vlassis, Nikos},
  booktitle={Proceedings of the AAAI Conference on Artificial Intelligence},
  volume={38},
  number={8},
  pages={8265--8273},
  year={2024}
}

@article{christiano2017deep,
  title={Deep reinforcement learning from human preferences},
  author={Christiano, Paul F and Leike, Jan and Brown, Tom and Martic, Miljan and Legg, Shane and Amodei, Dario},
  journal={Advances in neural information processing systems},
  volume={30},
  year={2017}
}

@inproceedings{du2021bilinear,
  title={Bilinear classes: A structural framework for provable generalization in rl},
  author={Du, Simon and Kakade, Sham and Lee, Jason and Lovett, Shachar and Mahajan, Gaurav and Sun, Wen and Wang, Ruosong},
  booktitle={International Conference on Machine Learning},
  pages={2826--2836},
  year={2021},
  organization={PMLR}
}

@article{du2024cascading,
  title={Cascading Reinforcement Learning},
  author={Du, Yihan and Srikant, R and Chen, Wei},
  journal={arXiv preprint arXiv:2401.08961},
  year={2024}
}

@inproceedings{faury2020improved,
  title={Improved optimistic algorithms for logistic bandits},
  author={Faury, Louis and Abeille, Marc and Calauz{\`e}nes, Cl{\'e}ment and Fercoq, Olivier},
  booktitle={International Conference on Machine Learning},
  pages={3052--3060},
  year={2020},
  organization={PMLR}
}

@inproceedings{faury2022jointly,
  title={Jointly efficient and optimal algorithms for logistic bandits},
  author={Faury, Louis and Abeille, Marc and Jun, Kwang-Sung and Calauz{\`e}nes, Cl{\'e}ment},
  booktitle={International Conference on Artificial Intelligence and Statistics},
  pages={546--580},
  year={2022},
  organization={PMLR}
}

@inproceedings{filippi2010parametric,
author = {Filippi, Sarah and Capp\'{e}, Olivier and Garivier, Aur\'{e}lien and Szepesv\'{a}ri, Csaba},
title = {Parametric Bandits: The Generalized Linear Case},
year = {2010},
publisher = {Curran Associates Inc.},
address = {Red Hook, NY, USA},
booktitle = {Proceedings of the 23rd International Conference on Neural Information Processing Systems - Volume 1},
pages = {586â€“594},
numpages = {9},
keywords = {parametric bandits, generalized linear models, regret minimization, multi-armed bandit, UCB},
location = {Vancouver, British Columbia, Canada},
series = {NIPS'10}
}

@article{foster2021statistical,
  title={The statistical complexity of interactive decision making},
  author={Foster, Dylan J and Kakade, Sham M and Qian, Jian and Rakhlin, Alexander},
  journal={arXiv preprint arXiv:2112.13487},
  year={2021}
}

@inproceedings{ie2019slateq,
  title={SlateQ: A tractable decomposition for reinforcement learning with recommendation sets},
  author={Ie, Eugene and Jain, Vihan and Wang, Jing and Narvekar, Sanmit and Agarwal, Ritesh and Wu, Rui and Cheng, Heng-Tze and Chandra, Tushar and Boutilier, Craig},
  booktitle={Proceedings of the Twenty-Eighth International Joint Conference on Artificial Intelligence, {IJCAI-19}},
  pages={2592--2599},
  year={2019}
}

@inproceedings{jiang2017contextual,
  title={Contextual decision processes with low Bellman rank are PAC-learnable},
  author={Jiang, Nan and Krishnamurthy, Akshay and Agarwal, Alekh and Langford, John and Schapire, Robert E},
  booktitle={International Conference on Machine Learning},
  pages={1704--1713},
  year={2017},
  organization={PMLR}
}

@article{jin2021bellman,
  title={Bellman eluder dimension: New rich classes of rl problems, and sample-efficient algorithms},
  author={Jin, Chi and Liu, Qinghua and Miryoosefi, Sobhan},
  journal={Advances in neural information processing systems},
  volume={34},
  pages={13406--13418},
  year={2021}
}

@inproceedings{mcinerney2020counterfactual,
  title={Counterfactual evaluation of slate recommendations with sequential reward interactions},
  author={McInerney, James and Brost, Brian and Chandar, Praveen and Mehrotra, Rishabh and Carterette, Benjamin},
  booktitle={Proceedings of the 26th ACM SIGKDD International Conference on Knowledge Discovery \& Data Mining},
  pages={1779--1788},
  year={2020}
}

@article{oh2019thompson,
  title={Thompson sampling for multinomial logit contextual bandits},
  author={Oh, Min-hwan and Iyengar, Garud},
  journal={Advances in Neural Information Processing Systems},
  volume={32},
  year={2019}
}

@inproceedings{oh2021multinomial,
  title={Multinomial logit contextual bandits: Provable optimality and practicality},
  author={Oh, Min-hwan and Iyengar, Garud},
  booktitle={Proceedings of the AAAI Conference on Artificial Intelligence},
  volume={35},
  number={10},
  pages={9205--9213},
  year={2021}
}

@article{ouyang2022training,
  title={Training language models to follow instructions with human feedback},
  author={Ouyang, Long and Wu, Jeffrey and Jiang, Xu and Almeida, Diogo and Wainwright, Carroll and Mishkin, Pamela and Zhang, Chong and Agarwal, Sandhini and Slama, Katarina and Ray, Alex and others},
  journal={Advances in neural information processing systems},
  volume={35},
  pages={27730--27744},
  year={2022}
}

@article{perivier2022dynamic,
  title={Dynamic pricing and assortment under a contextual MNL demand},
  author={Perivier, Noemie and Goyal, Vineet},
  journal={Advances in Neural Information Processing Systems},
  volume={35},
  pages={3461--3474},
  year={2022}
}

@article{rusmevichientong2010dynamic,
  title={Dynamic assortment optimization with a multinomial logit choice model and capacity constraint},
  author={Rusmevichientong, Paat and Shen, Zuo-Jun Max and Shmoys, David B},
  journal={Operations research},
  volume={58},
  number={6},
  pages={1666--1680},
  year={2010},
  publisher={INFORMS}
}

@inproceedings{saha2023dueling,
  title={Dueling rl: Reinforcement learning with trajectory preferences},
  author={Saha, Aadirupa and Pacchiano, Aldo and Lee, Jonathan},
  booktitle={International Conference on Artificial Intelligence and Statistics},
  pages={6263--6289},
  year={2023},
  organization={PMLR}
}

@article{swaminathan2017off,
  title={Off-policy evaluation for slate recommendation},
  author={Swaminathan, Adith and Krishnamurthy, Akshay and Agarwal, Alekh and Dudik, Miro and Langford, John and Jose, Damien and Zitouni, Imed},
  journal={Advances in Neural Information Processing Systems},
  volume={30},
  year={2017}
}

@article{vlassis2021control,
  title={Control variates for slate off-policy evaluation},
  author={Vlassis, Nikos and Chandrashekar, Ashok and Amat, Fernando and Kallus, Nathan},
  journal={Advances in Neural Information Processing Systems},
  volume={34},
  pages={3667--3679},
  year={2021}
}

@article{wang2020reinforcement_eluder,
  title={Reinforcement Learning with General Value Function Approximation: Provably Efficient Approach via Bounded Eluder Dimension},
  author={Wang, Ruosong and Salakhutdinov, Russ R and Yang, Lin},
  journal={Advances in Neural Information Processing Systems},
  volume={33},
  year={2020}
}

@article{wirth2017survey,
  title={A survey of preference-based reinforcement learning methods},
  author={Wirth, Christian and Akrour, Riad and Neumann, Gerhard and F{\"u}rnkranz, Johannes},
  journal={Journal of Machine Learning Research},
  volume={18},
  number={136},
  pages={1--46},
  year={2017}
}

@article{zhan2023provable,
  title={Provable offline preference-based reinforcement learning},
  author={Zhan, Wenhao and Uehara, Masatoshi and Kallus, Nathan and Lee, Jason D and Sun, Wen},
  journal={arXiv preprint arXiv:2305.14816},
  year={2023}
}

@article{zhao2023nearly,
  title={A nearly optimal and low-switching algorithm for reinforcement learning with general function approximation},
  author={Zhao, Heyang and He, Jiafan and Gu, Quanquan},
  journal={arXiv preprint arXiv:2311.15238},
  year={2023}
}

@inproceedings{zhu2023principled,
  title={Principled reinforcement learning with human feedback from pairwise or k-wise comparisons},
  author={Zhu, Banghua and Jordan, Michael and Jiao, Jiantao},
  booktitle={International Conference on Machine Learning},
  pages={43037--43067},
  year={2023},
  organization={PMLR}
}

