
% Journals

% First the Full Name is given, then the abbreviation used in the AMS Math
% Reviews, with an indication if it could not be found there.
% Note the 2nd overwrites the 1st, so swap them if you want the full name.

%Entries
@ARTICLE{cran,
  author={Checko, Aleksandra and Christiansen, Henrik L. and Yan, Ying and Scolari, Lara and Kardaras, Georgios and Berger, Michael S. and Dittmann, Lars},
  journal={IEEE Communications Surveys & Tutorials}, 
  title={Cloud RAN for Mobile Networks—A Technology Overview}, 
  year={2015},
  volume={17},
  number={1},
  pages={405-426},
  doi={10.1109/COMST.2014.2355255}
}

@book{HARQ,
author = {Erik Dahlman, Stefan Parkvall, and Johan Skold},
title = {5G NR: The next generation wireless access technology},
year = {2018},
isbn = {0-471-38804-1},
publisher = {Academic Press},
address = {New York, NY, USA},
}

@ARTICLE{turbo,
  author={Hanzo, Lajos and Woodard, Jason P. and Robertson, Patrick},
  journal={Proceedings of the IEEE}, 
  title={Turbo Decoding and Detection for Wireless Applications}, 
  year={2007},
  volume={95},
  number={6},
  pages={1178-1200},
  doi={10.1109/JPROC.2007.895195}}
  
  
@article{LDPC,
author = {Sun, Yang and Cavallaro, Joseph R.},
title = {A Flexible LDPC/Turbo Decoder Architecture},
year = {2011},
issue_date = {July 2011},
publisher = {Kluwer Academic Publishers},
address = {USA},
volume = {64},
number = {1},
issn = {1939-8018},
url = {https://doi.org/10.1007/s11265-010-0477-6},
doi = {10.1007/s11265-010-0477-6},
journal = {J. Signal Process. Syst.},
month = {jul},
pages = {1–16},
numpages = {16},
keywords = {Error correcting codes, Turbo decoder, Reconfigurable architecture, LDPC decoder, SISO decoder, MAP algorithm}
}

@INPROCEEDINGS{LDPC2,
  author={Li, Jiangpeng and He, Guanghui and Hou, Hexi and Zhang, Zhejun and Ma, Jun},
  booktitle={2011 IEEE International Symposium of Circuits and Systems (ISCAS)}, 
  title={Memory efficient layered decoder design with early termination for LDPC codes}, 
  year={2011},
  volume={},
  number={},
  pages={2697-2700},
  doi={10.1109/ISCAS.2011.5938161}}



@Article{ORAN,
author={O-RAN Alliance},
year ={2017},
title={Cloud Architecture and Deployment Scenarios for O-RAN Virtualized RAN v02.01 (O-RAN.WG6.CAD-v02.01). Technical Report}
}

@Article{3gpp,
author={3GPP},
title = {5G;NG-RAN; Architecture description},
year ={2021}
}

@inproceedings{srsRAN,
author = {Gomez-Miguelez, Ismael and Garcia-Saavedra, Andres and Sutton, Paul D. and Serrano, Pablo and Cano, Cristina and Leith, Doug J.},
title = {SrsLTE: An Open-Source Platform for LTE Evolution and Experimentation},
year = {2016},
isbn = {9781450342520},
publisher = {Association for Computing Machinery},
address = {New York, NY, USA},
url = {https://doi.org/10.1145/2980159.2980163},
doi = {10.1145/2980159.2980163},
pages = {25–32},
numpages = {8},
keywords = {wireless experimentation, 802.11, unlincensed LTE, coexistence},
location = {New York City, New York},
series = {WiNTECH '16}
}


@Article{nextepc,
autoro={NextEPC},
title = {NextEPC Open Source},
year={2022},
url = {https://github.com/nextepc/nextepc}
}

@INPROCEEDINGS{OAI,
  author={Han, Wang Tsu and Knopp, Raymond},
  booktitle={2018 IEEE 23rd International Conference on Digital Signal Processing (DSP)}, 
  title={OpenAirInterface: A Pipeline Structure for 5G}, 
  year={2018},
  volume={},
  number={},
  pages={1-4},
  doi={10.1109/ICDSP.2018.8631835}}

@Article{x86_fail,
author={Statista Research Department},
title={Frequency of server failure based on the age of the server},
year={2014},
url = {https://www.statista.com/statistics/430769/annual-failure-rates-of-servers}
}

@Article{zoom,
title={Zoom},
year={2022},
url = "https://support.zoom.us/"
}

@Article{ericsson,
autoro={Ann-Christine Eriksson, Mats Forsman, Henrik Ronkainen, Per Willars, Christer Östberg},
title={5G New Radio RAN and transport choices that minimize TCO},
url = {https://www.ericsson.com/en/reports-and-papers/ericsson-technology-review/articles/5g-nr-ran-and-transport-choices-that-minimize-tco},
year={2019}
}

@Article{flexran,
author = {Intel}, 
year= {2019}, 
title={FlexRAN LTE and 5G NR FEC Software Development Kit Modules}, 
url = {https://software.intel.com/content/www/us/en/develop/articles/flexran-lte-and-5g-nr-fec-software-development-kit-modules.html}
}

@Article{Aerial,
author = {Soma Velayutham}, 
year= {2019}, 
title={NVIDIA CEO Introduces Aerial — Software to Accel- erate 5G on NVIDIA GPUs.}, 
url = {https://blogs.nvidia.com/blog/2019/10/21/aerial- application-framework-5g-networks/}
}

@Article{EHARQ,
author = {Strodthoff, Nils and G\"{o}ktepe, Bar\i{}\c{s} and Schierl, Thomas and Hellge, Cornelius and Samek, Wojciech},
title = {Enhanced Machine Learning Techniques for Early HARQ Feedback Prediction in 5G},
year = {2019},
issue_date = {Nov. 2019},
publisher = {IEEE Press},
volume = {37},
number = {11},
issn = {0733-8716},
url = {https://doi.org/10.1109/JSAC.2019.2934001},
doi = {10.1109/JSAC.2019.2934001},
month = {nov},
pages = {2573–2587},
numpages = {15}
}

@inbook{Nuberu,
author = {Garcia-Aviles, Gines and Garcia-Saavedra, Andres and Gramaglia, Marco and Costa-Perez, Xavier and Serrano, Pablo and Banchs, Albert},
title = {Nuberu: Reliable RAN Virtualization in Shared Platforms},
year = {2021},
isbn = {9781450383424},
publisher = {Association for Computing Machinery},
address = {New York, NY, USA},
url = {https://doi.org/10.1145/3447993.3483266},
booktitle = {Proceedings of the 27th Annual International Conference on Mobile Computing and Networking},
pages = {749–761},
numpages = {13}
}

@inproceedings{RT-OPEX,
author = {Garikipati, Krishna C. and Fawaz, Kassem and Shin, Kang G.},
title = {RT-OPEX: Flexible Scheduling for Cloud-RAN Processing},
year = {2016},
isbn = {9781450342926},
publisher = {Association for Computing Machinery},
address = {New York, NY, USA},
url = {https://doi.org/10.1145/2999572.2999591},
doi = {10.1145/2999572.2999591},
booktitle = {Proceedings of the 12th International on Conference on Emerging Networking EXperiments and Technologies},
pages = {267–280},
numpages = {14},
keywords = {cellular networks, cloud-ran, real-time scheduling},
location = {Irvine, California, USA},
series = {CoNEXT '16}
}

@inproceedings{PRAN,
author = {Wu, Wenfei and Li, Li Erran and Panda, Aurojit and Shenker, Scott},
title = {PRAN: Programmable Radio Access Networks},
year = {2014},
isbn = {9781450332569},
publisher = {Association for Computing Machinery},
address = {New York, NY, USA},
url = {https://doi.org/10.1145/2670518.2673865},
doi = {10.1145/2670518.2673865},
booktitle = {Proceedings of the 13th ACM Workshop on Hot Topics in Networks},
pages = {1–7},
numpages = {7},
location = {Los Angeles, CA, USA},
series = {HotNets-XIII}
}

@inproceedings{vrAIn,
author = {Ayala-Romero, Jose A. and Garcia-Saavedra, Andres and Gramaglia, Marco and Costa-Perez, Xavier and Banchs, Albert and Alcaraz, Juan J.},
title = {VrAIn: A Deep Learning Approach Tailoring Computing and Radio Resources in Virtualized RANs},
year = {2019},
isbn = {9781450361699},
publisher = {Association for Computing Machinery},
address = {New York, NY, USA},
url = {https://doi.org/10.1145/3300061.3345431},
doi = {10.1145/3300061.3345431},
booktitle = {The 25th Annual International Conference on Mobile Computing and Networking},
articleno = {30},
numpages = {16},
keywords = {machine learning, resource management, ran virtualization},
location = {Los Cabos, Mexico},
series = {MobiCom '19}
}

@inproceedings{CloudIQ,
author = {Bhaumik, Sourjya and Chandrabose, Shoban Preeth and Jataprolu, Manjunath Kashyap and Kumar, Gautam and Muralidhar, Anand and Polakos, Paul and Srinivasan, Vikram and Woo, Thomas},
title = {CloudIQ: A Framework for Processing Base Stations in a Data Center},
year = {2012},
isbn = {9781450311595},
publisher = {Association for Computing Machinery},
address = {New York, NY, USA},
url = {https://doi.org/10.1145/2348543.2348561},
doi = {10.1145/2348543.2348561},
booktitle = {Proceedings of the 18th Annual International Conference on Mobile Computing and Networking},
pages = {125–136},
numpages = {12},
keywords = {cloud-ran, virtualization, cellular},
location = {Istanbul, Turkey},
series = {Mobicom '12}
}


@ARTICLE{CrossEntropy2,
author={M. E. {Buckley} and S. B. {Wicker}},
journal={IEEE Communications Letters}, 
title={A neural network for predicting decoder error in turbo decoders}, 
year={1999},
volume={3},
number={5},
pages={145-147},
doi={10.1109/4234.766850}}

@ARTICLE{CrossEntropy1,
  author={M. E. {Buckley} and S. B. {Wicker}},
  journal={IEEE Transactions on Communications}, 
  title={The design and performance of a neural network for predicting turbo decoding error with application to hybrid ARQ protocols}, 
  year={2000},
  volume={48},
  number={4},
  pages={566-576},
  doi={10.1109/26.843124}}

@INPROCEEDINGS{LLR,
  author={G. {Berardinelli} and S. R. {Khosravirad} and K. I. {Pedersen} and F. {Frederiksen} and P. {Mogensen}},
  booktitle={2016 IEEE 83rd Vehicular Technology Conference (VTC Spring)}, 
  title={Enabling Early HARQ Feedback in 5G Networks}, 
  year={2016},
  volume={},
  number={},
  pages={1-5},
  doi={10.1109/VTCSpring.2016.7504213}}

@INPROCEEDINGS{LLRhspa,
author={D. {Lee} and K. {Ko} and C. H. {Nam} and H. S. {Lee}},
booktitle={2007 16th IST Mobile and Wireless Communications Summit}, 
title={A Hybrid ARQ Scheme using Packet Error Prediction on OFDM based HSDPA Systems}, 
year={2007},
volume={},
number={},
pages={1-5},
doi={10.1109/ISTMWC.2007.4299123}}

@ARTICLE{subcode,
  author={N. {Strodthoff} and B. {Göktepe} and T. {Schierl} and C. {Hellge} and W. {Samek}},
  journal={IEEE Journal on Selected Areas in Communications}, 
  title={Enhanced Machine Learning Techniques for Early HARQ Feedback Prediction in 5G}, 
  year={2019},
  volume={37},
  number={11},
  pages={2573-2587},
  doi={10.1109/JSAC.2019.2934001}}

@misc{NNdecoder,
Author = {Eliya Nachmani and Yair Beery and David Burshtein},
Title = {Learning to Decode Linear Codes Using Deep Learning},
Year = {2016},
Eprint = {arXiv:1607.04793},
}

@Article{Abril07,
  author        = "Jesse Nieminen",
  title         = "Framework for application of machine learning algorithms in telecommunications",
  year          = "2020",
  url           = "https://aaltodoc.aalto.fi/bitstream/handle/123456789/43572/master_Nieminen_Jesse_2020.pdf?isAllowed=y&sequence=1",
  note          = "",
}

@Article{Rakuten,
Author ={Rakuten Mobile},
title = {Vision to Reality Experience},
year = {2020},
url = {https://opennetworking.org/wp-content/uploads/2020/09/Tareq-Amin-Slides.pdf}
}


@Article{NGMN,
  title = "5G E2E Technology to Support Verticals URLLC Requirements",
  url = "https://ngmn.org/wp-content/uploads/200210-NGMN_Verticals_URLLC_Requirements_v16.pdf"
}

@Article{PHR,
  title = "Power headroom report-based uplink power control in 3GPP LTE-A HetNet"
}

@Article{mhlatency,
  author        = "Fujitsu Network Communications",
  title         = "5G Backhaul/Fronthaul Opportunities and Challenges",
  URL           = {https://www.nctatechnicalpapers.com/Paper/2019/2019-5g-backhaul-fronthaul-opportunities-and-challenges/download
},
  year          = "2019",
  note          = "",
}


@Article{CiscoReimaging,
  author        = "Cisco and Rakuten and Altiostar",
  title         = "Reimagining the End-to-End Mobile Network in the 5G Era. White Paper",
  URL           = {https://www.cisco.com/c/dam/en/us/products/collateral/cloud-systems-management/elastic-services-controller-esc/reimagining-mobile-network-white-paper.pdf},
  year          = "2019",
  note          = "",
}

@Article{IntelvRAN,
  author        = "Intel",
  title         = "vRAN: The Next Step in Network Transformation. White Paperr",
  year          = "2017",
  note          = "",
}

@INPROCEEDINGS{split,
  author={Rodriguez, Veronica Quintuna and Guillemin, Fabrice and Ferrieux, Alexandre and Thomas, Laurent},
  booktitle={2020 International Wireless Communications and Mobile Computing (IWCMC)}, 
  title={Cloud-RAN functional split for an efficient fronthaul network}, 
  year={2020},
  volume={},
  number={},
  pages={245-250},
  doi={10.1109/IWCMC48107.2020.9148093}}

@inproceedings{foukas2021concordia,
  title={Concordia: Teaching the 5G vRAN to share compute},
  author={Foukas, Xenofon and Radunovic, Bozidar},
  booktitle={Proceedings of the 2021 ACM SIGCOMM 2021 Conference},
  pages={580--596},
  year={2021}
}

@ARTICLE{CPRI,
  author={Guo, Bin and Cao, Wei and Tao, An and Samardzija, Dragan},
  journal={Bell Labs Technical Journal}, 
  title={LTE/LTE-A signal compression on the CPRI interface}, 
  year={2013},
  volume={18},
  number={2},
  pages={117-133},
  doi={10.1002/bltj.21608}}
  
@ARTICLE{O-HARQ,
  author={Rost, Peter and Prasad, Athul},
  journal={IEEE Wireless Communications Letters}, 
  title={Opportunistic Hybrid ARQ—Enabler of Centralized-RAN Over Nonideal Backhaul}, 
  year={2014},
  volume={3},
  number={5},
  pages={481-484},
  doi={10.1109/LWC.2014.2327982}}


@ARTICLE{CloudRAN-HARQ,
  author={Khalili, Shahrouz and Simeone, Osvaldo},
  journal={IEEE Transactions on Vehicular Technology}, 
  title={Uplink HARQ for Cloud RAN via Separation of Control and Data Planes}, 
  year={2017},
  volume={66},
  number={5},
  pages={4005-4016},
  doi={10.1109/TVT.2016.2604119}}
  
@INPROCEEDINGS{FastHarqURLLC,
  author={AlMarshed, Saleh and Triantafyllopoulou, Dionysia and Moessner, Klaus},
  booktitle={2021 IEEE 32nd Annual International Symposium on Personal, Indoor and Mobile Radio Communications (PIMRC)}, 
  title={Deep Learning-Based Estimator for Fast HARQ Feedback in URLLC}, 
  year={2021},
  volume={},
  number={},
  pages={642-647},
  doi={10.1109/PIMRC50174.2021.9569443}}

@article{condoluci2018softwarization,
  title={{Softwarization and virtualization in 5G mobile networks: Benefits, trends and challenges}},
  author={Condoluci, Massimo and Mahmoodi, Toktam},
  journal={Computer Networks},
  volume={146},
  pages={65--84},
  year={2018},
  publisher={Elsevier}
}

@article{BBR,
author = {Cardwell, Neal and Cheng, Yuchung and Gunn, C. Stephen and Yeganeh, Soheil Hassas and Van Jacobson},
title = {BBR: Congestion-Based Congestion Control},
year = {2017},
issue_date = {February 2017},
publisher = {Association for Computing Machinery},
address = {New York, NY, USA},
volume = {60},
number = {2},
issn = {0001-0782},
url = {https://doi.org/10.1145/3009824},
doi = {10.1145/3009824},
abstract = {Measuring bottleneck bandwidth and round-trip propagation time.},
journal = {Commun. ACM},
month = {jan},
pages = {58–66},
numpages = {9}
}



@article{ahmed2021hybrid,
  title={{Hybrid automatic repeat request (HARQ) in wireless communications systems and standards: A contemporary survey}},
  author={Ahmed, Ashfaq and Al-Dweik, Arafat and Iraqi, Youssef and Mukhtar, Husameldin and Naeem, Muhammad and Hossain, Ekram},
  journal={IEEE Communications Surveys \& Tutorials},
  volume={23},
  number={4},
  pages={2711--2752},
  year={2021},
  publisher={IEEE}
}

@INPROCEEDINGS{ServerFailure1,
  author={Uddin Ahmed, Kazi Main and Alvarez, Manuel and Bollen, Math H. J.},
  booktitle={2020 IEEE PES Innovative Smart Grid Technologies Europe (ISGT-Europe)}, 
  title={Characterizing Failure and Repair Time of Servers in a Hyper-scale Data Center}, 
  year={2020},
  volume={},
  number={},
  pages={660-664},
  doi={10.1109/ISGT-Europe47291.2020.9248891}}

@INPROCEEDINGS{falcon,
  author={Falkenberg, Robert and Wietfeld, Christian},
  booktitle={2019 IEEE Global Communications Conference (GLOBECOM)}, 
  title={FALCON: An Accurate Real-Time Monitor for Client-Based Mobile Network Data Analytics}, 
  year={2019},
  volume={},
  number={},
  pages={1-7},
  doi={10.1109/GLOBECOM38437.2019.9014096}}

@INPROCEEDINGS{linkadaptation,
  author={Bertrand, Pierre and Jiang, Jing and Ekpenyong, Anthony},
  booktitle={2012 IEEE Vehicular Technology Conference (VTC Fall)}, 
  title={Link Adaptation Control in LTE Uplink}, 
  year={2012},
  volume={},
  number={},
  pages={1-5},
  doi={10.1109/VTCFall.2012.6399063}}

%xhaul latency
%https://www.ciscolive.com/c/dam/r/ciscolive/apjc/docs/2020/pdf/BRKSPG-3477.pdf
%https://www.5gtechnologyworld.com/open-ran-functional-splits-explained/
%https://www.parallelwireless.com/wp-content/uploads/5G-Functional-Splits-V3.pdf
%check ORAN?
%check flexran