@ARTICLE{cran,
  author={A. Checko and H. L. Christiansen and Y. Yan and L. Scolari and G. Kardaras and M. S. Berger and L. Dittmann},
  journal={IEEE Communications Surveys \& Tutorials}, 
  title={Cloud RAN for Mobile Networks—A Technology Overview}, 
  year={2015},
  volume={17},
  number={1},
  pages={405--426},
  doi={10.1109/COMST.2014.2355255}
}

@book{HARQ,
  author={E. Dahlman and S. Parkvall and J. Skold},
  title={5G NR: The Next Generation Wireless Access Technology},
  year={2018},
  publisher={Academic Press},
  address={New York, NY, USA}
}

@ARTICLE{turbo,
  author={L. Hanzo and J. P. Woodard and P. Robertson},
  journal={Proceedings of the IEEE}, 
  title={Turbo Decoding and Detection for Wireless Applications}, 
  year={2007},
  volume={95},
  number={6},
  pages={1178--1200},
  doi={10.1109/JPROC.2007.895195}
}

@article{LDPC,
  author={Y. Sun and J. R. Cavallaro},
  title={A Flexible LDPC/Turbo Decoder Architecture},
  journal={J. Signal Process. Syst.},
  year={2011},
  volume={64},
  number={1},
  pages={1--16},
  doi={10.1007/s11265-010-0477-6}
}

@INPROCEEDINGS{LDPC2,
  author={J. Li and G. He and H. Hou and Z. Zhang and J. Ma},
  booktitle={2011 IEEE International Symposium of Circuits and Systems (ISCAS)}, 
  title={Memory Efficient Layered Decoder Design with Early Termination for LDPC Codes}, 
  year={2011},
  pages={2697--2700},
  doi={10.1109/ISCAS.2011.5938161}
}

@Article{ORAN,
  author={O-RAN Alliance},
  title={Cloud Architecture and Deployment Scenarios for O-RAN Virtualized RAN v02.01 (O-RAN.WG6.CAD-v02.01). Technical Report},
  year={2017}
}

@Article{3gpp,
  author={3GPP},
  title={5G; NG-RAN; Architecture Description},
  year={2021}
}

@inproceedings{srsRAN,
  author={I. Gomez-Miguelez and A. Garcia-Saavedra and P. D. Sutton and P. Serrano and C. Cano and D. J. Leith},
  title={SrsLTE: An Open-Source Platform for LTE Evolution and Experimentation},
  booktitle={WiNTECH '16},
  year={2016},
  pages={25--32},
  doi={10.1145/2980159.2980163}
}

@Article{nextepc,
  author={NextEPC},
  title={NextEPC Open Source},
  year={2022},
  url={https://github.com/nextepc/nextepc}
}

@INPROCEEDINGS{OAI,
  author={W. T. Han and R. Knopp},
  booktitle={2018 IEEE 23rd International Conference on Digital Signal Processing (DSP)}, 
  title={OpenAirInterface: A Pipeline Structure for 5G}, 
  year={2018},
  pages={1--4},
  doi={10.1109/ICDSP.2018.8631835}
}

@Article{x86_fail,
  author={Statista Research Department},
  title={Frequency of Server Failure Based on the Age of the Server},
  year={2014},
  url={https://www.statista.com/statistics/430769/annual-failure-rates-of-servers}
}

@Article{zoom,
  title={Zoom},
  year={2022},
  url={https://support.zoom.us/}
}

@Article{ericsson,
  author={A.-C. Eriksson and M. Forsman and H. Ronkainen and P. Willars and C. Östberg},
  title={5G New Radio RAN and Transport Choices That Minimize TCO},
  year={2019},
  url={https://www.ericsson.com/en/reports-and-papers/ericsson-technology-review/articles/5g-nr-ran-and-transport-choices-that-minimize-tco}
}

@Article{flexran,
  author={Intel}, 
  year={2019}, 
  title={FlexRAN LTE and 5G NR FEC Software Development Kit Modules}, 
  url={https://software.intel.com/content/www/us/en/develop/articles/flexran-lte-and-5g-nr-fec-software-development-kit-modules.html}
}

@Article{Aerial,
  author={S. Velayutham}, 
  year={2019}, 
  title={NVIDIA CEO Introduces Aerial—Software to Accelerate 5G on NVIDIA GPUs}, 
  url={https://blogs.nvidia.com/blog/2019/10/21/aerial-application-framework-5g-networks/}
}

@Article{EHARQ,
  author={N. Strodthoff and B. Göktepe and T. Schierl and C. Hellge and W. Samek},
  title={Enhanced Machine Learning Techniques for Early HARQ Feedback Prediction in 5G},
  journal={IEEE Journal on Selected Areas in Communications},
  year={2019},
  volume={37},
  number={11},
  pages={2573--2587},
  doi={10.1109/JSAC.2019.2934001}
}

@inbook{Nuberu,
  author={G. Garcia-Aviles and A. Garcia-Saavedra and M. Gramaglia and X. Costa-Perez and P. Serrano and A. Banchs},
  title={Nuberu: Reliable RAN Virtualization in Shared Platforms},
  year={2021},
  pages={749--761},
  booktitle={Proceedings of the 27th Annual International Conference on Mobile Computing and Networking}
}

@inproceedings{RT-OPEX,
  author={K. C. Garikipati and K. Fawaz and K. G. Shin},
  title={RT-OPEX: Flexible Scheduling for Cloud-RAN Processing},
  booktitle={CoNEXT '16},
  year={2016},
  pages={267--280},
  doi={10.1145/2999572.2999591}
}

@inproceedings{PRAN,
  author={W. Wu and L. E. Li and A. Panda and S. Shenker},
  title={PRAN: Programmable Radio Access Networks},
  booktitle={Proceedings of the 13th ACM Workshop on Hot Topics in Networks},
  year={2014},
  pages={1--7},
  doi={10.1145/2670518.2673865}
}

@inproceedings{vrAIn,
  author={J. A. Ayala-Romero and A. Garcia-Saavedra and M. Gramaglia and X. Costa-Perez and A. Banchs and J. J. Alcaraz},
  title={VrAIn: A Deep Learning Approach Tailoring Computing and Radio Resources in Virtualized RANs},
  booktitle={MobiCom '19},
  year={2019},
  pages={1--16},
  doi={10.1145/3300061.3345431}
}

@inproceedings{CloudIQ,
  author={S. Bhaumik and S. P. Chandrabose and M. K. Jataprolu and G. Kumar and A. Muralidhar and P. Polakos and V. Srinivasan and T. Woo},
  title={CloudIQ: A Framework for Processing Base Stations in a Data Center},
  booktitle={Mobicom '12},
  year={2012},
  pages={125--136},
  doi={10.1145/2348543.2348561}
}

@ARTICLE{CrossEntropy2,
  author={M. E. Buckley and S. B. Wicker},
  journal={IEEE Communications Letters}, 
  title={A Neural Network for Predicting Decoder Error in Turbo Decoders}, 
  year={1999},
  volume={3},
  number={5},
  pages={145--147},
  doi={10.1109/4234.766850}
}

@ARTICLE{CrossEntropy1,
  author={M. E. Buckley and S. B. Wicker},
  journal={IEEE Transactions on Communications}, 
  title={The Design and Performance of a Neural Network for Predicting Turbo Decoding Error with Application to Hybrid ARQ Protocols}, 
  year={2000},
  volume={48},
  number={4},
  pages={566--576},
  doi={10.1109/26.843124}
}

@INPROCEEDINGS{LLR,
  author={G. Berardinelli and S. R. Khosravirad and K. I. Pedersen and F. Frederiksen and P. Mogensen},
  booktitle={2016 IEEE 83rd Vehicular Technology Conference (VTC Spring)}, 
  title={Enabling Early HARQ Feedback in 5G Networks}, 
  year={2016},
  pages={1--5},
  doi={10.1109/VTCSpring.2016.7504213}
}

@INPROCEEDINGS{LLRhspa,
  author={D. Lee and K. Ko and C. H. Nam and H. S. Lee},
  booktitle={2007 16th IST Mobile and Wireless Communications Summit}, 
  title={A Hybrid ARQ Scheme Using Packet Error Prediction on OFDM Based HSDPA Systems}, 
  year={2007},
  pages={1--5},
  doi={10.1109/ISTMWC.2007.4299123}
}

@ARTICLE{subcode,
  author={N. Strodthoff and B. Göktepe and T. Schierl and C. Hellge and W. Samek},
  journal={IEEE Journal on Selected Areas in Communications}, 
  title={Enhanced Machine Learning Techniques for Early HARQ Feedback Prediction in 5G}, 
  year={2019},
  volume={37},
  number={11},
  pages={2573--2587},
  doi={10.1109/JSAC.2019.2934001}
}

@misc{NNdecoder,
  author={E. Nachmani and Y. Beery and D. Burshtein},
  title={Learning to Decode Linear Codes Using Deep Learning},
  year={2016},
  eprint={arXiv:1607.04793},
}

@Article{Abril07,
  author={J. Nieminen},
  title={Framework for Application of Machine Learning Algorithms in Telecommunications},
  year={2020},
  url={https://aaltodoc.aalto.fi/bitstream/handle/123456789/43572/master_Nieminen_Jesse_2020.pdf?isAllowed=y&sequence=1},
}

@Article{Rakuten,
  author={Rakuten Mobile},
  title={Vision to Reality Experience},
  year={2020},
  url={https://opennetworking.org/wp-content/uploads/2020/09/Tareq-Amin-Slides.pdf}
}

@Article{NGMN,
  title={5G E2E Technology to Support Verticals URLLC Requirements},
  url={https://ngmn.org/wp-content/uploads/200210-NGMN_Verticals_URLLC_Requirements_v16.pdf}
}

@Article{PHR,
  title={Power Headroom Report-Based Uplink Power Control in 3GPP LTE-A HetNet}
}

@Article{mhlatency,
  author={Fujitsu Network Communications},
  title={5G Backhaul/Fronthaul Opportunities and Challenges},
  url={https://www.nctatechnicalpapers.com/Paper/2019/2019-5g-backhaul-fronthaul-opportunities-and-challenges/download},
  year={2019},
}

@Article{CiscoReimaging,
  author={Cisco and Rakuten and Altiostar},
  title={Reimagining the End-to-End Mobile Network in the 5G Era. White Paper},
  url={https://www.cisco.com/c/dam/en/us/products/collateral/cloud-systems-management/elastic-services-controller-esc/reimagining-mobile-network-white-paper.pdf},
  year={2019},
}

@Article{IntelvRAN,
  author={Intel},
  title={vRAN: The Next Step in Network Transformation. White Paper},
  year={2017},
}

@INPROCEEDINGS{split,
  author={V. Q. Rodriguez and F. Guillemin and A. Ferrieux and L. Thomas},
  booktitle={2020 International Wireless Communications and Mobile Computing (IWCMC)}, 
  title={Cloud-RAN Functional Split for an Efficient Fronthaul Network}, 
  year={2020},
  pages={245--250},
  doi={10.1109/IWCMC48107.2020.9148093}
}

@inproceedings{foukas2021concordia,
  title={Concordia: Teaching the 5G vRAN to Share Compute},
  author={X. Foukas and B. Radunovic},
  booktitle={\texttt{Proceedings of the 2021 ACM SIGCOMM 2021 Conference}},
  pages={580--596},
  year={2021}
}

@ARTICLE{CPRI,
  author={B. Guo and W. Cao and A. Tao and D. Samardzija},
  journal={Bell Labs Technical Journal}, 
  title={LTE/LTE-A Signal Compression on the CPRI Interface}, 
  year={2013},
  volume={18},
  number={2},
  pages={117--133},
  doi={10.1002/bltj.21608}
}

@ARTICLE{O-HARQ,
  author={P. Rost and A. Prasad},
  journal={IEEE Wireless Communications Letters}, 
  title={Opportunistic Hybrid ARQ—Enabler of Centralized-RAN Over Nonideal Backhaul}, 
  year={2014},
  volume={3},
  number={5},
  pages={481--484},
  doi={10.1109/LWC.2014.2327982}
}

@ARTICLE{CloudRAN-HARQ,
  author={S. Khalili and O. Simeone},
  journal={IEEE Transactions on Vehicular Technology}, 
  title={Uplink HARQ for Cloud RAN via Separation of Control and Data Planes}, 
  year={2017},
  volume={66},
  number={5},
  pages={4005--4016},
  doi={10.1109/TVT.2016.2604119}
}

@INPROCEEDINGS{FastHarqURLLC,
  author={S. AlMarshed and D. Triantafyllopoulou and K. Moessner},
  booktitle={2021 IEEE 32nd Annual International Symposium on Personal, Indoor and Mobile Radio Communications (PIMRC)}, 
  title={Deep Learning-Based Estimator for Fast HARQ Feedback in URLLC}, 
  year={2021}
}