@article{zeghidour2021soundstream,
    title = {{SoundStream}: An End-to-End Neural Audio Codec},
    author = {Zeghidour, Neil and Luebs, Alejandro and Omran, Ahmed and Skoglund, Jan and Tagliasacchi, Marco},
    year = {2021},
    journal = {IEEE/ACM Transactions on Audio, Speech, and Language Processing},
    pages = {495--507},
}

@article{defossez2023encodec,
    title={High Fidelity Neural Audio Compression},
    author={Alexandre D{\'e}fossez and Jade Copet and Gabriel Synnaeve and Yossi Adi},
    journal={Transactions on Machine Learning Research (TMLR)},
    year={2023},
}

@inproceedings{graves2006connectionist,
    title={Connectionist temporal classification: labelling unsegmented sequence data with recurrent neural networks},
    author={Graves, Alex and Fern{\'a}ndez, Santiago and Gomez, Faustino and Schmidhuber, J{\"u}rgen},
    booktitle={International Conference on Machine Learning (ICML)},
    pages={369--376},
    year={2006}
}

@inproceedings{vaswani2017transformer,
    title = {Attention is All You Need},
    author={Ashish Vaswani and Noam Shazeer and Niki Parmar and Jakob Uszkoreit and Llion Jones and Aidan N. Gomez and Lukasz Kaiser and Illia Polosukhin},
    year = {2017},
    booktitle = {International Conference on Neural Information Processing Systems (NeurIPS)},
    pages = {6000--6010},
}

@inproceedings{kumar2023dac,
    title={High-Fidelity Audio Compression with Improved {RVQGAN}},
    author={Rithesh Kumar and Prem Seetharaman and Alejandro Luebs and Ishaan Kumar and Kundan Kumar},
    booktitle={International Conference on Neural Information Processing Systems (NeurIPS)},
    year={2023},
}

@article{wu2024ts3codec,
    title={{TS3-Codec}: Transformer-Based Simple Streaming Single Codec},
    author={Haibin Wu and Naoyuki Kanda and Sefik Emre Eskimez and Jinyu Li},
    year={2024},
    journal={arXiv preprint arXiv:2411.18803},
}

@article{parker2024scaling,
    title = {Scaling Transformers for Low-Bitrate High-Quality Speech Coding},
    author = {Julian D. Parker and Anton Smirnov and Jordi Pons and CJ Carr and Zack Zukowski and Zach Evans and Xubo Liu},
    year = {2024},
    journal={arXiv preprint arXiv:2411.19842},
}

@article{xin2024bigcodec,
    title={{BigCodec}: Pushing the Limits of Low-Bitrate Neural Speech Codec}, 
    author={Detai Xin and Xu Tan and Shinnosuke Takamichi and Hiroshi Saruwatari},
    year={2024},
    journal={arXiv preprint arXiv:2409.05377},
}

@inproceedings{siuzdak2024snac,
    title={{SNAC}: Multi-Scale Neural Audio Codec},
    author={Siuzdak, Hubert and Gr{\"o}tschla, Florian and Lanzend{\"o}rfer, Luca A},
    booktitle={Audio Imagination: NeurIPS 2024 Workshop AI-Driven Speech, Music, and Sound Generation},
    year={2024}
}

@article{qiu2024efficient,
    title={Efficient Autoregressive Audio Modeling via Next-Scale Prediction}, 
    author={Kai Qiu and Xiang Li and Hao Chen and Jie Sun and Jinglu Wang and Zhe Lin and Marios Savvides and Bhiksha Raj},
    year={2024},
    journal={arXiv preprint arXiv:2408.09027},
}

@inproceedings{baevski2020wav2vec2,
    title={wav2vec 2.0: A framework for self-supervised learning of speech representations},
    author={Baevski, Alexei and Zhou, Yuhao and Mohamed, Abdelrahman and Auli, Michael},
    booktitle={International Conference on Neural Information Processing Systems (NeurIPS)},
    pages={12449--12460},
    year={2020},
}

@article{hsu2021hubert,
    title={{HuBERT}: Self-supervised speech representation learning by masked prediction of hidden units},
    author={Hsu, Wei-Ning and Bolte, Benjamin and Tsai, Yao-Hung Hubert and Lakhotia, Kushal and Salakhutdinov, Ruslan and Mohamed, Abdelrahman},
    journal={IEEE/ACM Trans. Audio Speech Lang. Process.},
    volume={29},
    pages={3451--3460},
    year={2021},
}

@article{chen2022wavlm,
    title={{WavLM}: Large-scale self-supervised pre-training for full stack speech processing},
    author={Chen, Sanyuan and Wang, Chengyi and Chen, Zhengyang and Wu, Yu and Liu, Shujie and Chen, Zhuo and Li, Jinyu and Kanda, Naoyuki and Yoshioka, Takuya and Xiao, Xiong and Wu, Jian and Zhou, Long and Ren, Shuo and Qian, Yanmin and Qian, Yao and Wu, Jian and Zeng, Michael and Yu, Xiangzhan and Wei, Furu},
    journal={IEEE Journal of Selected Topics in Signal Processing},
    pages={1505--1518},
    year={2022},
}

@inproceedings{messica24nast,
    title     = {{NAST}: Noise Aware Speech Tokenization for Speech Language Models},
    author    = {Shoval Messica and Yossi Adi},
    year      = {2024},
    booktitle = {Interspeech 2024},
    pages     = {4169--4173},
}

@article{bai2024dmel,
    title={{dMel}: Speech Tokenization made Simple}, 
    author={He Bai and Tatiana Likhomanenko and Ruixiang Zhang and Zijin Gu and Zakaria Aldeneh and Navdeep Jaitly},
    year={2024},
    journal={arXiv preprint arXiv:2407.15835},
}

@article{chang2024dcspins,
    title={{DC-Spin}: A Speaker-invariant Speech Tokenizer for Spoken Language Models}, 
    author={Heng-Jui Chang and Hongyu Gong and Changhan Wang and James Glass and Yu-An Chung},
    year={2024},
    journal={arXiv preprint arXiv:2410.24177},
}

@inproceedings{yong2024ticodec,
    author={Ren, Yong and Wang, Tao and Yi, Jiangyan and Xu, Le and Tao, Jianhua and Zhang, Chu Yuan and Zhou, Junzuo},
    booktitle={IEEE International Conference on Acoustics, Speech and Signal Processing (ICASSP)}, 
    title={Fewer-Token Neural Speech Codec with Time-Invariant Codes}, 
    year={2024},
    pages={12737--12741},
}

@article{guo2024socodec,
    title={{SoCodec}: A Semantic-Ordered Multi-Stream Speech Codec for Efficient Language Model Based Text-to-Speech Synthesis}, 
    author={Haohan Guo and Fenglong Xie and Kun Xie and Dongchao Yang and Dake Guo and Xixin Wu and Helen Meng},
    year={2024},
    journal={arXiv preprint arXiv:2409.00933},
}

@inproceedings{huang2024repcodec,
    title={{RepCodec}: A Speech Representation Codec for Speech Tokenization}, 
    author={Zhichao Huang and Chutong Meng and Tom Ko},
    booktitle = {Annual Meeting of the Association for Computational Linguistics (ACL)},
    year={2024},
    pages={5777--5790},
}

@article{yang2023hifi,
    title={{HiFi-Codec}: Group-residual Vector quantization for High Fidelity Audio Codec},
    author={Dongchao Yang and Songxiang Liu and Rongjie Huang and Jinchuan Tian and Chao Weng and Yuexian Zou},
    journal={arXiv preprint arXiv:2305.02765},
    year={2023}
}

@inproceedings{zhang2024speechtokenizer,
    title={{SpeechTokenizer}: Unified Speech Tokenizer for Speech Large Language Models}, 
    author={Xin Zhang and Dong Zhang and Shimin Li and Yaqian Zhou and Xipeng Qiu},
    year={2024},
    booktitle={International Conference on Learning Representations (ICLR)},
}

@article{liu2024semanticodec,
    title={{SemantiCodec}: An Ultra Low Bitrate Semantic Audio Codec for General Sound},
    author={Liu, Haohe and Xu, Xuenan and Yuan, Yi and Wu, Mengyue and Wang, Wenwu and Plumbley, Mark D},
    journal={arXiv preprint arXiv:2405.00233},
    year={2024}
}

@article{ji2024wavtokenizer,
    title={{WavTokenizer}: An Efficient Acoustic Discrete Codec Tokenizer for Audio Language Modeling}, 
    author={Shengpeng Ji and Ziyue Jiang and Wen Wang and Yifu Chen and Minghui Fang and Jialong Zuo and Qian Yang and Xize Cheng and Zehan Wang and Ruiqi Li and Ziang Zhang and Xiaoda Yang and Rongjie Huang and Yidi Jiang and Qian Chen and Siqi Zheng and Wen Wang and Zhou Zhao},    
    year={2024},
    journal={arXiv preprint arXiv:2408.16532}
}

@article{defossez2024moshi,
    title={Moshi: A Speech-Text Foundation Model for Real-Time Dialogue}, 
    author={Alexandre Défossez and Laurent Mazaré and Manu Orsini and Amélie Royer and Patrick Pérez and Hervé Jégou and Edouard Grave and Neil Zeghidour},
    year={2024},
    journal={arXiv preprint arXiv:2410.00037},
}

@article{guo2024lscodec,
    title={{LSCodec}: Low-Bitrate and Speaker-Decoupled Discrete Speech Codec},
    author={Yiwei Guo and Zhihan Li and Chenpeng Du and Hankun Wang and Xie Chen and Kai Yu},
    journal={arXiv preprint arXiv:2410.15764},
    year={2024},
}

@article{li2024singlecodec,
    title={{Single-Codec}: Single-Codebook Speech Codec towards High-Performance Speech Generation}, 
    author={Hanzhao Li and Liumeng Xue and Haohan Guo and Xinfa Zhu and Yuanjun Lv and Lei Xie and Yunlin Chen and Hao Yin and Zhifei Li},
    year={2024},
    journal={arXiv preprint arXiv:2406.07422},
}

@inproceedings{wu2024scoredec,
    title={{ScoreDec}: A Phase-Preserving High-Fidelity Audio Codec with a Generalized Score-Based Diffusion Post-Filter}, 
    author={Wu, Yi-Chiao and Marković, Dejan and Krenn, Steven and Gebru, Israel D. and Richard, Alexander},
    booktitle={IEEE International Conference on Acoustics, Speech and Signal Processing (ICASSP)}, 
    year={2024},
    pages={361--365},
}

@article{pia2024flowmac,
    title={{FlowMAC}: Conditional Flow Matching for Audio Coding at Low Bit Rates}, 
    author={Nicola Pia and Martin Strauss and Markus Multrus and Bernd Edler},
    year={2024},
    journal={arXiv preprint arXiv:2409.17635},
}

@inproceedings{polyak2021discrete,
    title     = {Speech Resynthesis from Discrete Disentangled Self-Supervised Representations},
    author    = {Adam Polyak and Yossi Adi and Jade Copet and Eugene Kharitonov and Kushal Lakhotia and Wei-Ning Hsu and Abdelrahman Mohamed and Emmanuel Dupoux},
    year      = {2021},
    booktitle = {Interspeech},
    pages     = {3615--3619},
}

@inproceedings{vandenord2017vqvae,
    title = {Neural discrete representation learning},
    author = {van den Oord, Aaron and Vinyals, Oriol and Kavukcuoglu, Koray},
    year = {2017},
    booktitle = {International Conference on Neural Information Processing Systems (NeurIPS)},
    pages = {6309--6318},
}

@inproceedings{yang2024sqcodec,
    title     = {{SimpleSpeech}: Towards Simple and Efficient Text-to-Speech with Scalar Latent Transformer Diffusion Models},
    author    = {Dongchao Yang and Dingdong Wang and Haohan Guo and Xueyuan Chen and Xixin Wu and Helen Meng},
    year      = {2024},
    booktitle = {Interspeech},
    pages     = {4398--4402},
}

@inproceedings{mentzer2024finite,
    title={Finite Scalar Quantization: {VQ}-{VAE} Made Simple},
    author={Fabian Mentzer and David Minnen and Eirikur Agustsson and Michael Tschannen},
    booktitle={International Conference on Learning Representations (ICLR)},
    year={2024},
}

@inproceedings{woo2023convnext2,
    author={Woo, Sanghyun and Debnath, Shoubhik and Hu, Ronghang and Chen, Xinlei and Liu, Zhuang and Kweon, In So and Xie, Saining},
    booktitle={IEEE/CVF Conference on Computer Vision and Pattern Recognition (CVPR)}, 
    title={{ConvNeXt V2}: Co-designing and Scaling ConvNets with Masked Autoencoders}, 
    year={2023},
    pages={16133--16142},
}


@inproceedings{yang2024ladiff,
    author = {Haici Yang and Inseon Jang and Minje Kim},
    title = {Generative De-Quantization for Neural Speech Codec Via Latent Diffusion},
    booktitle = {IEEE International Conference on Acoustics, Speech and Signal Processing (ICASSP)},
    year = {2024}
}


@article{zheng2024freecodec,
    title={{FreeCodec}: A disentangled neural speech codec with fewer tokens}, 
    author={Youqiang Zheng and Weiping Tu and Yueteng Kang and Jie Chen and Yike Zhang and Li Xiao and Yuhong Yang and Long Ma},
    year={2024},
    journal={arXiv preprint arXiv:2412.01053},
}


@article{jiang2024unicodec,
    title={Universal Speech Token Learning Via Low-Bitrate Neural Codec and Pretrained Representations}, 
    author={Jiang, Xue and Peng, Xiulian and Zhang, Yuan and Lu, Yan},
    journal={IEEE Journal of Selected Topics in Signal Processing}, 
    year={2024},
    pages={1--13},
}


@inproceedings{mousavi2024how,
    title     = {How Should We Extract Discrete Audio Tokens from Self-Supervised Models?},
    author    = {Pooneh Mousavi and Jarod Duret and Salah Zaiem and Luca {Della Libera} and Artem Ploujnikov and Cem Subakan and Mirco Ravanelli},
    year      = {2024},
    booktitle = {Interspeech},
    pages     = {2554--2558},
}

@inproceedings{shi2024mmm,
    title     = {{MMM}: Multi-Layer Multi-Residual Multi-Stream Discrete Speech Representation from Self-supervised Learning Model},
    author    = {Jiatong Shi and Xutai Ma and Hirofumi Inaguma and Anna Sun and Shinji Watanabe},
    year      = {2024},
    booktitle = {Interspeech},
    pages     = {2569--2573},
}

@inproceedings{wang2024selm,
    title={{SELM}: Speech Enhancement Using Discrete Tokens and Language Models}, 
    author={Ziqian Wang and Xinfa Zhu and Zihan Zhang and YuanJun Lv and Ning Jiang and Guoqing Zhao and Lei Xie},
    booktitle = {IEEE International Conference on Acoustics, Speech and Signal Processing (ICASSP)},
    pages = {11561--11565},
    year={2024},
}


@inproceedings{lee2023bigvgan,
    title={Big{VGAN}: A Universal Neural Vocoder with Large-Scale Training},
    author={{Sang-gil} Lee and Wei Ping and Boris Ginsburg and Bryan Catanzaro and Sungroh Yoon},
    booktitle={International Conference on Learning Representations (ICLR)},
    year={2023},
}

@inproceedings{baas2023knnvc,
    title={Voice Conversion With Just Nearest Neighbors},
    author={Matthew Baas and Benjamin van Niekerk and Herman Kamper},
    year=2023,
    pages={2053--2057},
    booktitle={Interspeech},
}

@article{kolbaek2017multitalker,
    title={Multitalker speech separation with utterance-level permutation invariant training of deep recurrent neural networks},
    author={Kolb{\ae}k, M. and Yu, D. and Tan, Z.-H. and Jensen, J.},
    journal={IEEE/ACM Transactions on Audio, Speech, and Language Processing},
    volume={25},
    pages={1901--1913},
    year={2017},
}

@inproceedings{copet2023musicgen,
    title = {Simple and Controllable Music Generation},
    author = {Copet, Jade and Kreuk, Felix and Gat, Itai and Remez, Tal and Kant, David and Synnaeve, Gabriel and Adi, Yossi and Defossez, Alexandre},
    booktitle = {International Conference on Neural Information Processing Systems (NeurIPS)},
    pages = {47704--47720},
    volume = {36},
    year = {2023}
}

@inproceedings{dellaliber2024focal,
    author={{Della Libera}, Luca and Subakan, Cem and Ravanelli, Mirco},
    booktitle={IEEE International Conference on Acoustics, Speech, and Signal Processing Workshops (ICASSPW)}, 
    title={Focal Modulation Networks for Interpretable Sound Classification}, 
    year={2024},
    pages={853--857},
}

@inproceedings{siuzdak2023vocos,
    title={Vocos: Closing the gap between time-domain and Fourier-based neural vocoders for high-quality audio synthesis},
    author={Siuzdak, Hubert},
    booktitle={International Conference on Learning Representations (ICLR)},
    year={2024}
}

@inproceedings{liu2022convnext,
    title   = {A {ConvNet} for the 2020s},
    author  = {Zhuang Liu and Hanzi Mao and Chao-Yuan Wu and Christoph Feichtenhofer and Trevor Darrell and Saining Xie},
    booktitle = {IEEE/CVF Conference on Computer Vision and Pattern Recognition (CVPR)},
    year    = {2022},
}

@article{hendrycks2023gelu,
    title={Gaussian Error Linear Units ({GELUs})}, 
    author={Dan Hendrycks and Kevin Gimpel},
    year={2023},
    journal={arXiv preprint arXiv:1606.08415},
}

@inproceedings{jang2017categorical,
    title={Categorical Reparameterization with {Gumbel-Softmax}},
    author={Eric Jang and Shixiang Gu and Ben Poole},
    booktitle={International Conference on Learning Representations (ICLR)},
    year={2017},
}

@inproceedings{gulati2020conformer,
    title={Conformer: Convolution-augmented Transformer for Speech Recognition},
    author={Anmol Gulati and James Qin and Chung-Cheng Chiu and Niki Parmar and Yu Zhang and Jiahui Yu and Wei Han and Shibo Wang and Zhengdong Zhang and Yonghui Wu and Ruoming Pang},
    year=2020,
    booktitle={Interspeech},
    pages={5036--5040},
}

@inproceedings{kong2020hifigan,
    title = {{HiFi-GAN}: generative adversarial networks for efficient and high fidelity speech synthesis},
    author = {Kong, Jungil and Kim, Jaehyeon and Bae, Jaekyoung},
    year = {2020},
    booktitle = {International Conference on Neural Information Processing Systems (NeurIPS)},
}

@article{jang2021univnet,
    title={Univnet: A neural vocoder with multi-resolution spectrogram discriminators for high-fidelity waveform generation},
    author={Jang, Won and Lim, Dan and Yoon, Jaesam and Kim, Bongwan and Kim, Juntae},
    journal={arXiv preprint arXiv:2106.07889},
    year={2021}
}


@article{ba2016layernormalization,
    title={Layer Normalization}, 
    author={Jimmy Lei Ba and Jamie Ryan Kiros and Geoffrey E. Hinton},
    year={2016},
    journal={arXiv preprint arXiv:1607.06450},
}

@inproceedings{reddy2022dnsmos,
    title={{DNSMOS P.835}: A non-intrusive perceptual objective speech quality metric to evaluate noise suppressors},
    author={Reddy, Chandan KA and Gopal, Vishak and Cutler, Ross},
    booktitle={IEEE International Conference on Acoustics, Speech and Signal Processing (ICASSP)},
    year={2022}
}

@inproceedings{wang2021dwer,
    title={Sequential Multi-Frame Neural Beamforming for Speech Separation and Enhancement}, 
    author={Wang, Zhong-Qiu and others},
    booktitle={IEEE Spoken Language Technology Workshop (SLT)}, 
    year={2021},
    pages={905--911},
}


@inproceedings{desplanques2020ecapa,
    title={{ECAPA-TDNN}: Emphasized Channel Attention, Propagation and Aggregation in {TDNN} Based Speaker Verification},
    author={Brecht Desplanques and Jenthe Thienpondt and Kris Demuynck},
    year=2020,
    booktitle={Interspeech},
    pages={3830--3834},
}


@inproceedings{kahn2020libri,
    title={Libri-{L}ight: A benchmark for {ASR} with limited or no supervision},
    author={Kahn, Jacob and Riviere, Morgane and Zheng, Weiyi and Kharitonov, Evgeny and Xu, Qiantong and Mazar{\'e}, Pierre-Emmanuel and Karadayi, Julien and Liptchinsky, Vitaliy and Collobert, Ronan and Fuegen, Christian and others},
    booktitle={IEEE International Conference on Acoustics, Speech and Signal Processing (ICASSP)},
    pages={7669--7673},
    year={2020},
}

@inproceedings{wichern2019wham,
    title={{WHAM!}: Extending Speech Separation to Noisy Environments}, 
    author    = {Gordon Wichern and Joe Antognini and Michael Flynn and Licheng Richard Zhu and Emmett McQuinn and Dwight Crow and Ethan Manilow and Jonathan Le Roux},
    year      = {2019},
    booktitle = {Interspeech},
    pages     = {1368--1372},
}

@article{lloyd1982kmeans,
    title = {Least squares quantization in {PCM}},
    author = {Lloyd, Stuart P.},
    journal = {IEEE Transactions on Information Theory},
    year = {1982},
    pages={129--137},
}


@inproceedings{vannieakerk2022soft,
    title={A Comparison of Discrete and Soft Speech Units for Improved Voice Conversion}, 
    author={van Niekerk, Benjamin and Carbonneau, Marc-André and Zaïdi, Julian and Baas, Matthew and Seuté, Hugo and Kamper, Herman},
    booktitle={IEEE International Conference on Acoustics, Speech and Signal Processing (ICASSP)}, 
    year={2022},
    pages={6562--6566},
}

@article{ravanelli2021speechbrain,
    title = {{SpeechBrain}: A General-Purpose Speech Toolkit},
    author = {Mirco Ravanelli and Titouan Parcollet and Peter Plantinga and Aku Rouhe and Samuele Cornell and Loren Lugosch and Cem Subakan and Nauman Dawalatabad and Abdelwahab Heba and Jianyuan Zhong and Ju-Chieh Chou and Sung-Lin Yeh and Szu-Wei Fu and Chien-Feng Liao and Elena Rastorgueva and François Grondin and William Aris and Hwidong Na and Yan Gao and Renato De Mori and Yoshua Bengio},
    journal = {arXiv preprint arXiv:2106.04624},
    year = {2021},
}

@article{ravanelli2024open,
    title   = {Open-Source Conversational {AI} with {SpeechBrain} 1.0},
    author  = {Mirco Ravanelli and Titouan Parcollet and Adel Moumen and Sylvain de Langen and Cem Subakan and Peter Plantinga and Yingzhi Wang and Pooneh Mousavi and Luca {Della Libera} and Artem Ploujnikov and Francesco Paissan and Davide Borra and Salah Zaiem and Zeyu Zhao and Shucong Zhang and Georgios Karakasidis and Sung-Lin Yeh and Pierre Champion and Aku Rouhe and Rudolf Braun and Florian Mai and Juan Zuluaga-Gomez and Seyed Mahed Mousavi and Andreas Nautsch and Ha Nguyen and Xuechen Liu and Sangeet Sagar and Jarod Duret and Salima Mdhaffar and Ga{{\"e}}lle Laperri{{\`e}}re and Mickael Rouvier and Renato De Mori and Yannick Est{{\`e}}ve},
    journal = {Journal of Machine Learning Research (JMLR)},
    year    = {2024},
    volume  = {25},
    number  = {333},
    pages   = {1--11},
}

@inproceedings{vaswani2017transformer,
    title = {Attention is All You Need},
    author = {Vaswani, Ashish and others},
    year = {2017},
    booktitle = {NeurIPS},
    pages = {6000--6010},
}

@inproceedings{saeki2022utmos,
    title     = {{UTMOS}: {UTokyo-SaruLab} System for {VoiceMOS} Challenge 2022},
    author    = {Takaaki Saeki and Detai Xin and Wataru Nakata and Tomoki Koriyama and Shinnosuke Takamichi and Hiroshi Saruwatari},
    year      = {2022},
    booktitle = {Interspeech},
    pages     = {4521--4525},
}

@book{thomas2006elements,
    title={Elements of information theory},
    author = {Cover, Thomas M. and Thomas, Joy A.},
    year={2006},
    publisher={Wiley-Interscience}
}

@article{dubey2024llama3herdmodels,
    title={The {L}lama 3 Herd of Models}, 
    author={Aaron Grattafiori and Abhimanyu Dubey and Abhinav Jauhri and Abhinav Pandey and Abhishek Kadian and Ahmad Al-Dahle and Aiesha Letman and Akhil Mathur and Alan Schelten and Alex Vaughan and Amy Yang and Angela Fan and others},
    year={2024},
    journal = {arXiv preprint arXiv:2407.21783}
}

@article{mousavi2024dasb,
    title={{DASB} - Discrete Audio and Speech Benchmark}, 
    author={Pooneh Mousavi and Luca {Della Libera} and Jarod Duret and Artem Ploujnikov and Cem Subakan and Mirco Ravanelli},
    year={2024},
    journal={arXiv preprint arXiv:2406.14294}
}

@article{schoeffler2018webmushra,
    title={{webMUSHRA} - A comprehensive framework for web-based listening tests},
    author={Schoeffler, Michael and Bartoschek, Sarah and St{\"o}ter, Fabian-Robert and Roess, Marlene and Westphal, Susanne and Edler, Bernd and Herre, J{\"u}rgen},
    journal={Journal of Open Research Software},
    year={2018},
}


@inproceedings{zen2019libritts,
    title = {{LibriTTS}: A Corpus Derived from {LibriSpeech} for Text-to-Speech},
    author={Heiga Zen and Viet Dang and Rob Clark and Yu Zhang and Ron J. Weiss and Ye Jia and Zhifeng Chen and Yonghui Wu},
    booktitle = {Interspeech},
    year = {2019},
}

@inproceedings{panayotov2015librispeech,
    title={{LibriSpeech}: An {ASR} corpus based on public domain audio books}, 
    author={Panayotov, Vassil and Chen, Guoguo and Povey, Daniel and Khudanpur, Sanjeev},
    booktitle={IEEE International Conference on Acoustics, Speech and Signal Processing (ICASSP)}, 
    year={2015},
    pages={5206--5210},
}

@inproceedings{valentinibotinhao2016voicebank,
    title={Investigating {RNN}-based speech enhancement methods for noise-robust Text-to-Speech},
    author={Cassia Valentini-Botinhao and Xin Wang and Shinji Takaki and Junichi Yamagishi},
    booktitle={Speech Synthesis Workshop},
    year={2016},
    pages = {146--152},
}

@article{cosentino2020librimix,
    title={{LibriMix}: An Open-Source Dataset for Generalizable Speech Separation},
    author={Joris Cosentino and Manuel Pariente and Samuele Cornell and Antoine Deleforge and Emmanuel Vincent},
    journal={arXiv preprint arXiv:2005.11262},
    year={2020},
}

@article{busso2008iemocap,
    title={{IEMOCAP}: Interactive Emotional Dyadic Motion Capture Database},
    author={Busso, Carlos and Bulut, Murtaza and Lee, Chi-Chun and Kazemzadeh, Abe and Mower, Emily and Kim, Samuel and Chang, Jeannette N. and Lee, Sungbok and Narayanan, Shrikanth S.},
    journal={Language Resources and Evaluation},
    volume={42},
    number={4},
    pages={335--359},
    year={2008},
}

@inproceedings{rix2001pesq,
    title={Perceptual evaluation of speech quality ({PESQ})-a new method for speech quality assessment of telephone networks and codecs},
    author={Rix, A.W. and Beerends, J.G. and Hollier, M.P. and Hekstra, A.P.},
    booktitle={IEEE International Conference on Acoustics, Speech and Signal Processing (ICASSP)}, 
    year={2001},
    pages={749--752},
}

@inproceedings{radford2022robust,
    title = {Robust Speech Recognition via Large-Scale Weak Supervision},
    author = {Radford, Alec and Kim, Jong Wook and Xu, Tao and Brockman, Greg and Mcleavey, Christine and Sutskever, Ilya},
    booktitle = {International Conference on Machine Learning (ICML)},
    pages = {28492--28518},
    year = {2023},
    volume = {202},
}

@article{veaux2017cstr,
    title={{CSTR VCTK} corpus: English multi-speaker corpus for {CSTR} voice cloning toolkit},
    author={Junichi Yamagishi and Christophe Veaux and Kirsten MacDonald},
    journal={University of Edinburgh. The Centre for Speech Technology Research (CSTR)},
    volume={6},
    pages={15},
    year={2017}
}

@article{taal2011stoi,
    title={An Algorithm for Intelligibility Prediction of Time–Frequency Weighted Noisy Speech},
    author={Taal, Cees H. and Hendriks, Richard C. and Heusdens, Richard and Jensen, Jesper},
    journal={IEEE Transactions on Audio, Speech and Language Processing}, 
    year={2011},
    pages={2125--2136},
}

@inproceedings{pratap2020mls,
    title = {{MLS}: A Large-Scale Multilingual Dataset for Speech Research},
    author = {V. Pratap and Q. Xu and A. Sriram and G. Synnaeve and R. Collobert},
    booktitle = {Interspeech},
    pages = {2757--2761},
    year = {2020},
}

@inproceedings{loshchilov2019adamw,
    title = {Decoupled Weight Decay Regularization},
    author = {Ilya Loshchilov and Frank Hutter},
    booktitle = {International Conference on Learning Representations (ICLR)},
    year = {2019},
}

@inproceedings{yang2022focalnets,
    title={Focal Modulation Networks}, 
    author={Jianwei Yang and Chunyuan Li and Xiyang Dai and Jianfeng Gao},
    booktitle={International Conference on Neural Information Processing Systems (NeurIPS)},
    year={2022}
}

@article{zhao2024bsq,
    title={Image and Video Tokenization with Binary Spherical Quantization}, 
    author={Yue Zhao and Yuanjun Xiong and Philipp Krähenbühl},
    year={2024},
    journal={arXiv preprint arXiv:2406.07548}
}

@article{bengio2013ste,
    title={Estimating or Propagating Gradients Through Stochastic Neurons for Conditional Computation}, 
    author={Yoshua Bengio and Nicholas Léonard and Aaron Courville},
    year={2013},
    journal={arXiv preprint arXiv:1308.3432}
}

@article{ai2024apcodec,
    title = {{APCodec}: A Neural Audio Codec With Parallel Amplitude and Phase Spectrum Encoding and Decoding},
    author = {Ai, Yang and Jiang, Xiao-Hang and Lu, Ye-Xin and Du, Hui-Peng and Ling, Zhen-Hua},
    year = {2024},
    volume = {32},
    journal = {IEEE/ACM Transactions on Audio, Speech and Language Processing},
    pages = {3256--3269},
}

@article{openai2023gpt4,
    title={{GPT-4} Technical Report}, 
    author={OpenAI and Josh Achiam and Steven Adler and Sandhini Agarwal and Lama Ahmad and Ilge Akkaya and Florencia Leoni Aleman and Diogo Almeida and Janko Altenschmidt and others},
    year={2023},
    journal={arXiv preprint arXiv:2303.08774},
}

@article{jiang2024mixtralexperts,
    title={Mixtral of Experts}, 
    author={Albert Q. Jiang and Alexandre Sablayrolles and Antoine Roux and Arthur Mensch and Blanche Savary and Chris Bamford and Devendra Singh Chaplot and Diego de las Casas and Emma Bou Hanna others},
    year={2024},
    journal={arXiv preprint arXiv:2401.04088}, 
}

@inproceedings{zhang2023speechgpt,
    title = "{S}peech{GPT}: Empowering Large Language Models with Intrinsic Cross-Modal Conversational Abilities",
    author = "Zhang, Dong  and
      Li, Shimin  and
      Zhang, Xin  and
      Zhan, Jun  and
      Wang, Pengyu  and
      Zhou, Yaqian  and
      Qiu, Xipeng",
    booktitle = "Findings of the Association for Computational Linguistics: EMNLP",
    year = "2023",
    pages = "15757--15773",
}

@article{borsos2023audiolm,
    title = {{AudioLM}: A Language Modeling Approach to Audio Generation},
    author = {Borsos, Zal\'{a}n and Marinier, Rapha\"{e}l and Vincent, Damien and Kharitonov, Eugene and Pietquin, Olivier and Sharifi, Matt and Roblek, Dominik and Teboul, Olivier and Grangier, David and Tagliasacchi, Marco and Zeghidour, Neil},
    year = {2023},
    volume = {31},
    journal = {IEEE/ACM Transactions on Audio, Speech and Language Processing},
    pages = {2523--2533},
}


@article{nguyen2024spiritlminterleavedspokenwritten,
    title={{SpiRit-LM}: Interleaved Spoken and Written Language Model}, 
    author={Tu Anh Nguyen and Benjamin Muller and Bokai Yu and Marta R. Costa-jussa and Maha Elbayad and Sravya Popuri and Paul-Ambroise Duquenne and Robin Algayres and Ruslan Mavlyutov and Itai Gat and Gabriel Synnaeve and Juan Pino and Benoit Sagot and Emmanuel Dupoux},
    year={2024},
    journal={arXiv preprint arXiv:2402.05755}
}


@inproceedings{kreuk2023audiogen,
    title={{AudioGen}: Textually Guided Audio Generation},
    author={Felix Kreuk and Gabriel Synnaeve and Adam Polyak and Uriel Singer and Alexandre D{\'e}fossez and Jade Copet and Devi Parikh and Yaniv Taigman and Yossi Adi},    booktitle={International Conference on Learning Representations (ICLR)},
    year={2023},
}

@inproceedings{hassid2023textually,
    title={Textually Pretrained Speech Language Models},
    author={Michael Hassid and Tal Remez and Tu Anh Nguyen and Itai Gat and Alexis Conneau and Felix Kreuk and Jade Copet and Alexandre D{\'e}fossez and Gabriel Synnaeve and Emmanuel Dupoux and Roy Schwartz and Yossi Adi},
    booktitle={International Conference on Learning Representations (ICLR)},
    year={2023},
}

@article{geminiteam2023gemini,
    title={Gemini: A Family of Highly Capable Multimodal Models}, 
    author={{\relax Gemini Team, Google}},
    year={2023},
    journal={arXiv preprint arXiv:2312.11805},
}

@inproceedings{kim2024clamtts,
    title={{CL}aM-{TTS}: Improving Neural Codec Language Model for Zero-Shot Text-to-Speech},
    author={Jaehyeon Kim and Keon Lee and Seungjun Chung and Jaewoong Cho},
    booktitle={International Conference on Learning Representations (ICLR)},
    year={2024},
}

@article{wang2023valle,
    title={Neural Codec Language Models are Zero-Shot Text to Speech Synthesizers}, 
    author={Chengyi Wang and Sanyuan Chen and Yu Wu and Ziqiang Zhang and Long Zhou and Shujie Liu and Zhuo Chen and Yanqing Liu and Huaming Wang and Jinyu Li and Lei He and Sheng Zhao and Furu Wei},
    year={2023},
    journal={arXiv preprint arXiv:2301.02111},
}

@article{chowdhery2024palm,
    title = {{PaLM}: scaling language modeling with pathways}, year = {2024},
    author = {Chowdhery, Aakanksha and Narang, Sharan and Devlin, Jacob and Bosma, Maarten and Mishra, Gaurav and Roberts, Adam and Barham, Paul and Chung, Hyung Won and Sutton, Charles and others},
    volume = {24},
    journal = {Journal of Machine Learning Research}
}

@inproceedings{ziyin2020snake,
    title = {Neural networks fail to learn periodic functions and how to fix it},
    author = {Ziyin, Liu and Hartwig, Tilman and Ueda, Masahito},
    year = {2020},
    booktitle = {International Conference on Neural Information Processing Systems (NeurIPS)},
}

@inproceedings{yu2024lfq,
    title={Language Model Beats Diffusion - Tokenizer is key to visual generation},
    author={Lijun Yu and Jose Lezama and Nitesh Bharadwaj Gundavarapu and Luca Versari and Kihyuk Sohn and David Minnen and Yong Cheng and Agrim Gupta and Xiuye Gu and Alexander G Hauptmann and Boqing Gong and Ming-Hsuan Yang and Irfan Essa and David A Ross and Lu Jiang},
    booktitle={International Conference on Learning Representations (ICLR)},
    year={2024},
}

@article{ju2024facodec,
    title={{NaturalSpeech} 3: Zero-Shot Speech Synthesis with Factorized Codec and Diffusion Models}, 
    author={Zeqian Ju and Yuancheng Wang and Kai Shen and Xu Tan and Detai Xin and Dongchao Yang and Yanqing Liu and Yichong Leng and Kaitao Song and Siliang Tang and Zhizheng Wu and Tao Qin and Xiang-Yang Li and Wei Ye and Shikun Zhang and Jiang Bian and Lei He and Jinyu Li and Sheng Zhao},
    year={2024},
    journal={arXiv preprint arXiv:2403.03100}
}