@article{ai2024apcodec,
    title = {{APCodec}: A Neural Audio Codec With Parallel Amplitude and Phase Spectrum Encoding and Decoding},
    author = {Ai, Yang and Jiang, Xiao-Hang and Lu, Ye-Xin and Du, Hui-Peng and Ling, Zhen-Hua},
    year = {2024},
    volume = {32},
    journal = {IEEE/ACM Transactions on Audio, Speech and Language Processing},
    pages = {3256--3269},
}

@inproceedings{baevski2020wav2vec2,
    title={wav2vec 2.0: A framework for self-supervised learning of speech representations},
    author={Baevski, Alexei and Zhou, Yuhao and Mohamed, Abdelrahman and Auli, Michael},
    booktitle={International Conference on Neural Information Processing Systems (NeurIPS)},
    pages={12449--12460},
    year={2020},
}

@article{bai2024dmel,
    title={{dMel}: Speech Tokenization made Simple}, 
    author={He Bai and Tatiana Likhomanenko and Ruixiang Zhang and Zijin Gu and Zakaria Aldeneh and Navdeep Jaitly},
    year={2024},
    journal={arXiv preprint arXiv:2407.15835},
}

@article{chang2024dcspins,
    title={{DC-Spin}: A Speaker-invariant Speech Tokenizer for Spoken Language Models}, 
    author={Heng-Jui Chang and Hongyu Gong and Changhan Wang and James Glass and Yu-An Chung},
    year={2024},
    journal={arXiv preprint arXiv:2410.24177},
}

@article{chen2022wavlm,
    title={{WavLM}: Large-scale self-supervised pre-training for full stack speech processing},
    author={Chen, Sanyuan and Wang, Chengyi and Chen, Zhengyang and Wu, Yu and Liu, Shujie and Chen, Zhuo and Li, Jinyu and Kanda, Naoyuki and Yoshioka, Takuya and Xiao, Xiong and Wu, Jian and Zhou, Long and Ren, Shuo and Qian, Yanmin and Qian, Yao and Wu, Jian and Zeng, Michael and Yu, Xiangzhan and Wei, Furu},
    journal={IEEE Journal of Selected Topics in Signal Processing},
    pages={1505--1518},
    year={2022},
}

@article{defossez2023encodec,
    title={High Fidelity Neural Audio Compression},
    author={Alexandre D{\'e}fossez and Jade Copet and Gabriel Synnaeve and Yossi Adi},
    journal={Transactions on Machine Learning Research (TMLR)},
    year={2023},
}

@article{defossez2024moshi,
    title={Moshi: A Speech-Text Foundation Model for Real-Time Dialogue}, 
    author={Alexandre Défossez and Laurent Mazaré and Manu Orsini and Amélie Royer and Patrick Pérez and Hervé Jégou and Edouard Grave and Neil Zeghidour},
    year={2024},
    journal={arXiv preprint arXiv:2410.00037},
}

@article{guo2024lscodec,
    title={{LSCodec}: Low-Bitrate and Speaker-Decoupled Discrete Speech Codec},
    author={Yiwei Guo and Zhihan Li and Chenpeng Du and Hankun Wang and Xie Chen and Kai Yu},
    journal={arXiv preprint arXiv:2410.15764},
    year={2024},
}

@article{hsu2021hubert,
    title={{HuBERT}: Self-supervised speech representation learning by masked prediction of hidden units},
    author={Hsu, Wei-Ning and Bolte, Benjamin and Tsai, Yao-Hung Hubert and Lakhotia, Kushal and Salakhutdinov, Ruslan and Mohamed, Abdelrahman},
    journal={IEEE/ACM Trans. Audio Speech Lang. Process.},
    volume={29},
    pages={3451--3460},
    year={2021},
}

@inproceedings{huang2024repcodec,
    title={{RepCodec}: A Speech Representation Codec for Speech Tokenization}, 
    author={Zhichao Huang and Chutong Meng and Tom Ko},
    booktitle = {Annual Meeting of the Association for Computational Linguistics (ACL)},
    year={2024},
    pages={5777--5790},
}

@article{ji2024wavtokenizer,
    title={{WavTokenizer}: An Efficient Acoustic Discrete Codec Tokenizer for Audio Language Modeling}, 
    author={Shengpeng Ji and Ziyue Jiang and Wen Wang and Yifu Chen and Minghui Fang and Jialong Zuo and Qian Yang and Xize Cheng and Zehan Wang and Ruiqi Li and Ziang Zhang and Xiaoda Yang and Rongjie Huang and Yidi Jiang and Qian Chen and Siqi Zheng and Wen Wang and Zhou Zhao},    
    year={2024},
    journal={arXiv preprint arXiv:2408.16532}
}

@article{jiang2024unicodec,
    title={Universal Speech Token Learning Via Low-Bitrate Neural Codec and Pretrained Representations}, 
    author={Jiang, Xue and Peng, Xiulian and Zhang, Yuan and Lu, Yan},
    journal={IEEE Journal of Selected Topics in Signal Processing}, 
    year={2024},
    pages={1--13},
}

@article{ju2024facodec,
    title={{NaturalSpeech} 3: Zero-Shot Speech Synthesis with Factorized Codec and Diffusion Models}, 
    author={Zeqian Ju and Yuancheng Wang and Kai Shen and Xu Tan and Detai Xin and Dongchao Yang and Yanqing Liu and Yichong Leng and Kaitao Song and Siliang Tang and Zhizheng Wu and Tao Qin and Xiang-Yang Li and Wei Ye and Shikun Zhang and Jiang Bian and Lei He and Jinyu Li and Sheng Zhao},
    year={2024},
    journal={arXiv preprint arXiv:2403.03100}
}

@inproceedings{kumar2023dac,
    title={High-Fidelity Audio Compression with Improved {RVQGAN}},
    author={Rithesh Kumar and Prem Seetharaman and Alejandro Luebs and Ishaan Kumar and Kundan Kumar},
    booktitle={International Conference on Neural Information Processing Systems (NeurIPS)},
    year={2023},
}

@article{li2024singlecodec,
    title={{Single-Codec}: Single-Codebook Speech Codec towards High-Performance Speech Generation}, 
    author={Hanzhao Li and Liumeng Xue and Haohan Guo and Xinfa Zhu and Yuanjun Lv and Lei Xie and Yunlin Chen and Hao Yin and Zhifei Li},
    year={2024},
    journal={arXiv preprint arXiv:2406.07422},
}

@article{liu2024semanticodec,
    title={{SemantiCodec}: An Ultra Low Bitrate Semantic Audio Codec for General Sound},
    author={Liu, Haohe and Xu, Xuenan and Yuan, Yi and Wu, Mengyue and Wang, Wenwu and Plumbley, Mark D},
    journal={arXiv preprint arXiv:2405.00233},
    year={2024}
}

@article{lloyd1982kmeans,
    title = {Least squares quantization in {PCM}},
    author = {Lloyd, Stuart P.},
    journal = {IEEE Transactions on Information Theory},
    year = {1982},
    pages={129--137},
}

@inproceedings{mentzer2024finite,
    title={Finite Scalar Quantization: {VQ}-{VAE} Made Simple},
    author={Fabian Mentzer and David Minnen and Eirikur Agustsson and Michael Tschannen},
    booktitle={International Conference on Learning Representations (ICLR)},
    year={2024},
}

@inproceedings{messica24nast,
    title     = {{NAST}: Noise Aware Speech Tokenization for Speech Language Models},
    author    = {Shoval Messica and Yossi Adi},
    year      = {2024},
    booktitle = {Interspeech 2024},
    pages     = {4169--4173},
}

@inproceedings{mousavi2024how,
    title     = {How Should We Extract Discrete Audio Tokens from Self-Supervised Models?},
    author    = {Pooneh Mousavi and Jarod Duret and Salah Zaiem and Luca {Della Libera} and Artem Ploujnikov and Cem Subakan and Mirco Ravanelli},
    year      = {2024},
    booktitle = {Interspeech},
    pages     = {2554--2558},
}

@article{parker2024scaling,
    title = {Scaling Transformers for Low-Bitrate High-Quality Speech Coding},
    author = {Julian D. Parker and Anton Smirnov and Jordi Pons and CJ Carr and Zack Zukowski and Zach Evans and Xubo Liu},
    year = {2024},
    journal={arXiv preprint arXiv:2411.19842},
}

@article{pia2024flowmac,
    title={{FlowMAC}: Conditional Flow Matching for Audio Coding at Low Bit Rates}, 
    author={Nicola Pia and Martin Strauss and Markus Multrus and Bernd Edler},
    year={2024},
    journal={arXiv preprint arXiv:2409.17635},
}

@inproceedings{polyak2021discrete,
    title     = {Speech Resynthesis from Discrete Disentangled Self-Supervised Representations},
    author    = {Adam Polyak and Yossi Adi and Jade Copet and Eugene Kharitonov and Kushal Lakhotia and Wei-Ning Hsu and Abdelrahman Mohamed and Emmanuel Dupoux},
    year      = {2021},
    booktitle = {Interspeech},
    pages     = {3615--3619},
}

@article{qiu2024efficient,
    title={Efficient Autoregressive Audio Modeling via Next-Scale Prediction}, 
    author={Kai Qiu and Xiang Li and Hao Chen and Jie Sun and Jinglu Wang and Zhe Lin and Marios Savvides and Bhiksha Raj},
    year={2024},
    journal={arXiv preprint arXiv:2408.09027},
}

@inproceedings{shi2024mmm,
    title     = {{MMM}: Multi-Layer Multi-Residual Multi-Stream Discrete Speech Representation from Self-supervised Learning Model},
    author    = {Jiatong Shi and Xutai Ma and Hirofumi Inaguma and Anna Sun and Shinji Watanabe},
    year      = {2024},
    booktitle = {Interspeech},
    pages     = {2569--2573},
}

@inproceedings{siuzdak2024snac,
    title={{SNAC}: Multi-Scale Neural Audio Codec},
    author={Siuzdak, Hubert and Gr{\"o}tschla, Florian and Lanzend{\"o}rfer, Luca A},
    booktitle={Audio Imagination: NeurIPS 2024 Workshop AI-Driven Speech, Music, and Sound Generation},
    year={2024}
}

@inproceedings{vandenord2017vqvae,
    title = {Neural discrete representation learning},
    author = {van den Oord, Aaron and Vinyals, Oriol and Kavukcuoglu, Koray},
    year = {2017},
    booktitle = {International Conference on Neural Information Processing Systems (NeurIPS)},
    pages = {6309--6318},
}

@inproceedings{wang2024selm,
    title={{SELM}: Speech Enhancement Using Discrete Tokens and Language Models}, 
    author={Ziqian Wang and Xinfa Zhu and Zihan Zhang and YuanJun Lv and Ning Jiang and Guoqing Zhao and Lei Xie},
    booktitle = {IEEE International Conference on Acoustics, Speech and Signal Processing (ICASSP)},
    pages = {11561--11565},
    year={2024},
}

@inproceedings{wu2024scoredec,
    title={{ScoreDec}: A Phase-Preserving High-Fidelity Audio Codec with a Generalized Score-Based Diffusion Post-Filter}, 
    author={Wu, Yi-Chiao and Marković, Dejan and Krenn, Steven and Gebru, Israel D. and Richard, Alexander},
    booktitle={IEEE International Conference on Acoustics, Speech and Signal Processing (ICASSP)}, 
    year={2024},
    pages={361--365},
}

@article{wu2024ts3codec,
    title={{TS3-Codec}: Transformer-Based Simple Streaming Single Codec},
    author={Haibin Wu and Naoyuki Kanda and Sefik Emre Eskimez and Jinyu Li},
    year={2024},
    journal={arXiv preprint arXiv:2411.18803},
}

@article{xin2024bigcodec,
    title={{BigCodec}: Pushing the Limits of Low-Bitrate Neural Speech Codec}, 
    author={Detai Xin and Xu Tan and Shinnosuke Takamichi and Hiroshi Saruwatari},
    year={2024},
    journal={arXiv preprint arXiv:2409.05377},
}

@article{yang2023hifi,
    title={{HiFi-Codec}: Group-residual Vector quantization for High Fidelity Audio Codec},
    author={Dongchao Yang and Songxiang Liu and Rongjie Huang and Jinchuan Tian and Chao Weng and Yuexian Zou},
    journal={arXiv preprint arXiv:2305.02765},
    year={2023}
}

@inproceedings{yang2024ladiff,
    author = {Haici Yang and Inseon Jang and Minje Kim},
    title = {Generative De-Quantization for Neural Speech Codec Via Latent Diffusion},
    booktitle = {IEEE International Conference on Acoustics, Speech and Signal Processing (ICASSP)},
    year = {2024}
}

@inproceedings{yang2024sqcodec,
    title     = {{SimpleSpeech}: Towards Simple and Efficient Text-to-Speech with Scalar Latent Transformer Diffusion Models},
    author    = {Dongchao Yang and Dingdong Wang and Haohan Guo and Xueyuan Chen and Xixin Wu and Helen Meng},
    year      = {2024},
    booktitle = {Interspeech},
    pages     = {4398--4402},
}

@inproceedings{yong2024ticodec,
    author={Ren, Yong and Wang, Tao and Yi, Jiangyan and Xu, Le and Tao, Jianhua and Zhang, Chu Yuan and Zhou, Junzuo},
    booktitle={IEEE International Conference on Acoustics, Speech and Signal Processing (ICASSP)}, 
    title={Fewer-Token Neural Speech Codec with Time-Invariant Codes}, 
    year={2024},
    pages={12737--12741},
}

@article{zeghidour2021soundstream,
    title = {{SoundStream}: An End-to-End Neural Audio Codec},
    author = {Zeghidour, Neil and Luebs, Alejandro and Omran, Ahmed and Skoglund, Jan and Tagliasacchi, Marco},
    year = {2021},
    journal = {IEEE/ACM Transactions on Audio, Speech, and Language Processing},
    pages = {495--507},
}

@inproceedings{zhang2024speechtokenizer,
    title={{SpeechTokenizer}: Unified Speech Tokenizer for Speech Large Language Models}, 
    author={Xin Zhang and Dong Zhang and Shimin Li and Yaqian Zhou and Xipeng Qiu},
    year={2024},
    booktitle={International Conference on Learning Representations (ICLR)},
}

@article{zheng2024freecodec,
    title={{FreeCodec}: A disentangled neural speech codec with fewer tokens}, 
    author={Youqiang Zheng and Weiping Tu and Yueteng Kang and Jie Chen and Yike Zhang and Li Xiao and Yuhong Yang and Long Ma},
    year={2024},
    journal={arXiv preprint arXiv:2412.01053},
}

