@inproceedings{3d.photography,
	title        = {{3D} Photography using Context-aware Layered Depth Inpainting},
	author       = {Shih, Meng-Li and Su, Shih-Yang and Kopf, Johannes and Huang, Jia-Bin},
	year         = 2020,
	booktitle    = {CVPR}
}

@inproceedings{Garbin_2021_ICCV,
	title        = {{FastNeRF}: High-Fidelity Neural Rendering at {200FPS}},
	author       = {Garbin, Stephan J. and Kowalski, Marek and Johnson, Matthew and Shotton, Jamie and Valentin, Julien},
	year         = 2021,
	booktitle    = {ICCV}
}

@inproceedings{NEURIPS2020_4c5bcfec,
	title        = {Denoising Diffusion Probabilistic Models},
	author       = {Ho, Jonathan and Jain, Ajay and Abbeel, Pieter},
	year         = 2020,
	booktitle    = {NeurIPS},
}

@InProceedings{Wu_2024_CVPR,
    author    = {Wu, Guanjun and Yi, Taoran and Fang, Jiemin and Xie, Lingxi and Zhang, Xiaopeng and Wei, Wei and Liu, Wenyu and Tian, Qi and Wang, Xinggang},
    title     = {4D Gaussian Splatting for Real-Time Dynamic Scene Rendering},
    booktitle = {CVPR},
    year      = {2024}
}

@article{barnes2009patchmatch,
  title={PatchMatch: A randomized correspondence algorithm for structural image editing},
  author={Barnes, Connelly and Shechtman, Eli and Finkelstein, Adam and Goldman, Dan B},
  journal={ACM TOG},
  year={2009}
}

@inproceedings{barron2023zip,
	title        = {Zip-NeRF: Anti-aliased grid-based neural radiance fields},
	author       = {Barron, Jonathan T and Mildenhall, Ben and Verbin, Dor and Srinivasan, Pratul P and Hedman, Peter},
	year         = 2023,
	booktitle    = ICCV
}

@misc{bertalmio2000image,
  title={Image Inpainting},
  author={Bertalmio, M},
  year={2000},
  publisher={Addison-Wesley}
}

@article{bommasani2021opportunities,
	title        = {On the opportunities and risks of foundation models},
	author       = {Bommasani, Rishi and Hudson, Drew A and Adeli, Ehsan and Altman, Russ and Arora, Simran and von Arx, Sydney and Bernstein, Michael S and Bohg, Jeannette and Bosselut, Antoine and Brunskill, Emma and others},
	year         = 2021,
	journal      = {arXiv preprint arXiv:2108.07258}
}

@inproceedings{cao2024leftrefill,
  title={LeftRefill: Filling Right Canvas based on Left Reference through Generalized Text-to-Image Diffusion Model},
  author={Cao, Chenjie and Cai, Yunuo and Dong, Qiaole and Wang, Yikai and Fu, Yanwei},
  booktitle={CVPR},
  year={2024}
}

@inproceedings{chen2024gaussianeditor,
  title={Gaussianeditor: Swift and controllable 3d editing with gaussian splatting},
  author={Chen, Yiwen and Chen, Zilong and Zhang, Chi and Wang, Feng and Yang, Xiaofeng and Wang, Yikai and Cai, Zhongang and Yang, Lei and Liu, Huaping and Lin, Guosheng},
  booktitle={CVPR},
  year={2024}
}

@inproceedings{chen2024improving,
  title={Improving Robustness for Joint Optimization of Camera Pose and Decomposed Low-Rank Tensorial Radiance Fields},
  author={Cheng, Bo-Yu and Chiu, Wei-Chen and Liu, Yu-Lun},
  booktitle={AAAI},
  year={2024}
}

@article{criminisi2004region,
  title={Region filling and object removal by exemplar-based image inpainting},
  author={Criminisi, Antonio and P{\'e}rez, Patrick and Toyama, Kentaro},
  journal=TIP,
  year={2004},
}

@inproceedings{dhariwal2021diffusion,
	title        = {Diffusion models beat gans on image synthesis},
	author       = {Dhariwal, Prafulla and Nichol, Alexander},
	year         = 2021,
	booktitle    = {NeurIPS},
}

@inproceedings{efros1999texture,
  title={Texture synthesis by non-parametric sampling},
  author={Efros, Alexei A and Leung, Thomas K},
  booktitle={ICCV},
  year={1999}
}

@inproceedings{fan2025spectromotion,
  title={SpectroMotion: Dynamic 3D Reconstruction of Specular Scenes},
  author={Fan, Cheng-De and Chang, Chen-Wei and Liu, Yi-Ruei and Lee, Jie-Ying and Huang, Jiun-Long and Tseng, Yu-Chee and Liu, Yu-Lun},
  booktitle = {CVPR},
  year = {2025},
}

@inproceedings{feature.learning.by.inpainting,
	title        = {Context Encoders: Feature Learning by Inpainting},
	author       = {Pathak, Deepak and Kr\"ahenb\"uhl, Philipp and Donahue, Jeff and Darrell, Trevor and Efros, Alexei},
	year         = 2016,
	booktitle    = {CVPR}
}

@inproceedings{gan,
	title        = {Generative Adversarial Nets},
	author       = {Goodfellow, Ian and Pouget-Abadie, Jean and Mirza, Mehdi and Xu, Bing and Warde-Farley, David and Ozair, Sherjil and Courville, Aaron and Bengio, Yoshua},
	year         = 2014,
	journal      = NeurIPS,
	booktitle    = {NeurIPS}
}

@inproceedings{gehring2017convolutional,
	title        = {Convolutional Sequence to Sequence Learning},
	author       = {Gehring, Jonas and Auli, Michael and Grangier, David and Yarats, Denis and Dauphin, Yann N.},
	year         = 2017,
	booktitle    = {ICML}
}

@inproceedings{generative.inpainting,
	title        = {Generative Image Inpainting with Contextual Attention},
	author       = {Yu, Jiahui and Lin, Zhe and Yang, Jimei and Shen, Xiaohui and Lu, Xin and Huang, Thomas S},
	year         = 2018,
	booktitle      = {CVPR}
}

@inproceedings{haque2023instruct,
	title        = {Instruct-NeRF2NeRF: Editing 3D Scenes with Instructions},
	author       = {Haque, Ayaan and Tancik, Matthew and Efros, Alexei A. and Holynski, Aleksander and Kanazawa, Angjoo},
	year         = 2023,
	booktitle    = {ICCV},
}

@inproceedings{henzler2019platonicgan,
	title        = {Escaping {Plato's} Cave: {3D} Shape From Adversarial Rendering},
	author       = {Henzler, Philipp and Mitra, Niloy J. and Ritschel, Tobias},
	year         = 2019,
	booktitle    = {ICCV}
}

@inproceedings{huang20242d,
  title={2d gaussian splatting for geometrically accurate radiance fields},
  author={Huang, Binbin and Yu, Zehao and Chen, Anpei and Geiger, Andreas and Gao, Shenghua},
  booktitle={ACM SIGGRAPH 2024 Conference Papers},
  year={2024}
}

@inproceedings{ibrnet,
	title        = {{IBRNet}: Learning Multi-View Image-Based Rendering},
	author       = {Wang, Qianqian and Wang, Zhicheng and Genova, Kyle and Srinivasan, Pratul and Zhou, Howard  and Barron, Jonathan T. and Martin-Brualla, Ricardo and Snavely, Noah and Funkhouser, Thomas},
	year         = 2021,
	booktitle    = {CVPR}
}

@article{inpaint3d,
	title        = {Inpaint3D: 3D Scene Content Generation using 2D Inpainting Diffusion},
	author       = {Prabhu, Kira and Wu, Jane and Tsai, Lynn and Hedman, Peter and Goldman, Dan B and Poole, Ben and Broxton, Michael},
	year         = 2023,
	journal      = {arXiv preprint arXiv:2312.03869}
}

@article{jam2021comprehensive,
	title        = {A comprehensive review of past and present image inpainting methods},
	author       = {Jam, Jireh and Kendrick, Connah and Walker, Kevin and Drouard, Vincent and Hsu, Jison Gee-Sern and Yap, Moi Hoon},
	year         = 2021,
	journal      = {CVIU},
	publisher    = {Elsevier},
	volume       = 203,
	pages        = 103147
}

@article{kerbl20233d,
  title={3D Gaussian Splatting for Real-Time Radiance Field Rendering.},
  author={Kerbl, Bernhard and Kopanas, Georgios and Leimk{\"u}hler, Thomas and Drettakis, George},
  journal={ACM TOG},
  year={2023}
}

@inproceedings{lama,
	title        = {Resolution-robust Large Mask Inpainting with {Fourier} Convolutions},
	author       = {Suvorov, Roman and Logacheva, Elizaveta and Mashikhin, Anton and Remizova, Anastasia and Ashukha, Arsenii and Silvestrov, Aleksei and Kong, Naejin and Goka, Harshith and Park, Kiwoong and Lempitsky, Victor},
	year         = 2022,
	booktitle    = {WACV},
	pages        = {2149--2159}
}

@article{li2023diffusion,
	title        = {Diffusion Models for Image Restoration and Enhancement--A Comprehensive Survey},
	author       = {Li, Xin and Ren, Yulin and Jin, Xin and Lan, Cuiling and Wang, Xingrui and Zeng, Wenjun and Wang, Xinchao and Chen, Zhibo},
	year         = 2023,
	journal      = {arXiv preprint arXiv:2308.09388}
}

@inproceedings{lin2024frugalnerf,
    title={FrugalNeRF: Fast Convergence for Few-shot Novel View Synthesis without Learned Priors},
    author={Chin-Yang Lin and Chung-Ho Wu and Chang-Han Yeh and 
            Shih-Han Yen and Cheng Sun and Yu-Lun Liu},
    booktitle={CVPR},
    year={2025}
}

@inproceedings{liu2018image,
	title        = {Image inpainting for irregular holes using partial convolutions},
	author       = {Liu, Guilin and Reda, Fitsum A and Shih, Kevin J and Wang, Ting-Chun and Tao, Andrew and Catanzaro, Bryan},
	year         = 2018,
	booktitle    = ECCV
}

@inproceedings{liu2020neural,
  title={Neural sparse voxel fields},
  author={Liu, Lingjie and Gu, Jiatao and Zaw Lin, Kyaw and Chua, Tat-Seng and Theobalt, Christian},
  booktitle={NeurIPS},
  year={2020}
}

@inproceedings{liu2021editing,
	title        = {Editing conditional radiance fields},
	author       = {Liu, Steven and Zhang, Xiuming and Zhang, Zhoutong and Zhang, Richard and Zhu, Jun-Yan and Russell, Bryan},
	year         = 2021,
	booktitle    = {ICCV},
	pages        = {5773--5783}
}

@inproceedings{liu2023robust,
  title={Robust dynamic radiance fields},
  author={Liu, Yu-Lun and Gao, Chen and Meuleman, Andreas and Tseng, Hung-Yu and Saraf, Ayush and Kim, Changil and Chuang, Yung-Yu and Kopf, Johannes and Huang, Jia-Bin},
  booktitle={CVPR},
  year={2023}
}

@article{liu2024infusion,
  title={InFusion: Inpainting 3D Gaussians via Learning Depth Completion from Diffusion Prior},
  author={Liu, Zhiheng and Ouyang, Hao and Wang, Qiuyu and Cheng, Ka Leong and Xiao, Jie and Zhu, Kai and Xue, Nan and Liu, Yu and Shen, Yujun and Cao, Yang},
  journal={arXiv preprint arXiv:2404.11613},
  year={2024}
}

@inproceedings{luiten2023dynamic,
  title={Dynamic 3D Gaussians: Tracking by Persistent Dynamic View Synthesis},
  author={Luiten, Jonathon and Kopanas, Georgios and Leibe, Bastian and Ramanan, Deva},
  booktitle={3DV},
  year={2024}
}

@inproceedings{meuleman2023progressively,
  title={Progressively optimized local radiance fields for robust view synthesis},
  author={Meuleman, Andreas and Liu, Yu-Lun and Gao, Chen and Huang, Jia-Bin and Kim, Changil and Kim, Min H and Kopf, Johannes},
  booktitle={CVPR},
  year={2023}
}

@inproceedings{mildenhall2020nerf,
 title={NeRF: Representing Scenes as Neural Radiance Fields for View Synthesis},
 author={Ben Mildenhall and Pratul P. Srinivasan and Matthew Tancik and Jonathan T. Barron and Ravi Ramamoorthi and Ren Ng},
 year={2020},
 booktitle={ECCV},
}

@inproceedings{mipnerf,
	title        = {{Mip-NeRF}: A Multiscale Representation for Anti-Aliasing Neural Radiance Fields},
	author       = {Jonathan T. Barron and Ben Mildenhall and Matthew Tancik and Peter Hedman and Ricardo Martin-Brualla and Pratul P. Srinivasan},
	year         = 2021,
	booktitle      = {ICCV}
}

@inproceedings{mirzaei2023reference,
	title        = {Reference-guided Controllable Inpainting of Neural Radiance Fields},
	author       = {Ashkan Mirzaei and Tristan Aumentado-Armstrong and Marcus A. Brubaker and Jonathan Kelly and Alex Levinshtein and Konstantinos G. Derpanis and Igor Gilitschenski},
	year         = 2023,
	booktitle    = {ICCV}
}

@article{mirzaei2024reffusionreferenceadapteddiffusion,
  title={Reffusion: Reference adapted diffusion models for 3d scene inpainting},
  author={Mirzaei, Ashkan and De Lutio, Riccardo and Kim, Seung Wook and Acuna, David and Kelly, Jonathan and Fidler, Sanja and Gilitschenski, Igor and Gojcic, Zan},
  journal={arXiv preprint arXiv:2404.10765},
  year={2024}
}

@article{miyake2024negativepromptinversionfastimage,
  title={Negative-prompt inversion: Fast image inversion for editing with text-guided diffusion models},
  author={Miyake, Daiki and Iohara, Akihiro and Saito, Yu and Tanaka, Toshiyuki},
  journal={arXiv preprint arXiv:2305.16807},
  year={2023}
}

@InProceedings{mokady2022null,
  title={Null-text Inversion for Editing Real Images using Guided Diffusion Models},
  author={Mokady, Ron and Hertz, Amir and Aberman, Kfir and Pritch, Yael and Cohen-Or, Daniel},
  booktitle={CVPR},
  year={2023}
}

@inproceedings{nerf.in,
	title        = {{NeRF-In}: Free-Form {NeRF} Inpainting with {RGB-D} Priors},
	author       = {Liu, Hao-Kang and Shen, I-Chao and Chen, Bing-Yu},
	year         = 2022,
	journal      = {arXiv preprint arXiv:2206.04901},
	booktitle    = {arXiv}
}

@inproceedings{philip2018plane,
  title={Plane-based multi-view inpainting for image-based rendering in large scenes},
  author={Philip, Julien and Drettakis, George},
  booktitle={Proceedings of the ACM SIGGRAPH Symposium on Interactive 3D Graphics and Games},
  year={2018}
}

@inproceedings{pixel.nerf,
	title        = {{pixelNeRF}: Neural Radiance Fields from One or Few Images},
	author       = {Alex Yu and Vickie Ye and Matthew Tancik and Angjoo Kanazawa},
	year         = 2021,
	booktitle    = {CVPR}
}

@article{podell2023sdxlimprovinglatentdiffusion,
  title={Sdxl: Improving latent diffusion models for high-resolution image synthesis},
  author={Podell, Dustin and English, Zion and Lacey, Kyle and Blattmann, Andreas and Dockhorn, Tim and M{\"u}ller, Jonas and Penna, Joe and Rombach, Robin},
  journal={arXiv preprint arXiv:2307.01952},
  year={2023}
}

@inproceedings{qin2023langsplat,
  title={LangSplat: 3D Language Gaussian Splatting},
  author={Qin, Minghan and Li, Wanhua and Zhou, Jiawei and Wang, Haoqian and Pfister, Hanspeter},
    booktitle={CVPR},
    year={2024}
}

@inproceedings{qiu-2024-featuresplatting,
  title={Language-Driven Physics-Based Scene Synthesis and Editing via Feature Splatting},
  author={Ri-Zhao Qiu and Ge Yang and Weijia Zeng and Xiaolong Wang},
  booktitle={ECCV},
  year={2024}
}

@inproceedings{rombach2022high,
	title        = {High-resolution image synthesis with latent diffusion models},
	author       = {Rombach, Robin and Blattmann, Andreas and Lorenz, Dominik and Esser, Patrick and Ommer, Bj{\"o}rn},
	year         = 2022,
	booktitle    = {CVPR}
}

@inproceedings{scaffoldgs,
  title={Scaffold-gs: Structured 3d gaussians for view-adaptive rendering},
  author={Lu, Tao and Yu, Mulin and Xu, Linning and Xiangli, Yuanbo and Wang, Limin and Lin, Dahua and Dai, Bo},
  booktitle={CVPR},
  year={2024}
}

@article{shen2023nerfin,
	title        = {NeRF-In: Free-Form NeRF Inpainting with RGB-D Priors},
	author       = {Shen, I-Chao and Liu, Hao-Kang and Chen, Bing-Yu},
	year         = 2024,
	journal      = {Computer Graphics and Applications (CG\&A)}
}

@inproceedings{song2020denoising,
	title        = {Denoising diffusion implicit models},
	author       = {Song, Jiaming and Meng, Chenlin and Ermon, Stefano},
	year         = 2021,
	journal      = {ICLR},
	booktitle    = ICLR
}

@inproceedings{spinnerf,
	title        = {{SPIn-NeRF}: Multiview Segmentation and Perceptual Inpainting with Neural Radiance Fields},
	author       = {Ashkan Mirzaei and Tristan Aumentado-Armstrong and Konstantinos G. Derpanis and Jonathan Kelly and Marcus A. Brubaker and Igor Gilitschenski and Alex Levinshtein},
	year         = 2023,
	booktitle    = {CVPR},
}

@inproceedings{su2024boostmvsnerfs,
  title={BoostMVSNeRFs: Boosting MVS-based NeRFs to Generalizable View Synthesis in Large-scale Scenes},
  author={Su, Chih-Hai and Hu, Chih-Yao and Tsai, Shr-Ruei and Lee, Jie-Ying and Lin, Chin-Yang and Liu, Yu-Lun},
  booktitle={ACM SIGGRAPH 2024 Conference Papers},
  year={2024}
}

@article{tang2023realfill,
	title        = {Realfill: Reference-driven generation for authentic image completion},
	author       = {Tang, Luming and Ruiz, Nataniel and Chu, Qinghao and Li, Yuanzhen and Holynski, Aleksander and Jacobs, David E and Hariharan, Bharath and Pritch, Yael and Wadhwa, Neal and Aberman, Kfir and others},
	year         = 2024,
	journal      = {ACM TOG}
}

@inproceedings{tulsiani2017mvsupervision,
	title        = {Multi-view Supervision for Single-view Reconstruction via Differentiable Ray Consistency},
	author       = {Shubham Tulsiani and Tinghui Zhou and Alexei A. Efros and Jitendra Malik},
	year         = 2017,
	booktitle    = {CVPR}
}

@inproceedings{vaswani2017attentionisallyouneed,
	title        = {Attention is All you Need},
	author       = {Vaswani, Ashish and Shazeer, Noam and Parmar, Niki and Uszkoreit, Jakob and Jones, Llion and Gomez, Aidan N and Kaiser, {\L}ukasz and Polosukhin, Illia},
	year         = 2017,
	booktitle    = {NeurIPS}
}

@inproceedings{wang2023inpaintnerf360,
	title        = {InpaintNeRF360: Text-Guided 3D Inpainting on Unbounded Neural Radiance Fields},
	author       = {Wang, Dongqing and Zhang, Tong and Abboud, Alaa and S{\"u}sstrunk, Sabine},
	year         = 2024,
	booktitle    = {CVPR}
}

@article{wang2023nerf,
	title        = {Nerf-art: Text-driven neural radiance fields stylization},
	author       = {Wang, Can and Jiang, Ruixiang and Chai, Menglei and He, Mingming and Chen, Dongdong and Liao, Jing},
	year         = 2023,
	journal      = {IEEE TVCG}
}

@inproceedings{wang2024gscream,
  title={GScream: Learning 3D Geometry and Feature Consistent Gaussian Splatting for Object Removal},
  author={Wang, Yuxin and Wu, Qianyi and Zhang, Guofeng and Xu, Dan},
  booktitle={ECCV},
  year={2024}
}

@inproceedings{weber2023nerfiller,
  title = {NeRFiller: Completing Scenes via Generative 3D Inpainting},
  author = {Ethan Weber and Aleksander Holynski and Varun Jampani and Saurabh Saxena and
    Noah Snavely and Abhishek Kar and Angjoo Kanazawa},
  booktitle = {CVPR},
  year = {2024},
}

@inproceedings{weder2022removing,
	title        = {Removing Objects From Neural Radiance Fields},
	author       = {Weder, Silvan and Garcia-Hernando, Guillermo and Monszpart, Aron and Pollefeys, Marc and Brostow, Gabriel and Firman, Michael and Vicente, Sara},
	year         = 2023,
	booktitle    = {CVPR}
}

@inproceedings{wu2016learning,
  title={Learning a probabilistic latent space of object shapes via 3d generative-adversarial modeling},
  author={Wu, Jiajun and Zhang, Chengkai and Xue, Tianfan and Freeman, Bill and Tenenbaum, Josh},
  booktitle={NeurIPS},
  year={2016}
}

@inproceedings{yang2021learning,
	title        = {Learning object-compositional neural radiance field for editable scene rendering},
	author       = {Yang, Bangbang and Zhang, Yinda and Xu, Yinghao and Li, Yijin and Zhou, Han and Bao, Hujun and Zhang, Guofeng and Cui, Zhaopeng},
	year         = 2021,
	booktitle    = {ICCV}
}

@inproceedings{yang2024deformable,
  title={Deformable 3d gaussians for high-fidelity monocular dynamic scene reconstruction},
  author={Yang, Ziyi and Gao, Xinyu and Zhou, Wen and Jiao, Shaohui and Zhang, Yuqing and Jin, Xiaogang},
  booktitle={CVPR},
  year={2024}
}

@inproceedings{ye2023gaussian,
  title={Gaussian grouping: Segment and edit anything in 3d scenes},
  author={Ye, Mingqiao and Danelljan, Martin and Yu, Fisher and Ke, Lei},
  booktitle={ECCV},
  year={2024}
}

@article{yin2023or,
	title        = {OR-NeRF: Object Removing from 3D Scenes Guided by Multiview Segmentation with Neural Radiance Fields},
	author       = {Yin, Youtan and Fu, Zhoujie and Yang, Fan and Lin, Guosheng},
	year         = 2023,
	journal      = {arXiv preprint arXiv:2305.10503}
}

@inproceedings{yu2019free,
  title={Free-form image inpainting with gated convolution},
  author={Yu, Jiahui and Lin, Zhe and Yang, Jimei and Shen, Xiaohui and Lu, Xin and Huang, Thomas S},
  booktitle={ICCV},
  year={2019}
}

@inproceedings{yuan2018pcn,
	title        = {Pcn: Point completion network},
	author       = {Yuan, Wentao and Khot, Tejas and Held, David and Mertz, Christoph and Hebert, Martial},
	year         = 2018,
	booktitle    = DDDV
}

@article{zhang2020nerf++,
  title={Nerf++: Analyzing and improving neural radiance fields},
  author={Zhang, Kai and Riegler, Gernot and Snavely, Noah and Koltun, Vladlen},
  journal={arXiv preprint arXiv:2010.07492},
  year={2020}
}

@inproceedings{zhao2022geofill,
	title        = {GeoFill: Reference-Based Image Inpainting of Scenes with Complex Geometry},
	author       = {Zhao, Yunhan and Barnes, Connelly and Zhou, Yuqian and Shechtman, Eli and Amirghodsi, Sohrab and Fowlkes, Charless},
	year         = 2022,
	booktitle    = {arXiv}
}

