@inproceedings{Lim22icra-Quatro,
        title={A single correspondence is enough: {R}obust global registration to avoid degeneracy in urban environments},
        author={Lim, Hyungtae and Yeon, Suyong and Ryu, Soohyun and Lee, Yonghan and Kim, Youngji and Yun, Jaeseong and Jung, Euigon and Lee, Donghwan and Myung, Hyun},
        booktitle= icra,
        pages={8010--8017},
        year={2022}
}

@article{Lim24ijrr-Quatropp,
  title={{Quatro++: R}obust global registration exploiting ground segmentation for loop closing in {LiDAR SLAM}},
  author={Lim, Hyungtae and Kim, Beomsoo and Kim, Daebeom and Mason Lee, Eungchang and Myung, Hyun},
  journal=ijrr,
  pages={685--715},
  year={2024},
  doi={10.1177/02783649231207654}
}

@inproceedings{bay2006surf,
  title={{SURF: Speeded up robust features}},
  author={Bay, Herbert and Tuytelaars, Tinne and Van Gool, Luc},
  booktitle=eccv,
  pages={404--417},
  year={2006}
}

@article{beltagy2020longformer,
  title={Longformer: The long-document transformer},
  author={Beltagy, Iz and Peters, Matthew E and Cohan, Arman},
  journal={arXiv preprint arXiv:2004.05150},
  year={2020}
}

@inproceedings{cavalli2020handcrafted,
  title={Handcrafted outlier detection revisited},
  author={Cavalli, Luca and Larsson, Viktor and Oswald, Martin Ralf and Sattler, Torsten and Pollefeys, Marc},
  booktitle=eccv,
  pages={770--787},
  year={2020}
}

@inproceedings{chen2021learning,
  title={Learning to match features with seeded graph matching network},
  author={Chen, Hongkai and Luo, Zixin and Zhang, Jiahui and Zhou, Lei and Bai, Xuyang and Hu, Zeyu and Tai, Chiew-Lan and Quan, Long},
  booktitle=iccv,
  pages={6301--6310},
  year={2021}
}

@inproceedings{chen2022aspanformer,
  title={{ASpanFormer: Detector-free image matching with adaptive span transformer}},
  author={Chen, Hongkai and Luo, Zixin and Zhou, Lei and Tian, Yurun and Zhen, Mingmin and Fang, Tian and Mckinnon, David and Tsin, Yanghai and Quan, Long},
  booktitle=eccv,
  pages={20--36},
  year={2022}
}

@inproceedings{detone2018superpoint,
  title={{SuperPoint: Self-supervised interest point detection and description}},
  author={DeTone, Daniel and Malisiewicz, Tomasz and Rabinovich, Andrew},
  booktitle={Proc. IEEE/CVF Conf. Comput. Vis. Pattern Recognit. Workshops},
  pages={224--236},
  year={2018}
}

@article{dosovitskiy2020image,
  title={{An image is worth 16x16 words: Transformers for image recognition at scale}},
  author={Dosovitskiy, Alexey and Beyer, Lucas and Kolesnikov, Alexander and Weissenborn, Dirk and Zhai, Xiaohua and Unterthiner, Thomas and Dehghani, Mostafa and Minderer, Matthias and Heigold, Georg and Gelly, Sylvain and others},
  journal={arXiv preprint arXiv:2010.11929},
  year={2020}
}

@inproceedings{dusmanu2019d2,
  title={{D2-Net: A trainable CNN for joint description and detection of local features}},
  author={Dusmanu, Mihai and Rocco, Ignacio and Pajdla, Tomas and Pollefeys, Marc and Sivic, Josef and Torii, Akihiko and Sattler, Torsten},
  booktitle=cvpr,
  pages={8092--8101},
  year={2019}
}

@inproceedings{edstedt2024roma,
  title={{RoMa: Robust dense feature matching}},
  author={Edstedt, Johan and Sun, Qiyu and B{\"o}kman, Georg and Wadenb{\"a}ck, M{\aa}rten and Felsberg, Michael},
  booktitle=cvpr,
  pages={19790--19800},
  year={2024}
}

@article{fischler1981random,
  title={Random sample consensus: a paradigm for model fitting with applications to image analysis and automated cartography},
  author={Fischler, Martin A and Bolles, Robert C},
  journal={Communications of the ACM},
  volume={24},
  number={6},
  pages={381--395},
  year={1981},
  publisher={ACM New York, NY, USA}
}

@article{gu2023mamba,
  title={{Mamba: Linear-time sequence modeling with selective state spaces}},
  author={Gu, Albert and Dao, Tri},
  journal={arXiv preprint arXiv:2312.00752},
  year={2023}
}

@article{hatamizadeh2024mambavision,
  title={{MambaVision: A hybrid mamba-transformer vision backbone}},
  author={Hatamizadeh, Ali and Kautz, Jan},
  journal={arXiv preprint arXiv:2407.08083},
  year={2024}
}

@inproceedings{keles2023computational,
  title={On the computational complexity of self-attention},
  author={Keles, Feyza Duman and Wijewardena, Pruthuvi Mahesakya and Hegde, Chinmay},
  booktitle={Proc. International Conference on Algorithmic Learning Theory},
  pages={597--619},
  year={2023}
}

@article{lieber2024jamba,
  title={{Jamba: A hybrid transformer-mamba language model}},
  author={Lieber, Opher and Lenz, Barak and Bata, Hofit and Cohen, Gal and Osin, Jhonathan and Dalmedigos, Itay and Safahi, Erez and Meirom, Shaked and Belinkov, Yonatan and Shalev-Shwartz, Shai and others},
  journal={arXiv preprint arXiv:2403.19887},
  year={2024}
}

@inproceedings{lindenberger2023lightglue,
  title={{LightGlue: Local feature matching at light speed}},
  author={Lindenberger, Philipp and Sarlin, Paul-Edouard and Pollefeys, Marc},
  booktitle=iccv,
  pages={17627--17638},
  year={2023}
}

@article{lowe2004distinctive,
  title={Distinctive image features from scale-invariant keypoints},
  author={Lowe, David G},
  journal=ijcv,
  volume={60},
  pages={91--110},
  year={2004},
  publisher={Springer}
}

@inproceedings{muja2009fast,
    author = {Muja, Marius and Lowe, David G},
    title = {Fast approximate nearest neighbors with automatic algorithm configuration.},
    booktitle = {Proc. Int. Conf. Comput. Vis. Theory Appl.},
    pages={331-340},
    year = {2009}
}

@inproceedings{pautrat2023gluestick,
  title={Gluestick: Robust image matching by sticking points and lines together},
  author={Pautrat, R{\'e}mi and Su{\'a}rez, Iago and Yu, Yifan and Pollefeys, Marc and Larsson, Viktor},
  booktitle=iccv,
  pages={9706--9716},
  year={2023}
}

@article{peyre2019computational,
  title={Computational optimal transport},
  author={Peyr{\'e}, Gabriel and Cuturi, Marco},
  journal={Foundations and TrendsÂ® in Machine Learning},
  volume={11},
  number={5-6},
  pages={355--607},
  year={2019},
  publisher={Now Publishers Inc.}
}

@inproceedings{philbin2007object,
  title={Object retrieval with large vocabularies and fast spatial matching},
  author={Philbin, James and Chum, Ondrej and Isard, Michael and Sivic, Josef and Zisserman, Andrew},
  booktitle=cvpr,
  pages={1--8},
  year={2007}
}

@article{revaud2019r2d2,
  title={{R2D2: Reliable and repeatable detector and descriptor}},
  author={Revaud, Jerome and De Souza, Cesar and Humenberger, Martin and Weinzaepfel, Philippe},
  journal=nips,
  volume={32},
  year={2019}
}

@inproceedings{rublee2011orb,
  title={{ORB: An efficient alternative to SIFT or SURF}},
  author={Rublee, Ethan and Rabaud, Vincent and Konolige, Kurt and Bradski, Gary},
  booktitle=iccv,
  pages={2564--2571},
  year={2011}
}

@inproceedings{sarlin2020superglue,
  title={{SuperGlue: Learning feature matching with graph neural networks}},
  author={Sarlin, Paul-Edouard and DeTone, Daniel and Malisiewicz, Tomasz and Rabinovich, Andrew},
  booktitle=cvpr,
  pages={4938--4947},
  year={2020}
}

@inproceedings{shi2022clustergnn,
  title={{ClusterGNN: Cluster-based coarse-to-fine graph neural network for efficient feature matching}},
  author={Shi, Yan and Cai, Jun-Xiong and Shavit, Yoli and Mu, Tai-Jiang and Feng, Wensen and Zhang, Kai},
  booktitle=cvpr,
  pages={12517--12526},
  year={2022}
}

@article{shi2024multi,
  title={{Multi-scale VMamba: Hierarchy in hierarchy visual state space model}},
  author={Shi, Yuheng and Dong, Minjing and Xu, Chang},
  journal={arXiv preprint arXiv:2405.14174},
  year={2024}
}

@inproceedings{sivic2003video,
  title={{Video Google: A text retrieval approach to object matching in videos}},
  author={Sivic and Zisserman},
  booktitle=iccv,
  pages={1470--1477},
  year={2003}
}

@inproceedings{sun2021loftr,
  title={{LoFTR: Detector-free local feature matching with transformers}},
  author={Sun, Jiaming and Shen, Zehong and Wang, Yuang and Bao, Hujun and Zhou, Xiaowei},
  booktitle=cvpr,
  pages={8922--8931},
  year={2021}
}

@inproceedings{wang2022matchformer,
  title={Matchformer: Interleaving attention in transformers for feature matching},
  author={Wang, Qing and Zhang, Jiaming and Yang, Kailun and Peng, Kunyu and Stiefelhagen, Rainer},
  booktitle=accv,
  pages={2746--2762},
  year={2022}
}

@inproceedings{wang2024efficient,
  title={{Efficient LoFTR: Semi-dense local feature matching with sparse-like speed}},
  author={Wang, Yifan and He, Xingyi and Peng, Sida and Tan, Dongli and Zhou, Xiaowei},
  booktitle=cvpr,
  pages={21666--21675},
  year={2024}
}

@article{yang2024vivim,
  title={Vivim: a video vision mamba for medical video object segmentation},
  author={Yang, Yijun and Xing, Zhaohu and Zhu, Lei},
  journal={arXiv preprint arXiv:2401.14168},
  year={2024}
}

@inproceedings{yi2016lift,
  title={{LIFT: Learned invariant feature transform}},
  author={Yi, Kwang Moo and Trulls, Eduard and Lepetit, Vincent and Fua, Pascal},
  booktitle=eccv,
  pages={467--483},
  year={2016}
}

@inproceedings{yi2018learning,
  title={Learning to find good correspondences},
  author={Yi, Kwang Moo and Trulls, Eduard and Ono, Yuki and Lepetit, Vincent and Salzmann, Mathieu and Fua, Pascal},
  booktitle=cvpr,
  pages={2666--2674},
  year={2018}
}

@inproceedings{zhang2019learning,
  title={Learning two-view correspondences and geometry using order-aware network},
  author={Zhang, Jiahui and Sun, Dawei and Luo, Zixin and Yao, Anbang and Zhou, Lei and Shen, Tianwei and Chen, Yurong and Quan, Long and Liao, Hongen},
  booktitle=iccv,
  pages={5845--5854},
  year={2019}
}

@article{zhu2024vision,
  title={{Vision Mamba: Efficient visual representation learning with bidirectional state space model}},
  author={Zhu, Lianghui and Liao, Bencheng and Zhang, Qian and Wang, Xinlong and Liu, Wenyu and Wang, Xinggang},
  journal={arXiv preprint arXiv:2401.09417},
  year={2024}
}

