%%%%%%%%%%%%%%%%%% NOTE %%%%%%%%%%%%%%%%%%
% 27th, Jan., 2023. Written by Hyungtae Lim
% Version 1.0
% Abbreviation of renowned conferences and journals
% 
% NOTE
% 1. Note that the arabic number can not be used to set a name of new command
% Thus, 3DV -> threedv, 3D -> ThreeD
% 2. Naming Convention of conf/journal names
% a) renowned conf/journal -> follow the its own abbrev
% b) minor conf -> 'IEEE' is omitted, so 
%     - IEEE International Conference $(CONF_NAME) -> IntConf$(CONF_NAME by abbrev)
%          - It seems to be redundant, but there are some conf. without 'international`...
%     - Journal of $(JOURNAL NAME) -> J$(JOURNAL NAME by abbrev)
%%%%%%%%%%%%%%%%%%%%%%%%%%%%%%%%%%%%%%%%%%

%%%%%%%%%%%%%%
% Robotics
%%%%%%%%%%%%%%

%% Journals
@STRING{ral  = {IEEE Robot. Automat. Lett.} }
@STRING{tro  = {IEEE Trans. Robot.} }
@STRING{tits = {IEEE Trans. Intell. Transport. Syst.} }
@STRING{ras  = {Robot. Auton. Syst.} }
@STRING{ar   = {Auton. Robot.} }
@STRING{jfr  = {J. Field Robot.} }
@STRING{ijrr = {Int. J. Robot. Res.} }
@STRING{isr  = {Intell. Serv. Robot.} }
@STRING{RemoteSens = {Remote Sens.} }
@STRING{JIntelligentAndRoboticSystem = {J. Intell. Robot. Syst.} }
@STRING{FieldAndServiceRobot = {Field and Serv. Robot.} }
@STRING{IntelligentTransportationSystemMagazine = {IEEE Intell. Transp. Syst. Mag.} }

%% Proceedings, i.e. conf
@STRING{rss    = {Robot. Sci. Syst.} } % NOTE: DO NOT ADD "Proc." because RSS is not proceedings even though RSS is a conference. 
@STRING{iros   = {Proc. IEEE/RSJ Int. Conf. Intell. Robot. Syst.} }
@STRING{icra   = {Proc. IEEE Int. Conf. Robot. Automat.} }
@STRING{iccas  = {Proc. Int. Conf. Control, Automat. Syst.} }
@STRING{ur     = {Proc. Int. Conf. Ubiquti. Robot.} }
@STRING{rita   = {Proc. Int. Conf. Robot Intell. Tech. Appl.} }
@STRING{ecmr   = {Proc. IEEE Eur. Conf. Mob. Robots} }
@STRING{IntelligentVehiclesSymposium = {Proc. IEEE Intell. Veh. Symp.} }
@STRING{IntConfIntelligentTransportationSystems = {Proc. IEEE Int. Conf. Intell. Transport. Syst.} }
@STRING{IntConfAutomatSciEng = {Proc. IEEE Int. Conf. Automat. Sci. Eng.} }
@STRING{IntConfRobotBiomim = {Proc. IEEE Int. Conf. Robot. Biomim.} }
@STRING{IntConfAutonSystCompet = {Proc. IEEE Int. Conf. Auton. Robot Syst. Compet.} }

%%%%%%%%%%%%%%%%%%
% Computer vision
%%%%%%%%%%%%%%%%%%

@STRING{tip   = {IEEE Trans. Image Process.} }
@STRING{ijcv  = {Int. J. Comput. Vis.} }
@STRING{tpami = {IEEE Trans. Pattern Anal. Mach. Intell.} }
@STRING{icip  = {Proc. Int. Conf. Image Process.} }
@STRING{crv   = {Proc. Conf. Comput. Robot Vis.} }
@STRING{cvpr  = {Proc. IEEE/CVF Conf. Comput. Vis. Pattern Recognit.} }
@STRING{eccv  = {Proc. Eur. Conf. Comput. Vis.} }
@STRING{accv  ={Proc. Asian Conf. Pattern Recognit.} }
@STRING{iccv  = {Proc. IEEE Int. Conf. Comput. Vis.} }
@STRING{nips  = {Adv. Neural Inf. Process. Syst.} }% NOTE: DO NOT ADD "Proc." because NIPS is not proceedings even though NIPS is a conference.
@STRING{threedv= {Proc. IEEE Int. Conf. 3D Vis.} }% 3DV -> threedv
@STRING{PatternRecognition = {Pattern Recognit.} }


@STRING{AnnuComputCommunWorkshopConf = {Proc. IEEE Annu. Comput. Commun. Workshop Conf.} }
@STRING{IntSympSaf = {Proc. IEEE Int. Symp. Saf. Secur. Rescue Robot.} }
@STRING{ComputSocConfCVPR = {Proc. IEEE Comput. Soc. Conf. Comput. Vis. Pattern Recognit.} }
@STRING{PMLRConfRobotLearning = {Proc. PMLR Conf. Robot Learning} }

%%%%%%%%%%%%%%%%%%
% Deep learning
%%%%%%%%%%%%%%%%%%
% ToDo: there are two AAAI conferences...
@STRING{aaai    = {Proc. Conf. Adv. Artif. Intell.} }
@STRING{aaaiold = {Proc. National Conf. Artif. Intell.} }
@STRING{corl    = {Conf. Robot Learning} }

%%%%%%%%%%%%%%%%%%%%%%%%%%%%%
% Other conferences/journals
%%%%%%%%%%%%%%%%%%%%%%%%%%%%%

% Start from IntConf
@STRING{IntConfOnMultisensorFusionAndIntegrationForIntelligentSystems = {Proc. IEEE Int. Conf. Multisens. Fusion Integr. Intell. Syst.} }
@STRING{IntConfSystemManCybernetics = {Proc. IEEE Int. Conf. Syst. Man, Cybernetics} }
@STRING{IntConfAdvancesinComputTechInfoScienceCommun = {Proc. IEEE Int. Conf. Adv. Comput. Tech. Info. Science Commun.} }
@STRING{IntConfThreeDDigitalImagingAndModeling = {Proc. IEEE Int. Conf. 3D Digital Imaging and Modeling} }% 3D -> ThreeD
@STRING{IntConfComputInfoTech = {Proc. IEEE Int. Conf. Comput. Info. Tech.} }

% Start from Commun
@STRING{CommunStatThreoryMethods = {Commun. Stat. - Theory Methods} }
@STRING{CommunACM = {Commun. ACM} } % the journal that published RANSAC
@STRING{CommunPureApplMath = {Commun. Pure Appl. Math.} }

% Start from J
@STRING{JInformationProcessSyst = {J. Inf. Process. Syst.} }
@STRING{JRoyalStatSocBStatMethodol = {J. Royal Stat. Soc., B: Stat. Methodol.} }
@STRING{InformationFusion = {Inf. Fusion} }

% The others
@STRING{ChemometricsAndIntelligentLaboratorySystems = {Chemom. Intell. Lab. Syst.} }
@STRING{ISPRSJPhotogramm = {ISPRS J. Photogramm. Remote Sens.} }
@STRING{GeoscienceAndRemoteSensing = {IEEE Geosci. Remote Sens. Lett.} }
@STRING{RemoteSens= {Remote Sens.} }
@STRING{SensorFusionControlParadigmsAndDataStruct = {Sens. Fusion IV: Control Paradigms and Data Struct.} }
@STRING{ComputGraphForum = {Comput. Graph. Forum} }
@STRING{HumanCentricComputInf = {Human-Centric Comput. Inf.} }
%%%%%%%%%%%%%%%%%%%%%%%%%%%%

@inproceedings{sarlin2019coarse,
  title={From coarse to fine: Robust hierarchical localization at large scale},
  author={Sarlin, Paul-Edouard and Cadena, Cesar and Siegwart, Roland and Dymczyk, Marcin},
  booktitle=cvpr,
  pages={12716--12725},
  year={2019}
}

@inproceedings{sarlin2021back,
  title={Back to the feature: Learning robust camera localization from pixels to pose},
  author={Sarlin, Paul-Edouard and Unagar, Ajaykumar and Larsson, Mans and Germain, Hugo and Toft, Carl and Larsson, Viktor and Pollefeys, Marc and Lepetit, Vincent and Hammarstrand, Lars and Kahl, Fredrik and others},
  booktitle=cvpr,
  pages={3247--3257},
  year={2021}
}


@inproceedings{lindenberger2023lightglue,
  title={{LightGlue: Local feature matching at light speed}},
  author={Lindenberger, Philipp and Sarlin, Paul-Edouard and Pollefeys, Marc},
  booktitle=iccv,
  pages={17627--17638},
  year={2023}
}

@inproceedings{sarlin2020superglue,
  title={{SuperGlue: Learning feature matching with graph neural networks}},
  author={Sarlin, Paul-Edouard and DeTone, Daniel and Malisiewicz, Tomasz and Rabinovich, Andrew},
  booktitle=cvpr,
  pages={4938--4947},
  year={2020}
}

@inproceedings{detone2018superpoint,
  title={{SuperPoint: Self-supervised interest point detection and description}},
  author={DeTone, Daniel and Malisiewicz, Tomasz and Rabinovich, Andrew},
  booktitle={Proc. IEEE/CVF Conf. Comput. Vis. Pattern Recognit. Workshops},
  pages={224--236},
  year={2018}
}

@inproceedings{balntas2017hpatches,
  title={{HPatches: A benchmark and evaluation of handcrafted and learned local descriptors}},
  author={Balntas, Vassileios and Lenc, Karel and Vedaldi, Andrea and Mikolajczyk, Krystian},
  booktitle=cvpr,
  pages={5173--5182},
  year={2017}
}

@inproceedings{sattler2018benchmarking,
  title={{Benchmarking 6DOF outdoor visual localization in changing conditions}},
  author={Sattler, Torsten and Maddern, Will and Toft, Carl and Torii, Akihiko and Hammarstrand, Lars and Stenborg, Erik and Safari, Daniel and Okutomi, Masatoshi and Pollefeys, Marc and Sivic, Josef and others},
  booktitle=cvpr,
  pages={8601--8610},
  year={2018}
}

@inproceedings{sun2021loftr,
  title={{LoFTR: Detector-free local feature matching with transformers}},
  author={Sun, Jiaming and Shen, Zehong and Wang, Yuang and Bao, Hujun and Zhou, Xiaowei},
  booktitle=cvpr,
  pages={8922--8931},
  year={2021}
}

@inproceedings{wang2024efficient,
  title={{Efficient LoFTR: Semi-dense local feature matching with sparse-like speed}},
  author={Wang, Yifan and He, Xingyi and Peng, Sida and Tan, Dongli and Zhou, Xiaowei},
  booktitle=cvpr,
  pages={21666--21675},
  year={2024}
}

@inproceedings{chen2022aspanformer,
  title={{ASpanFormer: Detector-free image matching with adaptive span transformer}},
  author={Chen, Hongkai and Luo, Zixin and Zhou, Lei and Tian, Yurun and Zhen, Mingmin and Fang, Tian and Mckinnon, David and Tsin, Yanghai and Quan, Long},
  booktitle=eccv,
  pages={20--36},
  year={2022}
}

@inproceedings{wang2022matchformer,
  title={Matchformer: Interleaving attention in transformers for feature matching},
  author={Wang, Qing and Zhang, Jiaming and Yang, Kailun and Peng, Kunyu and Stiefelhagen, Rainer},
  booktitle=accv,
  pages={2746--2762},
  year={2022}
}

@article{gu2023mamba,
  title={{Mamba: Linear-time sequence modeling with selective state spaces}},
  author={Gu, Albert and Dao, Tri},
  journal={arXiv preprint arXiv:2312.00752},
  year={2023}
}

% 6 ~ 10

@article{hatamizadeh2024mambavision,
  title={{MambaVision: A hybrid mamba-transformer vision backbone}},
  author={Hatamizadeh, Ali and Kautz, Jan},
  journal={arXiv preprint arXiv:2407.08083},
  year={2024}
}

@article{qin2018vins,
  title={{VINS-Mono: A robust and versatile monocular visual-inertial state estimator}},
  author={Qin, Tong and Li, Peiliang and Shen, Shaojie},
  journal=tro,
  volume={34},
  number={4},
  pages={1004--1020},
  year={2018},
  publisher={IEEE}
}

@article{mur2015orb,
  title={{ORB-SLAM: A versatile and accurate monocular SLAM system}},
  author={Mur-Artal, Raul and Montiel, Jose Maria Martinez and Tardos, Juan D},
  journal=tro,
  volume={31},
  number={5},
  pages={1147--1163},
  year={2015},
  publisher={IEEE}
}

@article{lim2022uv,
  title={{UV-SLAM: Unconstrained line-based SLAM using vanishing points for structural mapping}},
  author={Lim, Hyunjun and Jeon, Jinwoo and Myung, Hyun},
  journal=ral,
  volume={7},
  number={2},
  pages={1518--1525},
  year={2022},
  publisher={IEEE}
}

@article{agarwal2011building,
  title={Building rome in a day},
  author={Agarwal, Sameer and Furukawa, Yasutaka and Snavely, Noah and Simon, Ian and Curless, Brian and Seitz, Steven M and Szeliski, Richard},
  journal={Communications of the ACM},
  volume={54},
  number={10},
  pages={105--112},
  year={2011},
  publisher={ACM New York, NY, USA}
}

@inproceedings{schonberger2016structure,
  title={{Structure-from-Motion revisited}},
  author={Schonberger, Johannes L and Frahm, Jan-Michael},
  booktitle=cvpr,
  pages={4104--4113},
  year={2016}
}


@article{vaswani2017attention,
  title={Attention is all you need},
  author={Vaswani, Ashish and Shazeer, Noam and Parmar, Niki and Uszkoreit, Jakob and Jones, Llion and Gomez, Aidan N and Kaiser, {\L}ukasz and Polosukhin, Illia},
  journal=nips,
  volume={30},
  year={2017}
}

@inproceedings{sarlin2022lamar,
  title={{LaMAR: Benchmarking localization and mapping for augmented reality}},
  author={Sarlin, Paul-Edouard and Dusmanu, Mihai and Sch{\"o}nberger, Johannes L and Speciale, Pablo and Gruber, Lukas and Larsson, Viktor and Miksik, Ondrej and Pollefeys, Marc},
  booktitle=eccv,
  pages={686--704},
  year={2022}
}

@article{zhang2021feature,
  title={Feature matching for multi-epoch historical aerial images},
  author={Zhang, Lulin and Rupnik, Ewelina and Pierrot-Deseilligny, Marc},
  journal={ISPRS Journal of Photogrammetry and Remote Sensing},
  volume={182},
  pages={176--189},
  year={2021},
  publisher={Elsevier}
}

@inproceedings{sun2022onepose,
  title={{Onepose: One-shot object pose estimation without cad models}},
  author={Sun, Jiaming and Wang, Zihao and Zhang, Siyu and He, Xingyi and Zhao, Hongcheng and Zhang, Guofeng and Zhou, Xiaowei},
  booktitle=cvpr,
  pages={6825--6834},
  year={2022}
}

@inproceedings{chen2021learning,
  title={Learning to match features with seeded graph matching network},
  author={Chen, Hongkai and Luo, Zixin and Zhang, Jiahui and Zhou, Lei and Bai, Xuyang and Hu, Zeyu and Tai, Chiew-Lan and Quan, Long},
  booktitle=iccv,
  pages={6301--6310},
  year={2021}
}

@inproceedings{shi2022clustergnn,
  title={{ClusterGNN: Cluster-based coarse-to-fine graph neural network for efficient feature matching}},
  author={Shi, Yan and Cai, Jun-Xiong and Shavit, Yoli and Mu, Tai-Jiang and Feng, Wensen and Zhang, Kai},
  booktitle=cvpr,
  pages={12517--12526},
  year={2022}
}

@inproceedings{kenton2019bert,
  title={{BERT: Pre-training of deep bidirectional transformers for language understanding}},
  author={Kenton, Jacob Devlin Ming-Wei Chang and Toutanova, Lee Kristina},
  booktitle={Proceedings of naacL-HLT},
  volume={1},
  pages={2},
  year={2019}
}

@article{thoppilan2022lamda,
  title={{LaMDA: Language models for dialog applications}},
  author={Thoppilan, Romal and De Freitas, Daniel and Hall, Jamie and Shazeer, Noam and Kulshreshtha, Apoorv and Cheng, Heng-Tze and Jin, Alicia and Bos, Taylor and Baker, Leslie and Du, Yu and others},
  journal={arXiv preprint arXiv:2201.08239},
  year={2022}
}

@article{radford2018improving,
  title={Improving language understanding by generative pre-training},
  author={Radford, Alec and Narasimhan, Karthik and Salimans, Tim and Sutskever, Ilya and others},
  journal={OpenAI blog},
  year={2018},
  publisher={San Francisco, CA, USA}
}

@inproceedings{caron2021emerging,
  title={Emerging properties in self-supervised vision transformers},
  author={Caron, Mathilde and Touvron, Hugo and Misra, Ishan and J{\'e}gou, Herv{\'e} and Mairal, Julien and Bojanowski, Piotr and Joulin, Armand},
  booktitle=iccv,
  pages={9650--9660},
  year={2021}
}

@article{dosovitskiy2020image,
  title={{An image is worth 16x16 words: Transformers for image recognition at scale}},
  author={Dosovitskiy, Alexey and Beyer, Lucas and Kolesnikov, Alexander and Weissenborn, Dirk and Zhai, Xiaohua and Unterthiner, Thomas and Dehghani, Mostafa and Minderer, Matthias and Heigold, Georg and Gelly, Sylvain and others},
  journal={arXiv preprint arXiv:2010.11929},
  year={2020}
}

@article{jaegle2021perceiver,
  title={{Perceiver IO: A general architecture for structured inputs \& outputs}},
  author={Jaegle, Andrew and Borgeaud, Sebastian and Alayrac, Jean-Baptiste and Doersch, Carl and Ionescu, Catalin and Ding, David and Koppula, Skanda and Zoran, Daniel and Brock, Andrew and Shelhamer, Evan and others},
  journal={arXiv preprint arXiv:2107.14795},
  year={2021}
}

@article{zhu2024vision,
  title={{Vision Mamba: Efficient visual representation learning with bidirectional state space model}},
  author={Zhu, Lianghui and Liao, Bencheng and Zhang, Qian and Wang, Xinlong and Liu, Wenyu and Wang, Xinggang},
  journal={arXiv preprint arXiv:2401.09417},
  year={2024}
}

@article{shi2024multi,
  title={{Multi-scale VMamba: Hierarchy in hierarchy visual state space model}},
  author={Shi, Yuheng and Dong, Minjing and Xu, Chang},
  journal={arXiv preprint arXiv:2405.14174},
  year={2024}
}

@article{lieber2024jamba,
  title={{Jamba: A hybrid transformer-mamba language model}},
  author={Lieber, Opher and Lenz, Barak and Bata, Hofit and Cohen, Gal and Osin, Jhonathan and Dalmedigos, Itay and Safahi, Erez and Meirom, Shaked and Belinkov, Yonatan and Shalev-Shwartz, Shai and others},
  journal={arXiv preprint arXiv:2403.19887},
  year={2024}
}

@article{yang2024vivim,
  title={Vivim: a video vision mamba for medical video object segmentation},
  author={Yang, Yijun and Xing, Zhaohu and Zhu, Lei},
  journal={arXiv preprint arXiv:2401.14168},
  year={2024}
}


@inproceedings{bay2006surf,
  title={{SURF: Speeded up robust features}},
  author={Bay, Herbert and Tuytelaars, Tinne and Van Gool, Luc},
  booktitle=eccv,
  pages={404--417},
  year={2006}
}

@inproceedings{rublee2011orb,
  title={{ORB: An efficient alternative to SIFT or SURF}},
  author={Rublee, Ethan and Rabaud, Vincent and Konolige, Kurt and Bradski, Gary},
  booktitle=iccv,
  pages={2564--2571},
  year={2011}
}

@inproceedings{dusmanu2019d2,
  title={{D2-Net: A trainable CNN for joint description and detection of local features}},
  author={Dusmanu, Mihai and Rocco, Ignacio and Pajdla, Tomas and Pollefeys, Marc and Sivic, Josef and Torii, Akihiko and Sattler, Torsten},
  booktitle=cvpr,
  pages={8092--8101},
  year={2019}
}

@article{revaud2019r2d2,
  title={{R2D2: Reliable and repeatable detector and descriptor}},
  author={Revaud, Jerome and De Souza, Cesar and Humenberger, Martin and Weinzaepfel, Philippe},
  journal=nips,
  volume={32},
  year={2019}
}

@inproceedings{yi2016lift,
  title={{LIFT: Learned invariant feature transform}},
  author={Yi, Kwang Moo and Trulls, Eduard and Lepetit, Vincent and Fua, Pascal},
  booktitle=eccv,
  pages={467--483},
  year={2016}
}

@article{mishchuk2017working,
  title={Working hard to know your neighbor's margins: Local descriptor learning loss},
  author={Mishchuk, Anastasiia and Mishkin, Dmytro and Radenovic, Filip and Matas, Jiri},
  journal=nips,
  volume={30},
  year={2017}
}

@inproceedings{tian2019sosnet,
  title={{SOSNet: Second order similarity regularization for local descriptor learning}},
  author={Tian, Yurun and Yu, Xin and Fan, Bin and Wu, Fuchao and Heijnen, Huub and Balntas, Vassileios},
  booktitle=cvpr,
  pages={11016--11025},
  year={2019}
}

@article{lowe2004distinctive,
  title={Distinctive image features from scale-invariant keypoints},
  author={Lowe, David G},
  journal=ijcv,
  volume={60},
  pages={91--110},
  year={2004},
  publisher={Springer}
}

@inproceedings{yi2018learning,
  title={Learning to find good correspondences},
  author={Yi, Kwang Moo and Trulls, Eduard and Ono, Yuki and Lepetit, Vincent and Salzmann, Mathieu and Fua, Pascal},
  booktitle=cvpr,
  pages={2666--2674},
  year={2018}
}

@inproceedings{zhang2019learning,
  title={Learning two-view correspondences and geometry using order-aware network},
  author={Zhang, Jiahui and Sun, Dawei and Luo, Zixin and Yao, Anbang and Zhou, Lei and Shen, Tianwei and Chen, Yurong and Quan, Long and Liao, Hongen},
  booktitle=iccv,
  pages={5845--5854},
  year={2019}
}

@inproceedings{cavalli2020handcrafted,
  title={Handcrafted outlier detection revisited},
  author={Cavalli, Luca and Larsson, Viktor and Oswald, Martin Ralf and Sattler, Torsten and Pollefeys, Marc},
  booktitle=eccv,
  pages={770--787},
  year={2020}
}

@article{fischler1981random,
  title={Random sample consensus: a paradigm for model fitting with applications to image analysis and automated cartography},
  author={Fischler, Martin A and Bolles, Robert C},
  journal={Communications of the ACM},
  volume={24},
  number={6},
  pages={381--395},
  year={1981},
  publisher={ACM New York, NY, USA}
}

@article{peyre2019computational,
  title={Computational optimal transport},
  author={Peyr{\'e}, Gabriel and Cuturi, Marco},
  journal={Foundations and Trends® in Machine Learning},
  volume={11},
  number={5-6},
  pages={355--607},
  year={2019},
  publisher={Now Publishers Inc.}
}

@book{hartley2003multiple,
  title={Multiple View Geometry in Computer Vision},
  author={Hartley, Richard and Zisserman, Andrew},
  year={2003},
  publisher={Cambridge University Press}
}

@article{jin2021image,
  title={{Image matching across wide baselines: From paper to practice}},
  author={Jin, Yuhe and Mishkin, Dmytro and Mishchuk, Anastasiia and Matas, Jiri and Fua, Pascal and Yi, Kwang Moo and Trulls, Eduard},
  journal=ijcv,
  volume={129},
  number={2},
  pages={517--547},
  year={2021},
  publisher={Springer}
}

@misc{PoseLib,
  title = {PoseLib - Minimal Solvers for Camera Pose Estimation},
  author = {Viktor Larsson and contributors},
  URL = {https://github.com/vlarsson/PoseLib},
  year = {Accessed: Aug. 1, 2024.}
}

@inproceedings{arandjelovic2016netvlad,
  title={{NetVLAD: CNN architecture for weakly supervised place recognition}},
  author={Arandjelovic, Relja and Gronat, Petr and Torii, Akihiko and Pajdla, Tomas and Sivic, Josef},
  booktitle=cvpr,
  pages={5297--5307},
  year={2016}
}

@article{su2024roformer,
  title={{RoFormer: Enhanced transformer with rotary position embedding}},
  author={Su, Jianlin and Ahmed, Murtadha and Lu, Yu and Pan, Shengfeng and Bo, Wen and Liu, Yunfeng},
  journal={Neurocomputing},
  volume={568},
  pages={127063},
  year={2024},
  publisher={Elsevier}
}

@article{elfwing2018sigmoid,
  title={Sigmoid-weighted linear units for neural network function approximation in reinforcement learning},
  author={Elfwing, Stefan and Uchibe, Eiji and Doya, Kenji},
  journal={Neural networks},
  volume={107},
  pages={3--11},
  year={2018},
  publisher={Elsevier}
}

@article{hiller2024perceiving,
  title={Perceiving Longer Sequences With Bi-Directional Cross-Attention Transformers},
  author={Hiller, Markus and Ehinger, Krista A and Drummond, Tom},
  journal={arXiv preprint arXiv:2402.12138},
  year={2024}
}


@inproceedings{li2018megadepth,
  title={{MegaDepth: Learning single-view depth prediction from internet photos}},
  author={Li, Zhengqi and Snavely, Noah},
  booktitle=cvpr,
  pages={2041--2050},
  year={2018}
}

@inproceedings{shen2018matchable,
  title={Matchable image retrieval by learning from surface reconstruction},
  author={Shen, Tianwei and Luo, Zixin and Zhou, Lei and Zhang, Runze and Zhu, Siyu and Fang, Tian and Quan, Long},
  booktitle=accv,
  pages={415--431},
  year={2018}
}

@inproceedings{rocco2020efficient,
  title={Efficient neighbourhood consensus networks via submanifold sparse convolutions},
  author={Rocco, Ignacio and Arandjelovi{\'c}, Relja and Sivic, Josef},
  booktitle=eccv,
  pages={605--621},
  year={2020}
}

@article{li2020dual,
  title={Dual-resolution correspondence networks},
  author={Li, Xinghui and Han, Kai and Li, Shuda and Prisacariu, Victor},
  journal=nips,
  volume={33},
  pages={17346--17357},
  year={2020}
}

@inproceedings{zambanini2013local,
  title={A local image descriptor robust to illumination changes},
  author={Zambanini, Sebastian and Kampel, Martin},
  booktitle={Proc. 18th Scandinavian Conference on Image Analysis},
  pages={11--21},
  year={2013}
}

@inproceedings{philbin2007object,
  title={Object retrieval with large vocabularies and fast spatial matching},
  author={Philbin, James and Chum, Ondrej and Isard, Michael and Sivic, Josef and Zisserman, Andrew},
  booktitle=cvpr,
  pages={1--8},
  year={2007}
}

@inproceedings{sivic2003video,
  title={{Video Google: A text retrieval approach to object matching in videos}},
  author={Sivic and Zisserman},
  booktitle=iccv,
  pages={1470--1477},
  year={2003}
}

@inproceedings{edstedt2024roma,
  title={{RoMa: Robust dense feature matching}},
  author={Edstedt, Johan and Sun, Qiyu and B{\"o}kman, Georg and Wadenb{\"a}ck, M{\aa}rten and Felsberg, Michael},
  booktitle=cvpr,
  pages={19790--19800},
  year={2024}
}

@inproceedings{pautrat2023gluestick,
  title={Gluestick: Robust image matching by sticking points and lines together},
  author={Pautrat, R{\'e}mi and Su{\'a}rez, Iago and Yu, Yifan and Pollefeys, Marc and Larsson, Viktor},
  booktitle=iccv,
  pages={9706--9716},
  year={2023}
}

@article{beltagy2020longformer,
  title={Longformer: The long-document transformer},
  author={Beltagy, Iz and Peters, Matthew E and Cohan, Arman},
  journal={arXiv preprint arXiv:2004.05150},
  year={2020}
}

@inproceedings{keles2023computational,
  title={On the computational complexity of self-attention},
  author={Keles, Feyza Duman and Wijewardena, Pruthuvi Mahesakya and Hegde, Chinmay},
  booktitle={Proc. International Conference on Algorithmic Learning Theory},
  pages={597--619},
  year={2023}
}

@article{shannon1948mathematical,
  title={A mathematical theory of communication},
  author={Shannon, Claude Elwood},
  journal={The Bell System Technical Journal},
  volume={27},
  number={3},
  pages={379--423},
  year={1948},
  publisher={Nokia Bell Labs}
}

@inproceedings{muja2009fast,
    author = {Muja, Marius and Lowe, David G},
    title = {Fast approximate nearest neighbors with automatic algorithm configuration.},
    booktitle = {Proc. Int. Conf. Comput. Vis. Theory Appl.},
    pages={331-340},
    year = {2009}
}

@inproceedings{Lim22icra-Quatro,
        title={A single correspondence is enough: {R}obust global registration to avoid degeneracy in urban environments},
        author={Lim, Hyungtae and Yeon, Suyong and Ryu, Soohyun and Lee, Yonghan and Kim, Youngji and Yun, Jaeseong and Jung, Euigon and Lee, Donghwan and Myung, Hyun},
        booktitle= icra,
        pages={8010--8017},
        year={2022}
}
@article{Lim24ijrr-Quatropp,
  title={{Quatro++: R}obust global registration exploiting ground segmentation for loop closing in {LiDAR SLAM}},
  author={Lim, Hyungtae and Kim, Beomsoo and Kim, Daebeom and Mason Lee, Eungchang and Myung, Hyun},
  journal=ijrr,
  pages={685--715},
  year={2024},
  doi={10.1177/02783649231207654}
}


%%%%%%%%%%%%%%%%%%%%%%%%%%%%%%%%%%%%%%%%%%%
% Fill your new bibs here!!
% These will be merged after the submission/acceptance



%%%%%%%%%%%%%%%%%%%%%%%%%%%%%%%%%%%%%%%%%%%
