@INPROCEEDINGS{9793858,
  author={He, Jingzhu and Lin, Yuhang and Gu, Xiaohui and Yeh, Chin-Chia Michael and Zhuang, Zhongfang},
  booktitle={2022 IEEE/ACM 44th International Conference on Software Engineering (ICSE)}, 
  title={PerfSig: Extracting Performance Bug Signatures via Multi-modality Causal Analysis}, 
  year={2022},
  volume={},
  number={},
  pages={1669-1680},
  keywords={Measurement;Computer bugs;Prototypes;Production;Reliability engineering;Software reliability;System analysis and design;Debugging;Bug signatures;Software reliability;Performance},
  doi={10.1145/3510003.3510110}}

@misc{brown2020language,
      title={Language Models are Few-Shot Learners}, 
      author={Tom B. Brown and Benjamin Mann and Nick Ryder and Melanie Subbiah and Jared Kaplan and Prafulla Dhariwal and Arvind Neelakantan and Pranav Shyam and Girish Sastry and Amanda Askell and Sandhini Agarwal and Ariel Herbert-Voss and Gretchen Krueger and Tom Henighan and Rewon Child and Aditya Ramesh and Daniel M. Ziegler and Jeffrey Wu and Clemens Winter and Christopher Hesse and Mark Chen and Eric Sigler and Mateusz Litwin and Scott Gray and Benjamin Chess and Jack Clark and Christopher Berner and Sam McCandlish and Alec Radford and Ilya Sutskever and Dario Amodei},
      year={2020},
      eprint={2005.14165},
      archivePrefix={arXiv},
      primaryClass={cs.CL}
}

@misc{cito2021counterfactualexplanationsmodelscode,
      title={Counterfactual Explanations for Models of Code}, 
      author={Jürgen Cito and Isil Dillig and Vijayaraghavan Murali and Satish Chandra},
      year={2021},
      eprint={2111.05711},
      archivePrefix={arXiv},
      primaryClass={cs.SE},
      url={https://arxiv.org/abs/2111.05711}, 
}

@misc{denny2022conversing,
      title={Conversing with Copilot: Exploring Prompt Engineering for Solving CS1 Problems Using Natural Language}, 
      author={Paul Denny and Viraj Kumar and Nasser Giacaman},
      year={2022},
      eprint={2210.15157},
      archivePrefix={arXiv},
      primaryClass={cs.HC}
}

@misc{desai2015program,
      title={Program Synthesis using Natural Language}, 
      author={Aditya Desai and Sumit Gulwani and Vineet Hingorani and Nidhi Jain and Amey Karkare and Mark Marron and Sailesh R and Subhajit Roy},
      year={2015},
      eprint={1509.00413},
      archivePrefix={arXiv},
      primaryClass={cs.PL}
}

@misc{feder2022causal,
      title={Causal Inference in Natural Language Processing: Estimation, Prediction, Interpretation and Beyond}, 
      author={Amir Feder and Katherine A. Keith and Emaad Manzoor and Reid Pryzant and Dhanya Sridhar and Zach Wood-Doughty and Jacob Eisenstein and Justin Grimmer and Roi Reichart and Margaret E. Roberts and Brandon M. Stewart and Victor Veitch and Diyi Yang},
      year={2022},
      eprint={2109.00725},
      archivePrefix={arXiv},
      primaryClass={cs.CL}
}

@misc{feng2020codebert,
      title={CodeBERT: A Pre-Trained Model for Programming and Natural Languages}, 
      author={Zhangyin Feng and Daya Guo and Duyu Tang and Nan Duan and Xiaocheng Feng and Ming Gong and Linjun Shou and Bing Qin and Ting Liu and Daxin Jiang and Ming Zhou},
      year={2020},
      eprint={2002.08155},
      archivePrefix={arXiv},
      primaryClass={cs.CL}
}

@article{finlayson2021causal,
  title={Causal analysis of syntactic agreement mechanisms in neural language models},
  author={Finlayson, Matthew and Mueller, Aaron and Gehrmann, Sebastian and Shieber, Stuart and Linzen, Tal and Belinkov, Yonatan},
  journal={arXiv preprint arXiv:2106.06087},
  year={2021}
}

@article{gulwani2017program,
  title={Program synthesis},
  author={Gulwani, Sumit and Polozov, Oleksandr and Singh, Rishabh and others},
  journal={Foundations and Trends{\textregistered} in Programming Languages},
  volume={4},
  number={1-2},
  pages={1--119},
  year={2017},
  publisher={Now Publishers, Inc.}
}

@inproceedings{jin-etal-2022-causalnlp,
    title = "{C}ausal{NLP} Tutorial: An Introduction to Causality for Natural Language Processing",
    author = "Jin, Zhijing  and
      Feder, Amir  and
      Zhang, Kun",
    editor = "El-Beltagy, Samhaa R.  and
      Qiu, Xipeng",
    booktitle = "Proceedings of the 2022 Conference on Empirical Methods in Natural Language Processing: Tutorial Abstracts",
    month = dec,
    year = "2022",
    address = "Abu Dubai, UAE",
    publisher = "Association for Computational Linguistics",
    url = "https://aclanthology.org/2022.emnlp-tutorials.4",
    doi = "10.18653/v1/2022.emnlp-tutorials.4",
    pages = "17--22",
}

@misc{li2023starcoder,
      title={StarCoder: may the source be with you!}, 
      author={Raymond Li and Loubna Ben Allal and Yangtian Zi and Niklas Muennighoff and Denis Kocetkov and Chenghao Mou and Marc Marone and Christopher Akiki and Jia Li and Jenny Chim and Qian Liu and Evgenii Zheltonozhskii and Terry Yue Zhuo and Thomas Wang and Olivier Dehaene and Mishig Davaadorj and Joel Lamy-Poirier and João Monteiro and Oleh Shliazhko and Nicolas Gontier and Nicholas Meade and Armel Zebaze and Ming-Ho Yee and Logesh Kumar Umapathi and Jian Zhu and Benjamin Lipkin and Muhtasham Oblokulov and Zhiruo Wang and Rudra Murthy and Jason Stillerman and Siva Sankalp Patel and Dmitry Abulkhanov and Marco Zocca and Manan Dey and Zhihan Zhang and Nour Fahmy and Urvashi Bhattacharyya and Wenhao Yu and Swayam Singh and Sasha Luccioni and Paulo Villegas and Maxim Kunakov and Fedor Zhdanov and Manuel Romero and Tony Lee and Nadav Timor and Jennifer Ding and Claire Schlesinger and Hailey Schoelkopf and Jan Ebert and Tri Dao and Mayank Mishra and Alex Gu and Jennifer Robinson and Carolyn Jane Anderson and Brendan Dolan-Gavitt and Danish Contractor and Siva Reddy and Daniel Fried and Dzmitry Bahdanau and Yacine Jernite and Carlos Muñoz Ferrandis and Sean Hughes and Thomas Wolf and Arjun Guha and Leandro von Werra and Harm de Vries},
      year={2023},
      eprint={2305.06161},
      archivePrefix={arXiv},
      primaryClass={cs.CL}
}

@misc{liu2023code,
      title={Is Your Code Generated by ChatGPT Really Correct? Rigorous Evaluation of Large Language Models for Code Generation}, 
      author={Jiawei Liu and Chunqiu Steven Xia and Yuyao Wang and Lingming Zhang},
      year={2023},
      eprint={2305.01210},
      archivePrefix={arXiv},
      primaryClass={cs.SE}
}

@misc{luo2023wizardcoder,
      title={WizardCoder: Empowering Code Large Language Models with Evol-Instruct}, 
      author={Ziyang Luo and Can Xu and Pu Zhao and Qingfeng Sun and Xiubo Geng and Wenxiang Hu and Chongyang Tao and Jing Ma and Qingwei Lin and Daxin Jiang},
      year={2023},
      eprint={2306.08568},
      archivePrefix={arXiv},
      primaryClass={cs.CL}
}

@misc{mullick2024intent,
      title={Intent Detection and Entity Extraction from BioMedical Literature}, 
      author={Ankan Mullick and Mukur Gupta and Pawan Goyal},
      year={2024},
      eprint={2404.03598},
      archivePrefix={arXiv},
      primaryClass={cs.CL},
      url={https://arxiv.org/abs/2404.03598}, 
}

@misc{nijkamp2023codegen,
      title={CodeGen: An Open Large Language Model for Code with Multi-Turn Program Synthesis}, 
      author={Erik Nijkamp and Bo Pang and Hiroaki Hayashi and Lifu Tu and Huan Wang and Yingbo Zhou and Silvio Savarese and Caiming Xiong},
      year={2023},
      eprint={2203.13474},
      archivePrefix={arXiv},
      primaryClass={cs.LG}
}

@inproceedings{rahman2024towards,
  title={Towards causal deep learning for vulnerability detection},
  author={Rahman, Md Mahbubur and Ceka, Ira and Mao, Chengzhi and Chakraborty, Saikat and Ray, Baishakhi and Le, Wei},
  booktitle={Proceedings of the IEEE/ACM 46th International Conference on Software Engineering},
  pages={1--11},
  year={2024}
}

@misc{rozière2023code,
      title={Code Llama: Open Foundation Models for Code}, 
      author={Baptiste Rozière and Jonas Gehring and Fabian Gloeckle and Sten Sootla and Itai Gat and Xiaoqing Ellen Tan and Yossi Adi and Jingyu Liu and Tal Remez and Jérémy Rapin and Artyom Kozhevnikov and Ivan Evtimov and Joanna Bitton and Manish Bhatt and Cristian Canton Ferrer and Aaron Grattafiori and Wenhan Xiong and Alexandre Défossez and Jade Copet and Faisal Azhar and Hugo Touvron and Louis Martin and Nicolas Usunier and Thomas Scialom and Gabriel Synnaeve},
      year={2023},
      eprint={2308.12950},
      archivePrefix={arXiv},
      primaryClass={cs.CL}
}

@misc{shin2020autoprompt,
      title={AutoPrompt: Eliciting Knowledge from Language Models with Automatically Generated Prompts}, 
      author={Taylor Shin and Yasaman Razeghi and Robert L. Logan IV au2 and Eric Wallace and Sameer Singh},
      year={2020},
      eprint={2010.15980},
      archivePrefix={arXiv},
      primaryClass={cs.CL}
}

@article{stolfo2022causal,
  title={A causal framework to quantify the robustness of mathematical reasoning with language models},
  author={Stolfo, Alessandro and Jin, Zhijing and Shridhar, Kumar and Sch{\"o}lkopf, Bernhard and Sachan, Mrinmaya},
  journal={arXiv preprint arXiv:2210.12023},
  year={2022}
}

@article{vig2020investigating,
  title={Investigating gender bias in language models using causal mediation analysis},
  author={Vig, Jesse and Gehrmann, Sebastian and Belinkov, Yonatan and Qian, Sharon and Nevo, Daniel and Singer, Yaron and Shieber, Stuart},
  journal={Advances in neural information processing systems},
  volume={33},
  pages={12388--12401},
  year={2020}
}

@misc{wang2021codet5,
      title={CodeT5: Identifier-aware Unified Pre-trained Encoder-Decoder Models for Code Understanding and Generation}, 
      author={Yue Wang and Weishi Wang and Shafiq Joty and Steven C. H. Hoi},
      year={2021},
      eprint={2109.00859},
      archivePrefix={arXiv},
      primaryClass={cs.CL}
}

@misc{wei2023chainofthought,
      title={Chain-of-Thought Prompting Elicits Reasoning in Large Language Models}, 
      author={Jason Wei and Xuezhi Wang and Dale Schuurmans and Maarten Bosma and Brian Ichter and Fei Xia and Ed Chi and Quoc Le and Denny Zhou},
      year={2023},
      eprint={2201.11903},
      archivePrefix={arXiv},
      primaryClass={cs.CL}
}

@misc{wen2023hard,
      title={Hard Prompts Made Easy: Gradient-Based Discrete Optimization for Prompt Tuning and Discovery}, 
      author={Yuxin Wen and Neel Jain and John Kirchenbauer and Micah Goldblum and Jonas Geiping and Tom Goldstein},
      year={2023},
      eprint={2302.03668},
      archivePrefix={arXiv},
      primaryClass={cs.LG}
}

@misc{white2023prompt,
      title={A Prompt Pattern Catalog to Enhance Prompt Engineering with ChatGPT}, 
      author={Jules White and Quchen Fu and Sam Hays and Michael Sandborn and Carlos Olea and Henry Gilbert and Ashraf Elnashar and Jesse Spencer-Smith and Douglas C. Schmidt},
      year={2023},
      eprint={2302.11382},
      archivePrefix={arXiv},
      primaryClass={cs.SE}
}

@inproceedings{wu2023self,
  title={Self-prompting large vision models for few-shot medical image segmentation},
  author={Wu, Qi and Zhang, Yuyao and Elbatel, Marawan},
  booktitle={MICCAI workshop on domain adaptation and representation transfer},
  pages={156--167},
  year={2023},
  organization={Springer}
}

@misc{yao2023treethought,
      title={Tree of Thoughts: Deliberate Problem Solving with Large Language Models}, 
      author={Shunyu Yao and Dian Yu and Jeffrey Zhao and Izhak Shafran and Thomas L. Griffiths and Yuan Cao and Karthik Narasimhan},
      year={2023},
      eprint={2305.10601},
      archivePrefix={arXiv},
      primaryClass={cs.CL},
      url={https://arxiv.org/abs/2305.10601}, 
}

@misc{zheng2023outline,
      title={Outline, Then Details: Syntactically Guided Coarse-To-Fine Code Generation}, 
      author={Wenqing Zheng and S P Sharan and Ajay Kumar Jaiswal and Kevin Wang and Yihan Xi and Dejia Xu and Zhangyang Wang},
      year={2023},
      eprint={2305.00909},
      archivePrefix={arXiv},
      primaryClass={cs.PL}
}

@article{zhu2024deepseek,
  title={DeepSeek-Coder-V2: Breaking the Barrier of Closed-Source Models in Code Intelligence},
  author={Zhu, Qihao and Guo, Daya and Shao, Zhihong and Yang, Dejian and Wang, Peiyi and Xu, Runxin and Wu, Y and Li, Yukun and Gao, Huazuo and Ma, Shirong and others},
  journal={arXiv preprint arXiv:2406.11931},
  year={2024}
}

