@article{barrault2023seamless,
  title={Seamless: Multilingual Expressive and Streaming Speech Translation},
  author={Barrault, Lo{\"\i}c and Chung, Yu-An and Meglioli, Mariano Coria and Dale, David and Dong, Ning and Duppenthaler, Mark and Duquenne, Paul-Ambroise and Ellis, Brian and Elsahar, Hady and Haaheim, Justin and others},
  journal={arXiv preprint arXiv:2312.05187},
  year={2023}
}

@inproceedings{hu2021neural,
title={Neural Dubber: Dubbing for Videos According to Scripts},
author={Hu, Chenxu and Tian, Qiao and Li, Tingle and Yuping, Wang and Wang, Yuxuan and Zhao, Hang},
booktitle={Thirty-Fifth Conference on Neural Information Processing Systems},
year={2021}
}

@inproceedings{huang2023holistic,
  title={A holistic cascade system, benchmark, and human evaluation protocol for expressive speech-to-speech translation},
  author={Huang, Wen-Chin and Peloquin, Benjamin and Kao, Justine and Wang, Changhan and Gong, Hongyu and Salesky, Elizabeth and Adi, Yossi and Lee, Ann and Chen, Peng-Jen},
  booktitle={ICASSP 2023-2023 IEEE International Conference on Acoustics, Speech and Signal Processing (ICASSP)},
  pages={1--5},
  year={2023},
  organization={IEEE}
}

@misc{huang2023transpeech,
      title={TranSpeech: Speech-to-Speech Translation With Bilateral Perturbation}, 
      author={Rongjie Huang and Jinglin Liu and Huadai Liu and Yi Ren and Lichao Zhang and Jinzheng He and Zhou Zhao},
      year={2023},
      eprint={2205.12523},
      archivePrefix={arXiv},
      primaryClass={cs.CL}
}

@misc{lee2022direct,
      title={Direct speech-to-speech translation with discrete units}, 
      author={Ann Lee and Peng-Jen Chen and Changhan Wang and Jiatao Gu and Sravya Popuri and Xutai Ma and Adam Polyak and Yossi Adi and Qing He and Yun Tang and Juan Pino and Wei-Ning Hsu},
      year={2022},
      eprint={2107.05604},
      archivePrefix={arXiv},
      primaryClass={cs.CL}
}

@article{popuri2022enhanced,
  title={Enhanced direct speech-to-speech translation using self-supervised pre-training and data augmentation},
  author={Popuri, Sravya and Chen, Peng-Jen and Wang, Changhan and Pino, Juan and Adi, Yossi and Gu, Jiatao and Hsu, Wei-Ning and Lee, Ann},
  journal={arXiv preprint arXiv:2204.02967},
  year={2022}
}

@misc{ren2019fastspeech,
      title={FastSpeech: Fast, Robust and Controllable Text to Speech}, 
      author={Yi Ren and Yangjun Ruan and Xu Tan and Tao Qin and Sheng Zhao and Zhou Zhao and Tie-Yan Liu},
      year={2019},
      eprint={1905.09263},
      archivePrefix={arXiv},
      primaryClass={cs.CL}
}

@misc{ren2022fastspeech,
      title={FastSpeech 2: Fast and High-Quality End-to-End Text to Speech}, 
      author={Yi Ren and Chenxu Hu and Xu Tan and Tao Qin and Sheng Zhao and Zhou Zhao and Tie-Yan Liu},
      year={2022},
      eprint={2006.04558},
      archivePrefix={arXiv},
      primaryClass={eess.AS}
}

@misc{shen2018natural,
      title={Natural TTS Synthesis by Conditioning WaveNet on Mel Spectrogram Predictions}, 
      author={Jonathan Shen and Ruoming Pang and Ron J. Weiss and Mike Schuster and Navdeep Jaitly and Zongheng Yang and Zhifeng Chen and Yu Zhang and Yuxuan Wang and RJ Skerry-Ryan and Rif A. Saurous and Yannis Agiomyrgiannakis and Yonghui Wu},
      year={2018},
      eprint={1712.05884},
      archivePrefix={arXiv},
      primaryClass={cs.CL}
}

@misc{skerryryan2018endtoend,
      title={Towards End-to-End Prosody Transfer for Expressive Speech Synthesis with Tacotron}, 
      author={RJ Skerry-Ryan and Eric Battenberg and Ying Xiao and Yuxuan Wang and Daisy Stanton and Joel Shor and Ron J. Weiss and Rob Clark and Rif A. Saurous},
      year={2018},
      eprint={1803.09047},
      archivePrefix={arXiv},
      primaryClass={cs.CL}
}

@misc{sun2020fullyhierarchical,
      title={Fully-hierarchical fine-grained prosody modeling for interpretable speech synthesis}, 
      author={Guangzhi Sun and Yu Zhang and Ron J. Weiss and Yuan Cao and Heiga Zen and Yonghui Wu},
      year={2020},
      eprint={2002.03785},
      archivePrefix={arXiv},
      primaryClass={eess.AS}
}

@misc{wang2017tacotron,
      title={Tacotron: Towards End-to-End Speech Synthesis}, 
      author={Yuxuan Wang and RJ Skerry-Ryan and Daisy Stanton and Yonghui Wu and Ron J. Weiss and Navdeep Jaitly and Zongheng Yang and Ying Xiao and Zhifeng Chen and Samy Bengio and Quoc Le and Yannis Agiomyrgiannakis and Rob Clark and Rif A. Saurous},
      year={2017},
      eprint={1703.10135},
      archivePrefix={arXiv},
      primaryClass={cs.CL}
}

@misc{wang2018style,
      title={Style Tokens: Unsupervised Style Modeling, Control and Transfer in End-to-End Speech Synthesis}, 
      author={Yuxuan Wang and Daisy Stanton and Yu Zhang and RJ Skerry-Ryan and Eric Battenberg and Joel Shor and Ying Xiao and Fei Ren and Ye Jia and Rif A. Saurous},
      year={2018},
      eprint={1803.09017},
      archivePrefix={arXiv},
      primaryClass={cs.CL}
}

