@Article{Liu20,
author = "Xiao-Yang Liu and Ziyi Xia and Jingyang Rui and Jiechao Gao and Hongyang Yang and Ming Zhu and Christina Dan Wang and Zhaoran Wang and Jian Guo",
title = "FinRL-Meta: Market Environments and Benchmarks for Data-Driven Financial Reinforcement Learning",
journal = "NeurIPS Datasets and Benchmarks",
year = "2022",
pages = "1-36",
url = "https://doi.org/10.48550/arXiv.2211.03107"
}

@Article{Vatsal23,
  author        = "Shubham Vatsal and Harsh Dubey",
  title         = "A Survey of Prompt Engineering Methods in Large Language Models for Different NLP Tasks",
  journal       = "arXiv preprint",
  year          = "2023",
  url           = "https://arxiv.org/pdf/2407.12994",
  note          = "Discusses various prompt engineering methods for different NLP tasks"
}

@Article{Wei22,
  author        = "Jason Wei and Maarten Bosma and Vincent Y. Zhao and Kelvin Guu and Adams Wei Yu and Brian Lester and Nan Du and Andrew M. Dai and Quoc V. Le",
  title         = "Chain of Thought Prompting Elicits Reasoning in Large Language Models",
  journal       = "arXiv preprint arXiv:2201.11903",
  year          = "2022",
  url           = "https://arxiv.org/abs/2201.11903",
  note          = "Demonstrates how prompt engineering can elicit domain knowledge"
}

