@inproceedings{AppearancebasedGazeEstimation,
  title = {Appearance-Based Gaze Estimation in the Wild},
  booktitle={2015 IEEE/CVF Conference on Computer Vision and Pattern Recognition (CVPR)}, 
  author = {Zhang, Xucong and Sugano, Yusuke and Fritz, Mario and Bulling, Andreas},
  year = 2015,
  pages = {4511--4520},
  publisher = {IEEE},
  location = {Boston, MA, USA},
  doi = {10.1109/CVPR.2015.7299081},
  url = {http://ieeexplore.ieee.org/document/7299081/},
  eventtitle = {2015 {{IEEE Conference}} on {{Computer Vision}} and {{Pattern Recognition}} ({{CVPR}})},
  isbn = {978-1-4673-6964-0}
}

@inproceedings{CA-Net,
  title = {A Coarse-to-Fine Adaptive Network for Appearance-Based Gaze Estimation},
  author = {Cheng, Yihua and Huang, Shiyao and Wang, Fei and Qian, Chen and Lu, Feng},
  year = 2020,
  booktitle = {Proceedings of the AAAI Conference on Artificial Intelligence},
  shortjournal = {AAAI},
  volume = {34},
  number = {07},
  pages = {10623--10630},
  doi = {10.1609/aaai.v34i07.6636},
  url = {https://ojs.aaai.org/index.php/AAAI/article/view/6636}
}

@inproceedings{CLIP,
  title={Learning Transferable Visual Models From Natural Language Supervision},
  author={Alec Radford and Jong Wook Kim and Chris Hallacy and Aditya Ramesh and Gabriel Goh and Sandhini Agarwal and Girish Sastry and Amanda Askell and Pamela Mishkin and Jack Clark and Gretchen Krueger and Ilya Sutskever},
  booktitle={International Conference on Machine Learning},
  year=2021
}

@inproceedings{CLIPGap,
  title = {{{CLIP}} the {{Gap}}: {{A Single Domain Generalization Approach}} for {{Object Detection}}},
  shorttitle = {{{CLIP}} the {{Gap}}},
  booktitle={2023 IEEE/CVF Conference on Computer Vision and Pattern Recognition (CVPR)},
  author = {Vidit, Vidit and Engilberge, Martin and Salzmann, Mathieu},
  year = 2023,
  pages = {3219--3229},
  publisher = {IEEE},
  location = {Vancouver, BC, Canada},
  doi = {10.1109/CVPR52729.2023.00314},
  url = {https://ieeexplore.ieee.org/document/10203104/},
  eventtitle = {2023 {{IEEE}}/{{CVF Conference}} on {{Computer Vision}} and {{Pattern Recognition}} ({{CVPR}})},
  isbn = {9798350301298}
}

@inproceedings{CLIPGaze,
  title = {{{CLIP-Gaze}}: {{Towards General Gaze Estimation}} via {{Visual-Linguistic Model}}},
  shorttitle = {{{CLIP-Gaze}}},
  author = {Yin, Pengwei and Zeng, Guanzhong and Wang, Jingjing and Xie, Di},
  year = 2024,
  journaltitle = {Proceedings of the AAAI Conference on Artificial Intelligence},
  booktitle = {Proceedings of the AAAI Conference on Artificial Intelligence},
  volume = {38},
  number = {7},
  pages = {6729--6737},
  doi = {10.1609/aaai.v38i7.28496},
  url = {https://ojs.aaai.org/index.php/AAAI/article/view/28496}
}

@article{CLIPHand3D,
  title={{{CLIP-Hand3D: Exploiting 3D Hand Pose Estimation via Context-Aware Prompting}}},
  author={Shaoxiang Guo and Qing Cai and Lin Qi and Junyu Dong},
  journal={Proceedings of the 31st ACM International Conference on Multimedia},
  year={2023},
  url={https://api.semanticscholar.org/CorpusID:263135138}
}

@inproceedings{ContrastiveRegressionDomain,
  title = {Contrastive {{Regression}} for {{Domain Adaptation}} on {{Gaze Estimation}}},
  booktitle={2022 IEEE/CVF Conference on Computer Vision and Pattern Recognition (CVPR)}, 
  author = {Wang, Yaoming and Jiang, Yangzhou and Li, Jin and Ni, Bingbing and Dai, Wenrui and Li, Chenglin and Xiong, Hongkai and Li, Teng},
  year = 2022,
  pages = {19354--19363},
  publisher = {IEEE},
  location = {New Orleans, LA, USA},
  doi = {10.1109/CVPR52688.2022.01877},
  url = {https://ieeexplore.ieee.org/document/9879799/},
  eventtitle = {2022 {{IEEE}}/{{CVF Conference}} on {{Computer Vision}} and {{Pattern Recognition}} ({{CVPR}})},
  isbn = {978-1-66546-946-3}
}

@incollection{DeepWarp,
  title = {{{DeepWarp}}: {{Photorealistic Image Resynthesis}} for {{Gaze Manipulation}}},
  shorttitle = {{{DeepWarp}}},
  booktitle = {European Conference on Computer Vision},
  author = {Ganin, Yaroslav and Kononenko, Daniil and Sungatullina, Diana and Lempitsky, Victor},
  editor = {Leibe, Bastian and Matas, Jiri and Sebe, Nicu and Welling, Max},
  year = 2016,
  volume = {9906},
  pages = {311--326},
  publisher = {Springer International Publishing},
  location = {Cham},
  doi = {10.1007/978-3-319-46475-6_20},
  url = {http://link.springer.com/10.1007/978-3-319-46475-6_20},
  isbn = {978-3-319-46474-9 978-3-319-46475-6}
}

@article{DepthCLIP,
  title={Can Language Understand Depth?},
  author={Renrui Zhang and Ziyao Zeng and Ziyu Guo},
  journal={Proceedings of the 30th ACM International Conference on Multimedia},
  year={2022},
  url={https://api.semanticscholar.org/CorpusID:250264495}
}

@incollection{Dilated-Net,
  title = {Appearance-Based Gaze Estimation Using Dilated-Convolutions},
  booktitle={Asian Conference on Computer Vision},
  author = {Chen, Zhaokang and Shi, Bertram E.},
  year = 2019,
  volume = {11366},
  pages = {309--324},
  publisher = {Springer International Publishing},
  location = {Cham},
  doi = {10.1007/978-3-030-20876-9_20},
  url = {http://link.springer.com/10.1007/978-3-030-20876-9_20},
  isbn = {978-3-030-20875-2 978-3-030-20876-9}
}

@INPROCEEDINGS{FullFace,
  author={Zhang, Xucong and Sugano, Yusuke and Fritz, Mario and Bulling, Andreas},
  booktitle={2017 IEEE Conference on Computer Vision and Pattern Recognition Workshops (CVPRW)}, 
  title={It’s Written All Over Your Face: Full-Face Appearance-Based Gaze Estimation}, 
  year={2017},
  volume={},
  number={},
  pages={2299-2308},
  keywords={Estimation;Three-dimensional displays;Two dimensional displays;Face;Cameras;Training},
  doi={10.1109/CVPRW.2017.284}}

@inproceedings{GFAL,
  title = {Gaze from {{Origin}}: {{Learning}} for {{Generalized Gaze Estimation}} by {{Embedding}} the {{Gaze Frontalization Process}}},
  shorttitle = {Gaze from {{Origin}}},
  author = {Xu, Mingjie and Lu, Feng},
  year = 2024,
  journaltitle = {Proceedings of the AAAI Conference on Artificial Intelligence},
  booktitle = {Proceedings of the AAAI Conference on Artificial Intelligence},
  volume = {38},
  number = {6},
  pages = {6333--6341},
  doi = {10.1609/aaai.v38i6.28452},
  url = {https://ojs.aaai.org/index.php/AAAI/article/view/28452}
}

@article{GazeCLIP,
  title={{{GazeCLIP}}: Towards Enhancing Gaze Estimation via Text Guidance},
  author={Jun Wang and Hao Ruan and Mingjie Wang and Chuanghui Zhang and Huachun Li and Jun Zhou},
  journal={ArXiv},
  year={2023},
  volume={abs/2401.00260},
  url={https://api.semanticscholar.org/CorpusID:266693788}
}

@inproceedings{GazeTR,
  title = {Gaze Estimation Using Transformer},
  booktitle = {International Conference on Pattern Recognition} ,
  author = {Cheng, Yihua and Lu, Feng},
  year = 2022,
  pages = {3341--3347},
  publisher = {IEEE},
  location = {Montreal, QC, Canada},
  doi = {10.1109/ICPR56361.2022.9956687},
  url = {https://ieeexplore.ieee.org/document/9956687/},
  eventtitle = {2022 26th {{International Conference}} on {{Pattern Recognition}} ({{ICPR}})},
  isbn = {978-1-66549-062-7}
}

@inproceedings{Grounded,
  title = {Grounded {{Language-Image Pre-training}}},
  booktitle={2022 IEEE/CVF Conference on Computer Vision and Pattern Recognition (CVPR)}, 
  author = {Li, Liunian Harold and Zhang, Pengchuan and Zhang, Haotian and Yang, Jianwei and Li, Chunyuan and Zhong, Yiwu and Wang, Lijuan and Yuan, Lu and Zhang, Lei and Hwang, Jenq-Neng and Chang, Kai-Wei and Gao, Jianfeng},
  year = 2022,
  pages = {10955--10965},
  publisher = {IEEE},
  location = {New Orleans, LA, USA},
  doi = {10.1109/CVPR52688.2022.01069},
  url = {https://ieeexplore.ieee.org/document/9879567/},
  eventtitle = {2022 {{IEEE}}/{{CVF Conference}} on {{Computer Vision}} and {{Pattern Recognition}} ({{CVPR}})},
  isbn = {978-1-66546-946-3}
}

@INPROCEEDINGS{PureGaze,
  title = {PureGaze: Purifying Gaze Feature for Generalizable Gaze Estimation},
  shorttitle = {{{PureGaze}}},
  author = {Cheng, Yihua and Bao, Yiwei and Lu, Feng},
  year = 2022,
  booktitle ={Proceedings of the AAAI Conference on Artificial Intelligence},
  volume = {36},
  number = {1},
  pages = {436--443},
  doi = {10.1609/aaai.v36i1.19921},
  url = {https://ojs.aaai.org/index.php/AAAI/article/view/19921}
}

@inproceedings{SUGE,
  title = {Suppressing {{Uncertainty}} in {{Gaze Estimation}}},
  author = {Wang, Shijing and Huang, Yaping},
  year = 2024,
  journaltitle = {Proceedings of the AAAI Conference on Artificial Intelligence},
   booktitle = {Proceedings of the AAAI Conference on Artificial Intelligence},
  volume = {38},
  number = {6},
  pages = {5581--5589},
  doi = {10.1609/aaai.v38i6.28368},
  url = {https://ojs.aaai.org/index.php/AAAI/article/view/28368}
}

@inproceedings{Transformer,
  title = {Attention Is All You Need},
  booktitle = {Neural Information Processing Systems},
  author = {Vaswani, Ashish and Shazeer, Noam and Parmar, Niki and Uszkoreit, Jakob and Jones, Llion and Gomez, Aidan N and Kaiser, Łukasz and Polosukhin, Illia},
  editor = {Guyon, I. and Luxburg, U. Von and Bengio, S. and Wallach, H. and Fergus, R. and Vishwanathan, S. and Garnett, R.},
  year = 2017,
  volume = {30},
  publisher = {Curran Associates, Inc.},
  url = {https://proceedings.neurips.cc/paper_files/paper/2017/file/3f5ee243547dee91fbd053c1c4a845aa-Paper.pdf}
}

@article{UncertaintyModelingGaze,
  title = {Uncertainty {{Modeling}} for {{Gaze Estimation}}},
  author = {Zhong, Wenqi and Xia, Chen and Zhang, Dingwen and Han, Junwei},
  year = 2024,
  journal = {Transactions on Image Processing},
  shortjournal = {IEEE Trans. on Image Process.},
  pages = {1--1},
  doi = {10.1109/TIP.2024.3364539},
  url = {https://ieeexplore.ieee.org/document/10438351/}
}

@inproceedings{WorDepth,
  title = {{{WorDepth}}: {{Variational Language Prior}} for {{Monocular Depth Estimation}}},
  shorttitle = {{{WorDepth}}},
  booktitle={2024 IEEE/CVF Conference on Computer Vision and Pattern Recognition (CVPR)}, 
  author = {Zeng, Ziyao and Wang, Daniel and Yang, Fengyu and Park, Hyoungseob and Soatto, Stefano and Lao, Dong and Wong, Alex},
  year =2024,
  pages = {9708--9719},
  publisher = {IEEE},
  location = {Seattle, WA, USA},
  doi = {10.1109/CVPR52733.2024.00927},
  url = {https://ieeexplore.ieee.org/document/10658211/},
  eventtitle = {2024 {{IEEE}}/{{CVF Conference}} on {{Computer Vision}} and {{Pattern Recognition}} ({{CVPR}})},
  isbn = {9798350353006}
}

@inproceedings{ZegCLIP,
  title = {{{ZegCLIP}}: {{Towards Adapting CLIP}} for {{Zero-shot Semantic Segmentation}}},
  shorttitle = {{{ZegCLIP}}},
  booktitle={2023 IEEE/CVF Conference on Computer Vision and Pattern Recognition (CVPR)},
  author = {Zhou, Ziqin and Lei, Yinjie and Zhang, Bowen and Liu, Lingqiao and Liu, Yifan},
  year = 2023,
  pages = {11175--11185},
  publisher = {IEEE},
  location = {Vancouver, BC, Canada},
  doi = {10.1109/CVPR52729.2023.01075},
  url = {https://ieeexplore.ieee.org/document/10203528/},
  eventtitle = {2023 {{IEEE}}/{{CVF Conference}} on {{Computer Vision}} and {{Pattern Recognition}} ({{CVPR}})},
  isbn = {9798350301298}
}

@INPROCEEDINGS{oh,
  author={Oh, Jun O and Chang, Hyung Jin and Choi, Sang-Il},
  booktitle={2022 IEEE/CVF Conference on Computer Vision and Pattern Recognition Workshops (CVPRW)}, 
  title={Self-Attention with Convolution and Deconvolution for Efficient Eye Gaze Estimation from a Full Face Image}, 
  year={2022},
  volume={},
  number={},
  pages={4988-4996},
  keywords={Training;Deconvolution;Convolution;Computational modeling;Face recognition;Estimation;Transforms},
  doi={10.1109/CVPRW56347.2022.00547}}

