@String(PAMI = {IEEE Trans. Pattern Anal. Mach. Intell.})
@String(IJCV = {Int. J. Comput. Vis.})
@String(CVPR= {IEEE Conf. Comput. Vis. Pattern Recog.})
@String(ICCV= {Int. Conf. Comput. Vis.})
@String(ECCV= {Eur. Conf. Comput. Vis.})
@String(NIPS= {Adv. Neural Inform. Process. Syst.})
@String(ICPR = {Int. Conf. Pattern Recog.})
@String(BMVC= {Brit. Mach. Vis. Conf.})
@String(TOG= {ACM Trans. Graph.})
@String(TIP  = {IEEE Trans. Image Process.})
@String(TVCG  = {IEEE Trans. Vis. Comput. Graph.})
@String(TMM  = {IEEE Trans. Multimedia})
@String(ACMMM= {ACM Int. Conf. Multimedia})
@String(ICME = {Int. Conf. Multimedia and Expo})
@String(ICASSP=	{ICASSP})
@String(ICIP = {IEEE Int. Conf. Image Process.})
@String(ACCV  = {ACCV})
@String(ICLR = {Int. Conf. Learn. Represent.})
@String(IJCAI = {IJCAI})
@String(PR   = {Pattern Recognition})
@String(AAAI = {AAAI})
@String(CVPRW= {IEEE Conf. Comput. Vis. Pattern Recog. Worksh.})
@String(CSVT = {IEEE Trans. Circuit Syst. Video Technol.})

@String(SPL	= {IEEE Sign. Process. Letters})
@String(VR   = {Vis. Res.})
@String(JOV	 = {J. Vis.})
@String(TVC  = {The Vis. Comput.})
@String(JCST  = {J. Comput. Sci. Tech.})
@String(CGF  = {Comput. Graph. Forum})
@String(CVM = {Computational Visual Media})


@String(PAMI  = {IEEE TPAMI})
@String(IJCV  = {IJCV})
@String(CVPR  = {CVPR})
@String(ICCV  = {ICCV})
@String(ECCV  = {ECCV})
@String(NIPS  = {NeurIPS})
@String(ICPR  = {ICPR})
@String(BMVC  =	{BMVC})
@String(TOG   = {ACM TOG})
@String(TIP   = {IEEE TIP})
@String(TVCG  = {IEEE TVCG})
@String(TCSVT = {IEEE TCSVT})
@String(TMM   =	{IEEE TMM})
@String(ACMMM = {ACM MM})
@String(ICME  =	{ICME})
@String(ICASSP=	{ICASSP})
@String(ICIP  = {ICIP})
@String(ACCV  = {ACCV})
@String(ICLR  = {ICLR})
@String(IJCAI = {IJCAI})
@String(PR = {PR})
@String(AAAI = {AAAI})
@String(CVPRW= {CVPRW})
@String(CSVT = {IEEE TCSVT})

@article{Burova2020UtilizingVA,
  title={Utilizing VR and Gaze Tracking to Develop AR Solutions for Industrial Maintenance},
  author={Alisa Burova and John M{\"a}kel{\"a} and Jaakko Hakulinen and Tuuli Keskinen and Hanna Heinonen and Sanni Siltanen and Markku Turunen},
  journal={Proceedings of the 2020 CHI Conference on Human Factors in Computing Systems},
  year=2020
}

@inproceedings{CLIP,
  title={Learning Transferable Visual Models From Natural Language Supervision},
  author={Alec Radford and Jong Wook Kim and Chris Hallacy and Aditya Ramesh and Gabriel Goh and Sandhini Agarwal and Girish Sastry and Amanda Askell and Pamela Mishkin and Jack Clark and Gretchen Krueger and Ilya Sutskever},
  booktitle={International Conference on Machine Learning},
  year=2021
}

@inproceedings{RUDA,
  title = {Generalizing Gaze Estimation with Rotation Consistency},
 booktitle={2022 IEEE/CVF Conference on Computer Vision and Pattern Recognition (CVPR)}, 
  author = {Bao, Yiwei and Liu, Yunfei and Wang, Haofei and Lu, Feng},
  year = 2022,
  pages = {4197--4206},
  publisher = {IEEE},
  location = {New Orleans, LA, USA},
  doi = {10.1109/CVPR52688.2022.00417},
  eventtitle = {2022 {{IEEE}}/{{CVF Conference}} on {{Computer Vision}} and {{Pattern Recognition}} ({{CVPR}})},
  isbn = {978-1-66546-946-3}
}

@incollection{Dilated-Net,
  title = {Appearance-Based Gaze Estimation Using Dilated-Convolutions},
  booktitle={Asian Conference on Computer Vision},
  author = {Chen, Zhaokang and Shi, Bertram E.},
  year = 2019,
  volume = {11366},
  pages = {309--324},
  publisher = {Springer International Publishing},
  location = {Cham},
  doi = {10.1007/978-3-030-20876-9_20},
  url = {http://link.springer.com/10.1007/978-3-030-20876-9_20},
  isbn = {978-3-030-20875-2 978-3-030-20876-9}
}

@inproceedings{CA-Net,
  title = {A Coarse-to-Fine Adaptive Network for Appearance-Based Gaze Estimation},
  author = {Cheng, Yihua and Huang, Shiyao and Wang, Fei and Qian, Chen and Lu, Feng},
  year = 2020,
  booktitle = {Proceedings of the AAAI Conference on Artificial Intelligence},
  shortjournal = {AAAI},
  volume = {34},
  number = {07},
  pages = {10623--10630},
  doi = {10.1609/aaai.v34i07.6636},
  url = {https://ojs.aaai.org/index.php/AAAI/article/view/6636}
}

@inproceedings{GazeTR,
  title = {Gaze Estimation Using Transformer},
  booktitle = {International Conference on Pattern Recognition} ,
  author = {Cheng, Yihua and Lu, Feng},
  year = 2022,
  pages = {3341--3347},
  publisher = {IEEE},
  location = {Montreal, QC, Canada},
  doi = {10.1109/ICPR56361.2022.9956687},
  url = {https://ieeexplore.ieee.org/document/9956687/},
  eventtitle = {2022 26th {{International Conference}} on {{Pattern Recognition}} ({{ICPR}})},
  isbn = {978-1-66549-062-7}
}

@INPROCEEDINGS{PureGaze,
  title = {PureGaze: Purifying Gaze Feature for Generalizable Gaze Estimation},
  shorttitle = {{{PureGaze}}},
  author = {Cheng, Yihua and Bao, Yiwei and Lu, Feng},
  year = 2022,
  booktitle ={Proceedings of the AAAI Conference on Artificial Intelligence},
  volume = {36},
  number = {1},
  pages = {436--443},
  doi = {10.1609/aaai.v36i1.19921},
  url = {https://ojs.aaai.org/index.php/AAAI/article/view/19921}
}

@INPROCEEDINGS{chengWhatYouSee2024,
  author={Cheng, Yihua and Zhu, Yaning and Wang, Zongji and Hao, Hongquan and Liu, Yongwei and Cheng, Shiqing and Wang, Xi and Chang, Hyung Jin},
  booktitle={2024 IEEE/CVF Conference on Computer Vision and Pattern Recognition (CVPR)}, 
  title={What Do You See in Vehicle? Comprehensive Vision Solution for In-Vehicle Gaze Estimation}, 
  year=2024,
  volume={},
  number={},
  pages={1556-1565},
  keywords={Visualization;Image resolution;Annotations;Intelligent vehicles;Face recognition;Estimation;Transformers},
  doi={10.1109/CVPR52733.2024.00154}}

@inproceedings{chertiReproducibleScalingLaws2023,
  title = {Reproducible {{Scaling Laws}} for {{Contrastive Language-Image Learning}}},
  booktitle={2023 IEEE/CVF Conference on Computer Vision and Pattern Recognition (CVPR)}, 
  author = {Cherti, Mehdi and Beaumont, Romain and Wightman, Ross and Wortsman, Mitchell and Ilharco, Gabriel and Gordon, Cade and Schuhmann, Christoph and Schmidt, Ludwig and Jitsev, Jenia},
  year = 2023,
  pages = {2818--2829},
  publisher = {IEEE},
  location = {Vancouver, BC, Canada},
  doi = {10.1109/CVPR52729.2023.00276},
  url = {https://ieeexplore.ieee.org/document/10205297/},
  eventtitle = {2023 {{IEEE}}/{{CVF Conference}} on {{Computer Vision}} and {{Pattern Recognition}} ({{CVPR}})},
  isbn = {9798350301298}
}


@article{TeachCLIPDevelopAge,
  title={Teach CLIP to Develop a Number Sense for Ordinal Regression},
  author={Yao Du and Qiang Zhai and Weihang Dai and Xiaomeng Li},
  journal={ArXiv},
  year={2024},
  volume={abs/2408.03574},
  url={https://api.semanticscholar.org/CorpusID:271744959}
}

@incollection{DeepWarp,
  title = {{{DeepWarp}}: {{Photorealistic Image Resynthesis}} for {{Gaze Manipulation}}},
  shorttitle = {{{DeepWarp}}},
  booktitle = {European Conference on Computer Vision},
  author = {Ganin, Yaroslav and Kononenko, Daniil and Sungatullina, Diana and Lempitsky, Victor},
  editor = {Leibe, Bastian and Matas, Jiri and Sebe, Nicu and Welling, Max},
  year = 2016,
  volume = {9906},
  pages = {311--326},
  publisher = {Springer International Publishing},
  location = {Cham},
  doi = {10.1007/978-3-319-46475-6_20},
  url = {http://link.springer.com/10.1007/978-3-319-46475-6_20},
  isbn = {978-3-319-46474-9 978-3-319-46475-6}
}

@article{CLIPHand3D,
  title={{{CLIP-Hand3D: Exploiting 3D Hand Pose Estimation via Context-Aware Prompting}}},
  author={Shaoxiang Guo and Qing Cai and Lin Qi and Junyu Dong},
  journal={Proceedings of the 31st ACM International Conference on Multimedia},
  year={2023},
  url={https://api.semanticscholar.org/CorpusID:263135138}
}

@incollection{GazeAdv,
  title = {Domain {{Adaptation Gaze Estimation}} by {{Embedding}} with {{Prediction Consistency}}},
  booktitle={Asian Conference on Computer Vision} ,
  author = {Guo, Zidong and Yuan, Zejian and Zhang, Chong and Chi, Wanchao and Ling, Yonggen and Zhang, Shenghao},
  editor = {Ishikawa, Hiroshi and Liu, Cheng-Lin and Pajdla, Tomas and Shi, Jianbo},
  year = 2021,
  volume = {12626},
  pages = {292--307},
  publisher = {Springer International Publishing},
  location = {Cham},
  doi = {10.1007/978-3-030-69541-5_18},
  url = {http://link.springer.com/10.1007/978-3-030-69541-5_18},
  isbn = {978-3-030-69540-8 978-3-030-69541-5}
}

@inproceedings{Gaze360,
  title = {Gaze360: {{Physically Unconstrained Gaze Estimation}} in the {{Wild}}},
  shorttitle = {Gaze360},
  booktitle = {Proceedings of the IEEE/CVF International Conference on Computer Vision},
  author = {Kellnhofer, Petr and Recasens, Adria and Stent, Simon and Matusik, Wojciech and Torralba, Antonio},
  year = 2019,
  pages = {6911--6920},
  publisher = {IEEE},
  location = {Seoul, Korea (South)},
  doi = {10.1109/ICCV.2019.00701},
  url = {https://ieeexplore.ieee.org/document/9010825/},
  eventtitle = {2019 {{IEEE}}/{{CVF International Conference}} on {{Computer Vision}} ({{ICCV}})},
  isbn = {978-1-72814-803-8}
}


@article{GazeVR,
author = {Konrad, Robert and Angelopoulos, Anastasios and Wetzstein, Gordon},
title = {Gaze-Contingent Ocular Parallax Rendering for Virtual Reality},
year = {2020},
issue_date = {April 2020},
publisher = {Association for Computing Machinery},
address = {New York, NY, USA},
volume = {39},
number = {2},
issn = {0730-0301},
url = {https://doi.org/10.1145/3361330},
doi = {10.1145/3361330},
journal = {ACM Trans. Graph.},
month = jan,
articleno = {10},
numpages = {12},
keywords = {Computational displays, augmented reality, eye tracking, gaze-contingent rendering, virtual reality}
}

@inproceedings{Grounded,
  title = {Grounded {{Language-Image Pre-training}}},
  booktitle={2022 IEEE/CVF Conference on Computer Vision and Pattern Recognition (CVPR)}, 
  author = {Li, Liunian Harold and Zhang, Pengchuan and Zhang, Haotian and Yang, Jianwei and Li, Chunyuan and Zhong, Yiwu and Wang, Lijuan and Yuan, Lu and Zhang, Lei and Hwang, Jenq-Neng and Chang, Kai-Wei and Gao, Jianfeng},
  year = 2022,
  pages = {10955--10965},
  publisher = {IEEE},
  location = {New Orleans, LA, USA},
  doi = {10.1109/CVPR52688.2022.01069},
  url = {https://ieeexplore.ieee.org/document/9879567/},
  eventtitle = {2022 {{IEEE}}/{{CVF Conference}} on {{Computer Vision}} and {{Pattern Recognition}} ({{CVPR}})},
  isbn = {978-1-66546-946-3}
}

@inproceedings{Pnp-GA,
  title = {Generalizing {{Gaze Estimation}} with {{Outlier-guided Collaborative Adaptation}}},
  booktitle = {Proceedings of the IEEE/CVF International Conference on Computer Vision},
  author = {Liu, Yunfei and Liu, Ruicong and Wang, Haofei and Lu, Feng},
  year = 2021,
  pages = {3815--3824},
  publisher = {IEEE},
  location = {Montreal, QC, Canada},
  doi = {10.1109/ICCV48922.2021.00381},
  url = {https://ieeexplore.ieee.org/document/9710858/},
  eventtitle = {2021 {{IEEE}}/{{CVF International Conference}} on {{Computer Vision}} ({{ICCV}})},
  isbn = {978-1-66542-812-5}
}

@INPROCEEDINGS{GPM,
  author={Bao, Yiwei and Lu, Feng},
  booktitle={2024 IEEE/CVF Conference on Computer Vision and Pattern Recognition (CVPR)}, 
  title={From Feature to Gaze: A Generalizable Replacement of Linear Layer for Gaze Estimation}, 
  year={2024},
  volume={},
  number={},
  pages={1409-1418},
  keywords={Training;Degradation;Analytical models;Three-dimensional displays;Accuracy;Design methodology;Pose estimation;Gaze Estimation;Domain Generalization},
  doi={10.1109/CVPR52733.2024.00140}}


@article{Drivers,
  title = {Drivers Use Active Gaze to Monitor Waypoints during Automated Driving},
  author = {Mole, Callum and Pekkanen, Jami and Sheppard, William E. A. and Markkula, Gustav and Wilkie, Richard M.},
  year = 2021,
  journaltitle = {Scientific Reports},
 journal = {Scientific Reports},
  volume = {11},
  number = {1},
  pages = {263},
  doi = {10.1038/s41598-020-80126-2},
  url = {https://doi.org/10.1038/s41598-020-80126-2}
}

@inproceedings{Transformer,
  title = {Attention Is All You Need},
  booktitle = {Neural Information Processing Systems},
  author = {Vaswani, Ashish and Shazeer, Noam and Parmar, Niki and Uszkoreit, Jakob and Jones, Llion and Gomez, Aidan N and Kaiser, Łukasz and Polosukhin, Illia},
  editor = {Guyon, I. and Luxburg, U. Von and Bengio, S. and Wallach, H. and Fergus, R. and Vishwanathan, S. and Garnett, R.},
  year = 2017,
  volume = {30},
  publisher = {Curran Associates, Inc.},
  url = {https://proceedings.neurips.cc/paper_files/paper/2017/file/3f5ee243547dee91fbd053c1c4a845aa-Paper.pdf}
}

@INPROCEEDINGS{oh,
  author={Oh, Jun O and Chang, Hyung Jin and Choi, Sang-Il},
  booktitle={2022 IEEE/CVF Conference on Computer Vision and Pattern Recognition Workshops (CVPRW)}, 
  title={Self-Attention with Convolution and Deconvolution for Efficient Eye Gaze Estimation from a Full Face Image}, 
  year={2022},
  volume={},
  number={},
  pages={4988-4996},
  keywords={Training;Deconvolution;Convolution;Computational modeling;Face recognition;Estimation;Transforms},
  doi={10.1109/CVPRW56347.2022.00547}}


@inproceedings{StyleCLIP,
  title = {{{StyleCLIP}}: {{Text-Driven Manipulation}} of {{StyleGAN Imagery}}},
  shorttitle = {{{StyleCLIP}}},
  booktitle = {Proceedings of the IEEE/CVF International Conference on Computer Vision},
  author = {Patashnik, Or and Wu, Zongze and Shechtman, Eli and Cohen-Or, Daniel and Lischinski, Dani},
  year = 2021,
  pages = {2065--2074},
  publisher = {IEEE},
  location = {Montreal, QC, Canada},
  doi = {10.1109/ICCV48922.2021.00209},
  url = {https://ieeexplore.ieee.org/document/9710854/},
  eventtitle = {2021 {{IEEE}}/{{CVF International Conference}} on {{Computer Vision}} ({{ICCV}})},
  isbn = {978-1-66542-812-5}
}

@inproceedings{CLIPCluster,
  title = {{{CLIP-Cluster}}: {{CLIP-Guided Attribute Hallucination}} for {{Face Clustering}}},
  shorttitle = {{{CLIP-Cluster}}},
  booktitle = {Proceedings of the IEEE/CVF International Conference on Computer Vision},
  author = {Shen, Shuai and Li, Wanhua and Wang, Xiaobing and Zhang, Dafeng and Jin, Zhezhu and Zhou, Jie and Lu, Jiwen},
  year = 2023,
  pages = {20729--20738},
  publisher = {IEEE},
  location = {Paris, France},
  doi = {10.1109/ICCV51070.2023.01900},
  url = {https://ieeexplore.ieee.org/document/10378370/},
  eventtitle = {2023 {{IEEE}}/{{CVF International Conference}} on {{Computer Vision}} ({{ICCV}})},
  isbn = {9798350307184}
}

@inproceedings{ADDA,
  title = {Adversarial {{Discriminative Domain Adaptation}}},
 booktitle={2017 IEEE/CVF Conference on Computer Vision and Pattern Recognition (CVPR)}, 
  author = {Tzeng, Eric and Hoffman, Judy and Saenko, Kate and Darrell, Trevor},
  year = 2017,
  pages = {2962--2971},
  publisher = {IEEE},
  location = {Honolulu, HI},
  doi = {10.1109/CVPR.2017.316},
  url = {http://ieeexplore.ieee.org/document/8099799/},
  eventtitle = {2017 {{IEEE Conference}} on {{Computer Vision}} and {{Pattern Recognition}} ({{CVPR}})},
  isbn = {978-1-5386-0457-1}
}

@inproceedings{ContrastiveRegressionDomain,
  title = {Contrastive {{Regression}} for {{Domain Adaptation}} on {{Gaze Estimation}}},
  booktitle={2022 IEEE/CVF Conference on Computer Vision and Pattern Recognition (CVPR)}, 
  author = {Wang, Yaoming and Jiang, Yangzhou and Li, Jin and Ni, Bingbing and Dai, Wenrui and Li, Chenglin and Xiong, Hongkai and Li, Teng},
  year = 2022,
  pages = {19354--19363},
  publisher = {IEEE},
  location = {New Orleans, LA, USA},
  doi = {10.1109/CVPR52688.2022.01877},
  url = {https://ieeexplore.ieee.org/document/9879799/},
  eventtitle = {2022 {{IEEE}}/{{CVF Conference}} on {{Computer Vision}} and {{Pattern Recognition}} ({{CVPR}})},
  isbn = {978-1-66546-946-3}
}

@article{GazeCLIP,
  title={{{GazeCLIP}}: Towards Enhancing Gaze Estimation via Text Guidance},
  author={Jun Wang and Hao Ruan and Mingjie Wang and Chuanghui Zhang and Huachun Li and Jun Zhou},
  journal={ArXiv},
  year={2023},
  volume={abs/2401.00260},
  url={https://api.semanticscholar.org/CorpusID:266693788}
}

@inproceedings{wangGeneralizingEyeTracking2019,
  title = {Generalizing {{Eye Tracking With Bayesian Adversarial Learning}}},
  booktitle={2019 IEEE/CVF Conference on Computer Vision and Pattern Recognition (CVPR)}, 
  author = {Wang, Kang and Zhao, Rui and Su, Hui and Ji, Qiang},
  year = 2019,
  pages = {11899--11908},
  publisher = {IEEE},
  location = {Long Beach, CA, USA},
  doi = {10.1109/CVPR.2019.01218},
  url = {https://ieeexplore.ieee.org/document/8953976/},
  eventtitle = {2019 {{IEEE}}/{{CVF Conference}} on {{Computer Vision}} and {{Pattern Recognition}} ({{CVPR}})},
  isbn = {978-1-72813-293-8}
}

@inproceedings{SUGE,
  title = {Suppressing {{Uncertainty}} in {{Gaze Estimation}}},
  author = {Wang, Shijing and Huang, Yaping},
  year = 2024,
  journaltitle = {Proceedings of the AAAI Conference on Artificial Intelligence},
   booktitle = {Proceedings of the AAAI Conference on Artificial Intelligence},
  volume = {38},
  number = {6},
  pages = {5581--5589},
  doi = {10.1609/aaai.v38i6.28368},
  url = {https://ojs.aaai.org/index.php/AAAI/article/view/28368}
}

@inproceedings{GFAL,
  title = {Gaze from {{Origin}}: {{Learning}} for {{Generalized Gaze Estimation}} by {{Embedding}} the {{Gaze Frontalization Process}}},
  shorttitle = {Gaze from {{Origin}}},
  author = {Xu, Mingjie and Lu, Feng},
  year = 2024,
  journaltitle = {Proceedings of the AAAI Conference on Artificial Intelligence},
  booktitle = {Proceedings of the AAAI Conference on Artificial Intelligence},
  volume = {38},
  number = {6},
  pages = {6333--6341},
  doi = {10.1609/aaai.v38i6.28452},
  url = {https://ojs.aaai.org/index.php/AAAI/article/view/28452}
}

@inproceedings{CLIPGaze,
  title = {{{CLIP-Gaze}}: {{Towards General Gaze Estimation}} via {{Visual-Linguistic Model}}},
  shorttitle = {{{CLIP-Gaze}}},
  author = {Yin, Pengwei and Zeng, Guanzhong and Wang, Jingjing and Xie, Di},
  year = 2024,
  journaltitle = {Proceedings of the AAAI Conference on Artificial Intelligence},
  booktitle = {Proceedings of the AAAI Conference on Artificial Intelligence},
  volume = {38},
  number = {7},
  pages = {6729--6737},
  doi = {10.1609/aaai.v38i7.28496},
  url = {https://ojs.aaai.org/index.php/AAAI/article/view/28496}
}

@inproceedings{URGR,
  title = {Unsupervised {{Representation Learning}} for {{Gaze Estimation}}},
  booktitle={2020 IEEE/CVF Conference on Computer Vision and Pattern Recognition (CVPR)}, 
  author = {Yu, Yu and Odobez, Jean-Marc},
  year = 2020,
  pages = {7312--7322},
  publisher = {IEEE},
  location = {Seattle, WA, USA},
  doi = {10.1109/CVPR42600.2020.00734},
  url = {https://ieeexplore.ieee.org/document/9157235/},
  eventtitle = {2020 {{IEEE}}/{{CVF Conference}} on {{Computer Vision}} and {{Pattern Recognition}} ({{CVPR}})},
  isbn = {978-1-72817-168-5}
}

@inproceedings{WorDepth,
  title = {{{WorDepth}}: {{Variational Language Prior}} for {{Monocular Depth Estimation}}},
  shorttitle = {{{WorDepth}}},
  booktitle={2024 IEEE/CVF Conference on Computer Vision and Pattern Recognition (CVPR)}, 
  author = {Zeng, Ziyao and Wang, Daniel and Yang, Fengyu and Park, Hyoungseob and Soatto, Stefano and Lao, Dong and Wong, Alex},
  year =2024,
  pages = {9708--9719},
  publisher = {IEEE},
  location = {Seattle, WA, USA},
  doi = {10.1109/CVPR52733.2024.00927},
  url = {https://ieeexplore.ieee.org/document/10658211/},
  eventtitle = {2024 {{IEEE}}/{{CVF Conference}} on {{Computer Vision}} and {{Pattern Recognition}} ({{CVPR}})},
  isbn = {9798350353006}
}

@inproceedings{AppearancebasedGazeEstimation,
  title = {Appearance-Based Gaze Estimation in the Wild},
  booktitle={2015 IEEE/CVF Conference on Computer Vision and Pattern Recognition (CVPR)}, 
  author = {Zhang, Xucong and Sugano, Yusuke and Fritz, Mario and Bulling, Andreas},
  year = 2015,
  pages = {4511--4520},
  publisher = {IEEE},
  location = {Boston, MA, USA},
  doi = {10.1109/CVPR.2015.7299081},
  url = {http://ieeexplore.ieee.org/document/7299081/},
  eventtitle = {2015 {{IEEE Conference}} on {{Computer Vision}} and {{Pattern Recognition}} ({{CVPR}})},
  isbn = {978-1-4673-6964-0}
}


@article{DepthCLIP,
  title={Can Language Understand Depth?},
  author={Renrui Zhang and Ziyao Zeng and Ziyu Guo},
  journal={Proceedings of the 30th ACM International Conference on Multimedia},
  year={2022},
  url={https://api.semanticscholar.org/CorpusID:250264495}
}

@article{DCUA,
  title = {Domain-{{Consistent}} and {{Uncertainty-Aware Network}} for {{Generalizable Gaze Estimation}}},
  author = {Zhang, Sihui and Tian, Yi and Zhang, Yilei and Tian, Mei and Huang, Yaping},
  year = 2024,
  journal = {IEEE Transactions on Multimedia},
  shortjournal = {IEEE Trans. Multimedia},
  volume = {26},
  pages = {6996--7011},
  doi = {10.1109/TMM.2024.3358948},
  url = {https://ieeexplore.ieee.org/document/10415208/}
}

@INPROCEEDINGS{FullFace,
  author={Zhang, Xucong and Sugano, Yusuke and Fritz, Mario and Bulling, Andreas},
  booktitle={2017 IEEE Conference on Computer Vision and Pattern Recognition Workshops (CVPRW)}, 
  title={It’s Written All Over Your Face: Full-Face Appearance-Based Gaze Estimation}, 
  year={2017},
  volume={},
  number={},
  pages={2299-2308},
  keywords={Estimation;Three-dimensional displays;Two dimensional displays;Face;Cameras;Training},
  doi={10.1109/CVPRW.2017.284}}


@article{UncertaintyModelingGaze,
  title = {Uncertainty {{Modeling}} for {{Gaze Estimation}}},
  author = {Zhong, Wenqi and Xia, Chen and Zhang, Dingwen and Han, Junwei},
  year = 2024,
  journal = {Transactions on Image Processing},
  shortjournal = {IEEE Trans. on Image Process.},
  pages = {1--1},
  doi = {10.1109/TIP.2024.3364539},
  url = {https://ieeexplore.ieee.org/document/10438351/}
}

@article{COOP,
author = {Zhou, Kaiyang and Yang, Jingkang and Loy, Chen Change and Liu, Ziwei},
title = {Learning to Prompt for Vision-Language Models},
year = {2022},
issue_date = {Sep 2022},
publisher = {Kluwer Academic Publishers},
address = {USA},
volume = {130},
number = {9},
issn = {0920-5691},
url = {https://doi.org/10.1007/s11263-022-01653-1},
doi = {10.1007/s11263-022-01653-1},
journal = {Int. J. Comput. Vision},
month = sep,
pages = {2337–2348},
numpages = {12}
}

@inproceedings{ZegCLIP,
  title = {{{ZegCLIP}}: {{Towards Adapting CLIP}} for {{Zero-shot Semantic Segmentation}}},
  shorttitle = {{{ZegCLIP}}},
  booktitle={2023 IEEE/CVF Conference on Computer Vision and Pattern Recognition (CVPR)},
  author = {Zhou, Ziqin and Lei, Yinjie and Zhang, Bowen and Liu, Lingqiao and Liu, Yifan},
  year = 2023,
  pages = {11175--11185},
  publisher = {IEEE},
  location = {Vancouver, BC, Canada},
  doi = {10.1109/CVPR52729.2023.01075},
  url = {https://ieeexplore.ieee.org/document/10203528/},
  eventtitle = {2023 {{IEEE}}/{{CVF Conference}} on {{Computer Vision}} and {{Pattern Recognition}} ({{CVPR}})},
  isbn = {9798350301298}
}

@inproceedings{CLIPGap,
  title = {{{CLIP}} the {{Gap}}: {{A Single Domain Generalization Approach}} for {{Object Detection}}},
  shorttitle = {{{CLIP}} the {{Gap}}},
  booktitle={2023 IEEE/CVF Conference on Computer Vision and Pattern Recognition (CVPR)},
  author = {Vidit, Vidit and Engilberge, Martin and Salzmann, Mathieu},
  year = 2023,
  pages = {3219--3229},
  publisher = {IEEE},
  location = {Vancouver, BC, Canada},
  doi = {10.1109/CVPR52729.2023.00314},
  url = {https://ieeexplore.ieee.org/document/10203104/},
  eventtitle = {2023 {{IEEE}}/{{CVF Conference}} on {{Computer Vision}} and {{Pattern Recognition}} ({{CVPR}})},
  isbn = {9798350301298}
}

@article{Gate,
  title={Gated Multimodal Units for Information Fusion},
  author={John Arevalo and Thamar Solorio and Manuel Montes-y-G{\'o}mez and Fabio A. Gonz{\'a}lez},
  journal={ArXiv},
  year=2017,
  volume={abs/1702.01992},
  url={https://api.semanticscholar.org/CorpusID:9401721}
}

@inproceedings{eye,
  title = {{{EYEDIAP}}: A Database for the Development and Evaluation of Gaze Estimation Algorithms from {{RGB}} and {{RGB-D}} Cameras},
  shorttitle = {{{EYEDIAP}}},
  booktitle = {Proceedings of the {{Symposium}} on {{Eye Tracking Research}} and {{Applications}}},
  author = {Funes Mora, Kenneth Alberto and Monay, Florent and Odobez, Jean-Marc},
  year =2014,
  pages = {255--258},
  publisher = {ACM},
  location = {Safety Harbor Florida},
  doi = {10.1145/2578153.2578190},
  url = {https://dl.acm.org/doi/10.1145/2578153.2578190},
  eventtitle = {{{ETRA}} '14: {{Eye Tracking Research}} and {{Applications}}},
  isbn = {978-1-4503-2751-0}
}

@article{kmeans,
  title = {K-Means Clustering Algorithms: {{A}} Comprehensive Review, Variants Analysis, and Advances in the Era of Big Data},
  shorttitle = {K-Means Clustering Algorithms},
  author = {Ikotun, Abiodun M. and Ezugwu, Absalom E. and Abualigah, Laith and Abuhaija, Belal and Heming, Jia},
  year = 2023,
  journaltitle = {Information Sciences},
  journal = {Information Sciences},
  volume = {622},
  pages = {178--210},
  doi = {10.1016/j.ins.2022.11.139},
  url = {https://www.sciencedirect.com/science/article/pii/S0020025522014633}
}

@article{sne,
  title = {Visualizing {{Data}} Using T-{{SNE}}},
  author = {Laurens van der Maaten and Hinton, Geoffrey},
  year = 2008,
  journal = {Journal of Machine Learning Research},
  volume = {9},
  number = {86},
  pages = {2579--2605},
  url = {http://jmlr.org/papers/v9/vandermaaten08a.html}
}

@article{eth,
  title = {{{ETH-XGaze}}: {{A Large Scale Dataset}} for {{Gaze Estimation Under Extreme Head Pose}} and {{Gaze Variation}}},
  shorttitle = {{{ETH-XGaze}}},
  author = {Zhang, Xucong and Park, Seonwook and Beeler, Thabo and Bradley, Derek and Tang, Siyu and Hilliges, Otmar},
  year = 2020,
  journal = {European Conference on Computer Vision},
  series = {Guide {{Proceedings}}},
  pages = {365--381},
  doi = {10.1007/978-3-030-58558-7_22},
  url = {https://dlnext.acm.org/doi/10.1007/978-3-030-58558-7_22}
}

@article{MPII,
  title = {{{MPIIGaze}}: {{Real-World Dataset}} and {{Deep Appearance-Based Gaze Estimation}}},
  shorttitle = {{{MPIIGaze}}},
  author = {Zhang, Xucong and Sugano, Yusuke and Fritz, Mario and Bulling, Andreas},
  year = 2019,
  journal = {IEEE Transactions on Pattern Analysis and Machine Intelligence},
  volume = {41},
  number = {1},
  pages = {162--175},
  doi = {10.1109/TPAMI.2017.2778103},
  url = {https://ieeexplore.ieee.org/document/8122058/}
}

@article{dropout,
  title = {Dropout: A Simple Way to Prevent Neural Networks from Overfitting},
  shorttitle = {Dropout},
  author = {Srivastava, Nitish and Hinton, Geoffrey and Krizhevsky, Alex and Sutskever, Ilya and Salakhutdinov, Ruslan},
  year = 2014,
  journal = {J. Mach. Learn. Res.},
  volume = {15},
  number = {1},
  pages = {1929--1958}
}

@inproceedings{RT,
author = {Fischer, Tobias and Chang, Hyung Jin and Demiris, Yiannis},
title = {RT-GENE: Real-Time Eye Gaze Estimation in Natural Environments},
year = 2018,
isbn = {978-3-030-01248-9},
publisher = {Springer-Verlag},
doi = {10.1007/978-3-030-01249-6_21},
booktitle = {European Conference on Computer Vision},
pages = {339–357},
numpages = {19},
keywords = {Eyetracking glasses, Semantic inpainting, Convolutional neural network, Gaze dataset, Gaze estimation},
location = {Munich, Germany}
}

@INPROCEEDINGS{Itracker,
  author={Krafka, Kyle and Khosla, Aditya and Kellnhofer, Petr and Kannan, Harini and Bhandarkar, Suchendra and Matusik, Wojciech and Torralba, Antonio},
  booktitle={2016 IEEE/CVF Conference on Computer Vision and Pattern Recognition (CVPR)}, 
  title={Eye Tracking for Everyone}, 
  year=2016,
  volume={},
  number={},
  pages={2176-2184},
  keywords={Gaze tracking;Mobile handsets;Crowdsourcing;Cameras;Real-time systems;Data models;Reliability},
  doi={10.1109/CVPR.2016.239}}

@ARTICLE{FAR,
  author={Cheng, Yihua and Zhang, Xucong and Lu, Feng and Sato, Yoichi},
  journal={Transactions on Image Processing}, 
  title={Gaze Estimation by Exploring Two-Eye Asymmetry}, 
  year=2020,
  volume={29},
  number={},
  pages={5259-5272},
  keywords={Estimation;Face;Three-dimensional displays;Cameras;Task analysis;Feature extraction;Gaze estimation;asymmetric regression;evaluation network;eye appearance},
  doi={10.1109/TIP.2020.2982828}}
@inproceedings{DAGEN,
author = {Guo, Zidong and Yuan, Zejian and Zhang, Chong and Chi, Wanchao and Ling, Yonggen and Zhang, Shenghao},
title = {Domain Adaptation Gaze Estimation by Embedding with Prediction Consistency},
year = 2020,
isbn = {978-3-030-69540-8},
publisher = {Springer-Verlag},
address = {Berlin, Heidelberg},
url = {https://doi.org/10.1007/978-3-030-69541-5_18},
doi = {10.1007/978-3-030-69541-5_18},
booktitle={Asian Conference on Computer Vision},
pages = {292–307},
numpages = {16},
location = {Kyoto, Japan}
}






