@article{arjovsky2019invariant,
  title={Invariant risk minimization},
  author={Arjovsky, Martin and Bottou, L{\'e}on and Gulrajani, Ishaan and Lopez-Paz, David},
  journal={arXiv preprint arXiv:1907.02893},
  year={2019}
}

@article{ben2013robust,
  title={Robust solutions of optimization problems affected by uncertain probabilities},
  author={Ben-Tal, Aharon and Den Hertog, Dick and De Waegenaere, Anja and Melenberg, Bertrand and Rennen, Gijs},
  journal={Management Science},
  volume={59},
  number={2},
  pages={341--357},
  year={2013},
  publisher={INFORMS}
}

@inproceedings{blanke2024interpretable,
  title={Interpretable Meta-Learning of Physical Systems},
  author={Blanke, Matthieu and Lelarge, Marc},
  booktitle={ICLR 2024-The Twelfth International Conference on Learning Representations},
  year={2024}
}

@article{bodnar2024aurora,
  title={Aurora: A foundation model of the atmosphere},
  author={Bodnar, Cristian and Bruinsma, Wessel P and Lucic, Ana and Stanley, Megan and Brandstetter, Johannes and Garvan, Patrick and Riechert, Maik and Weyn, Jonathan and Dong, Haiyu and Vaughan, Anna and others},
  journal={arXiv preprint arXiv:2405.13063},
  year={2024}
}

@article{brandstetter2022message,
  title={Message passing neural PDE solvers},
  author={Brandstetter, Johannes and Worrall, Daniel and Welling, Max},
  journal={arXiv preprint arXiv:2202.03376},
  year={2022}
}

@article{brenner2024learning,
  title={Learning Interpretable Hierarchical Dynamical Systems Models from Time Series Data},
  author={Brenner, Manuel and Weber, Elias and Koppe, Georgia and Durstewitz, Daniel},
  journal={arXiv preprint arXiv:2410.04814},
  year={2024}
}

@article{caruana1997multitask,
  title={Multitask learning},
  author={Caruana, Rich},
  journal={Machine learning},
  volume={28},
  pages={41--75},
  year={1997},
  publisher={Springer}
}

@article{chen2018neural,
  title={Neural ordinary differential equations},
  author={Chen, Ricky TQ and Rubanova, Yulia and Bettencourt, Jesse and Duvenaud, David K},
  journal={Advances in neural information processing systems},
  volume={31},
  year={2018}
}

@article{chen2022towards,
  title={Towards understanding the mixture-of-experts layer in deep learning},
  author={Chen, Zixiang and Deng, Yihe and Wu, Yue and Gu, Quanquan and Li, Yuanzhi},
  journal={Advances in neural information processing systems},
  volume={35},
  pages={23049--23062},
  year={2022}
}

@article{cuomo2022scientific,
  title={Scientific machine learning through physics--informed neural networks: Where we are and whatâ€™s next},
  author={Cuomo, Salvatore and Di Cola, Vincenzo Schiano and Giampaolo, Fabio and Rozza, Gianluigi and Raissi, Maziar and Piccialli, Francesco},
  journal={Journal of Scientific Computing},
  volume={92},
  number={3},
  pages={88},
  year={2022},
  publisher={Springer}
}

@article{dai2024deepseekmoe,
  title={Deepseekmoe: Towards ultimate expert specialization in mixture-of-experts language models},
  author={Dai, Damai and Deng, Chengqi and Zhao, Chenggang and Xu, RX and Gao, Huazuo and Chen, Deli and Li, Jiashi and Zeng, Wangding and Yu, Xingkai and Wu, Y and others},
  journal={arXiv preprint arXiv:2401.06066},
  year={2024}
}

@article{davidian2003nonlinear,
  title={Nonlinear models for repeated measurement data: an overview and update},
  author={Davidian, Marie and Giltinan, David M},
  journal={Journal of agricultural, biological, and environmental statistics},
  volume={8},
  pages={387--419},
  year={2003},
  publisher={Springer}
}

@article{fedus2022switch,
  title={Switch transformers: Scaling to trillion parameter models with simple and efficient sparsity},
  author={Fedus, William and Zoph, Barret and Shazeer, Noam},
  journal={Journal of Machine Learning Research},
  volume={23},
  number={120},
  pages={1--39},
  year={2022}
}

@inproceedings{garnelo2018conditional,
  title={Conditional neural processes},
  author={Garnelo, Marta and Rosenbaum, Dan and Maddison, Christopher and Ramalho, Tiago and Saxton, David and Shanahan, Murray and Teh, Yee Whye and Rezende, Danilo and Eslami, SM Ali},
  booktitle={International conference on machine learning},
  pages={1704--1713},
  year={2018},
  organization={PMLR}
}

@article{guo2025deepseek,
  title={DeepSeek-R1: Incentivizing Reasoning Capability in LLMs via Reinforcement Learning},
  author={Guo, Daya and Yang, Dejian and Zhang, Haowei and Song, Junxiao and Zhang, Ruoyu and Xu, Runxin and Zhu, Qihao and Ma, Shirong and Wang, Peiyi and Bi, Xiao and others},
  journal={arXiv preprint arXiv:2501.12948},
  year={2025}
}

@article{he2024mixture,
  title={Mixture of a million experts},
  author={He, Xu Owen},
  journal={arXiv preprint arXiv:2407.04153},
  year={2024}
}

@article{herde2024poseidon,
  title={Poseidon: Efficient Foundation Models for PDEs},
  author={Herde, Maximilian and Raoni{\'c}, Bogdan and Rohner, Tobias and K{\"a}ppeli, Roger and Molinaro, Roberto and de B{\'e}zenac, Emmanuel and Mishra, Siddhartha},
  journal={arXiv preprint arXiv:2405.19101},
  year={2024}
}

@article{hospedales2021meta,
  title={Meta-learning in neural networks: A survey},
  author={Hospedales, Timothy and Antoniou, Antreas and Micaelli, Paul and Storkey, Amos},
  journal={IEEE transactions on pattern analysis and machine intelligence},
  volume={44},
  number={9},
  pages={5149--5169},
  year={2021},
  publisher={IEEE}
}

@article{hu2021lora,
  title={Lora: Low-rank adaptation of large language models},
  author={Hu, Edward J and Shen, Yelong and Wallis, Phillip and Allen-Zhu, Zeyuan and Li, Yuanzhi and Wang, Shean and Wang, Lu and Chen, Weizhu},
  journal={arXiv preprint arXiv:2106.09685},
  year={2021}
}

@article{jacobs1991adaptive,
  title={Adaptive mixtures of local experts},
  author={Jacobs, Robert A and Jordan, Michael I and Nowlan, Steven J and Hinton, Geoffrey E},
  journal={Neural computation},
  volume={3},
  number={1},
  pages={79--87},
  year={1991},
  publisher={MIT Press}
}

@article{jiang2024mixtral,
  title={Mixtral of experts},
  author={Jiang, Albert Q and Sablayrolles, Alexandre and Roux, Antoine and Mensch, Arthur and Savary, Blanche and Bamford, Chris and Chaplot, Devendra Singh and Casas, Diego de las and Hanna, Emma Bou and Bressand, Florian and others},
  journal={arXiv preprint arXiv:2401.04088},
  year={2024}
}

@inproceedings{kirchmeyer2022generalizing,
  title={Generalizing to new physical systems via context-informed dynamics model},
  author={Kirchmeyer, Matthieu and Yin, Yuan and Don{\`a}, J{\'e}r{\'e}mie and Baskiotis, Nicolas and Rakotomamonjy, Alain and Gallinari, Patrick},
  booktitle={International Conference on Machine Learning},
  pages={11283--11301},
  year={2022},
  organization={PMLR}
}

@article{kochkov2024neural,
  title={Neural general circulation models for weather and climate},
  author={Kochkov, Dmitrii and Yuval, Janni and Langmore, Ian and Norgaard, Peter and Smith, Jamie and Mooers, Griffin and Kl{\"o}wer, Milan and Lottes, James and Rasp, Stephan and D{\"u}ben, Peter and others},
  journal={Nature},
  volume={632},
  number={8027},
  pages={1060--1066},
  year={2024},
  publisher={Nature Publishing Group UK London}
}

@inproceedings{koupai2024boosting,
  title={Boosting Generalization in Parametric PDE Neural Solvers through Adaptive Conditioning},
  author={Koupa{\"\i}, Armand Kassa{\"\i} and Benet, Jorge Mifsut and Yin, Yuan and Vittaut, Jean-No{\"e}l and Gallinari, Patrick},
  year={2024},
  booktitle={The Thirty-eighth Annual Conference on Neural Information Processing Systems}
}

@inproceedings{krueger2021out,
  title={Out-of-distribution generalization via risk extrapolation (rex)},
  author={Krueger, David and Caballero, Ethan and Jacobsen, Joern-Henrik and Zhang, Amy and Binas, Jonathan and Zhang, Dinghuai and Le Priol, Remi and Courville, Aaron},
  booktitle={International conference on machine learning},
  pages={5815--5826},
  year={2021},
  organization={PMLR}
}

@article{nguyen2023climax,
  title={ClimaX: A foundation model for weather and climate},
  author={Nguyen, Tung and Brandstetter, Johannes and Kapoor, Ashish and Gupta, Jayesh K and Grover, Aditya},
  journal={arXiv preprint arXiv:2301.10343},
  year={2023}
}

@inproceedings{nzoyem2023comparison,
  title={A Comparison of Mesh-Free Differentiable Programming and Data-Driven Strategies for Optimal Control under PDE Constraints},
  author={Nzoyem, Roussel Desmond and Barton, David AW and Deakin, Tom},
  booktitle={Proceedings of the SC'23 Workshops of The International Conference on High Performance Computing, Network, Storage, and Analysis},
  pages={21--28},
  year={2023}
}

@inproceedings{roeder2019efficient,
  title={Efficient amortised Bayesian inference for hierarchical and nonlinear dynamical systems},
  author={Roeder, Geoffrey and Grant, Paul and Phillips, Andrew and Dalchau, Neil and Meeds, Edward},
  booktitle={International Conference on Machine Learning},
  pages={4445--4455},
  year={2019},
  organization={PMLR}
}

@article{sagawa2020distributionally,
  title={Distributionally robust neural networks for group shifts: On the importance of regularization for worst-case generalization},
  author={Sagawa, Shiori and Koh, Pang Wei and Hashimoto, Tatsunori B and Liang, Percy},
  journal={8th International Conference on Learning Representations, ICLR 2020, Addis Ababa, Ethiopia, April 26-30, 2020},
  year={2020},
  url={https://openreview. net/forum?id=ryxGuJrFvS}
}

@article{serrano2024zebra,
  title={Zebra: In-Context and Generative Pretraining for Solving Parametric PDEs},
  author={Serrano, Louis and Koupa{\"\i}, Armand Kassa{\"\i} and Wang, Thomas X and Erbacher, Pierre and Gallinari, Patrick},
  journal={arXiv preprint arXiv:2410.03437},
  year={2024}
}

@article{shazeer2017outrageously,
  title={Outrageously large neural networks: The sparsely-gated mixture-of-experts layer},
  author={Shazeer, Noam and Mirhoseini, Azalia and Maziarz, Krzysztof and Davis, Andy and Le, Quoc and Hinton, Geoffrey and Dean, Jeff},
  journal={arXiv preprint arXiv:1701.06538},
  year={2017}
}

@article{subramanian2024towards,
  title={Towards foundation models for scientific machine learning: Characterizing scaling and transfer behavior},
  author={Subramanian, Shashank and Harrington, Peter and Keutzer, Kurt and Bhimji, Wahid and Morozov, Dmitriy and Mahoney, Michael W and Gholami, Amir},
  journal={Advances in Neural Information Processing Systems},
  volume={36},
  year={2024}
}

@inproceedings{takamoto2023learning,
  title={Learning neural pde solvers with parameter-guided channel attention},
  author={Takamoto, Makoto and Alesiani, Francesco and Niepert, Mathias},
  booktitle={International Conference on Machine Learning},
  pages={33448--33467},
  year={2023},
  organization={PMLR}
}

@article{wang2022meta,
  title={Meta-learning dynamics forecasting using task inference},
  author={Wang, Rui and Walters, Robin and Yu, Rose},
  journal={Advances in Neural Information Processing Systems},
  volume={35},
  pages={21640--21653},
  year={2022}
}

@article{yin2021leads,
  title={LEADS: Learning dynamical systems that generalize across environments},
  author={Yin, Yuan and Ayed, Ibrahim and de B{\'e}zenac, Emmanuel and Baskiotis, Nicolas and Gallinari, Patrick},
  journal={Advances in Neural Information Processing Systems},
  volume={34},
  pages={7561--7573},
  year={2021}
}

@inproceedings{zintgraf2019fast,
  title={Fast context adaptation via meta-learning},
  author={Zintgraf, Luisa and Shiarli, Kyriacos and Kurin, Vitaly and Hofmann, Katja and Whiteson, Shimon},
  booktitle={International Conference on Machine Learning},
  pages={7693--7702},
  year={2019},
  organization={PMLR}
}

