@article{chen2018neural,
  title={Neural ordinary differential equations},
  author={Chen, Ricky TQ and Rubanova, Yulia and Bettencourt, Jesse and Duvenaud, David K},
  journal={Advances in neural information processing systems},
  volume={31},
  year={2018}
}
@inproceedings{wang2021bridging,
  title={Bridging multi-task learning and meta-learning: Towards efficient training and effective adaptation},
  author={Wang, Haoxiang and Zhao, Han and Li, Bo},
  booktitle={International conference on machine learning},
  pages={10991--11002},
  year={2021},
  organization={PMLR}
}
@article{hospedales2021meta,
  title={Meta-learning in neural networks: A survey},
  author={Hospedales, Timothy and Antoniou, Antreas and Micaelli, Paul and Storkey, Amos},
  journal={IEEE transactions on pattern analysis and machine intelligence},
  volume={44},
  number={9},
  pages={5149--5169},
  year={2021},
  publisher={IEEE}
}
@inproceedings{finn2017model,
  title={Model-agnostic meta-learning for fast adaptation of deep networks},
  author={Finn, Chelsea and Abbeel, Pieter and Levine, Sergey},
  booktitle={International conference on machine learning},
  pages={1126--1135},
  year={2017},
  organization={PMLR}
}
@article{kidger2022neural,
  title={On neural differential equations},
  author={Kidger, Patrick},
  journal={arXiv preprint arXiv:2202.02435},
  year={2022}
}
@article{rackauckas2020universal,
  title={Universal differential equations for scientific machine learning},
  author={Rackauckas, Christopher and Ma, Yingbo and Martensen, Julius and Warner, Collin and Zubov, Kirill and Supekar, Rohit and Skinner, Dominic and Ramadhan, Ali and Edelman, Alan},
  journal={arXiv preprint arXiv:2001.04385},
  year={2020}
}
@inproceedings{kirchmeyer2022generalizing,
  title={Generalizing to new physical systems via context-informed dynamics model},
  author={Kirchmeyer, Matthieu and Yin, Yuan and Don{\`a}, J{\'e}r{\'e}mie and Baskiotis, Nicolas and Rakotomamonjy, Alain and Gallinari, Patrick},
  booktitle={International Conference on Machine Learning},
  pages={11283--11301},
  year={2022},
  organization={PMLR}
}
@article{yin2021leads,
  title={LEADS: Learning dynamical systems that generalize across environments},
  author={Yin, Yuan and Ayed, Ibrahim and de B{\'e}zenac, Emmanuel and Baskiotis, Nicolas and Gallinari, Patrick},
  journal={Advances in Neural Information Processing Systems},
  volume={34},
  pages={7561--7573},
  year={2021}
}
@article{wang2022meta,
  title={Meta-learning dynamics forecasting using task inference},
  author={Wang, Rui and Walters, Robin and Yu, Rose},
  journal={Advances in Neural Information Processing Systems},
  volume={35},
  pages={21640--21653},
  year={2022}
}
@inproceedings{nzoyem2023comparison,
  title={A Comparison of Mesh-Free Differentiable Programming and Data-Driven Strategies for Optimal Control under PDE Constraints},
  author={Nzoyem, Roussel Desmond and Barton, David AW and Deakin, Tom},
  booktitle={Proceedings of the SC'23 Workshops of The International Conference on High Performance Computing, Network, Storage, and Analysis},
  pages={21--28},
  year={2023}
}
@article{yin2021augmenting,
  title={Augmenting physical models with deep networks for complex dynamics forecasting},
  author={Yin, Yuan and Le Guen, Vincent and Dona, J{\'e}r{\'e}mie and de B{\'e}zenac, Emmanuel and Ayed, Ibrahim and Thome, Nicolas and Gallinari, Patrick},
  journal={Journal of Statistical Mechanics: Theory and Experiment},
  volume={2021},
  number={12},
  pages={124012},
  year={2021},
  publisher={IOP Publishing}
}
@article{lu2018learning,
  title={Learning under concept drift: A review},
  author={Lu, Jie and Liu, Anjin and Dong, Fan and Gu, Feng and Gama, Joao and Zhang, Guangquan},
  journal={IEEE transactions on knowledge and data engineering},
  volume={31},
  number={12},
  pages={2346--2363},
  year={2018},
  publisher={IEEE}
}
@article{kidger2020neural,
  title={Neural controlled differential equations for irregular time series},
  author={Kidger, Patrick and Morrill, James and Foster, James and Lyons, Terry},
  journal={Advances in Neural Information Processing Systems},
  volume={33},
  pages={6696--6707},
  year={2020}
}
@inproceedings{he2016deep,
  title={Deep residual learning for image recognition},
  author={He, Kaiming and Zhang, Xiangyu and Ren, Shaoqing and Sun, Jian},
  booktitle={Proceedings of the IEEE conference on computer vision and pattern recognition},
  pages={770--778},
  year={2016}
}
@article{haber2017stable,
  title={Stable architectures for deep neural networks},
  author={Haber, Eldad and Ruthotto, Lars},
  journal={Inverse problems},
  volume={34},
  number={1},
  pages={014004},
  year={2017},
  publisher={IOP Publishing}
}
@article{weinan2017proposal,
  title={A proposal on machine learning via dynamical systems},
  author={Weinan, Ee},
  journal={Communications in Mathematics and Statistics},
  volume={1},
  number={5},
  pages={1--11},
  year={2017}
}
@inproceedings{ma2021comparison,
  title={A comparison of automatic differentiation and continuous sensitivity analysis for derivatives of differential equation solutions},
  author={Ma, Yingbo and Dixit, Vaibhav and Innes, Michael J and Guo, Xingjian and Rackauckas, Chris},
  booktitle={2021 IEEE High Performance Extreme Computing Conference (HPEC)},
  pages={1--9},
  year={2021},
  organization={IEEE}
}
@article{shen2023differentiable,
  title={Differentiable modelling to unify machine learning and physical models for geosciences},
  author={Shen, Chaopeng and Appling, Alison P and Gentine, Pierre and Bandai, Toshiyuki and Gupta, Hoshin and Tartakovsky, Alexandre and Baity-Jesi, Marco and Fenicia, Fabrizio and Kifer, Daniel and Li, Li and others},
  journal={Nature Reviews Earth \& Environment},
  pages={1--16},
  year={2023},
  publisher={Nature Publishing Group UK London}
}
@article{owoyele2022chemnode,
  title={ChemNODE: A neural ordinary differential equations framework for efficient chemical kinetic solvers},
  author={Owoyele, Opeoluwa and Pal, Pinaki},
  journal={Energy and AI},
  volume={7},
  pages={100118},
  year={2022},
  publisher={Elsevier}
}
@article{portwood2019turbulence,
  title={Turbulence forecasting via neural ode},
  author={Portwood, Gavin D and Mitra, Peetak P and Ribeiro, Mateus Dias and Nguyen, Tan Minh and Nadiga, Balasubramanya T and Saenz, Juan A and Chertkov, Michael and Garg, Animesh and Anandkumar, Anima and Dengel, Andreas and others},
  journal={arXiv preprint arXiv:1911.05180},
  year={2019}
}
@article{caruana1997multitask,
  title={Multitask learning},
  author={Caruana, Rich},
  journal={Machine learning},
  volume={28},
  pages={41--75},
  year={1997},
  publisher={Springer}
}
@article{rebuffi2017learning,
  title={Learning multiple visual domains with residual adapters},
  author={Rebuffi, Sylvestre-Alvise and Bilen, Hakan and Vedaldi, Andrea},
  journal={Advances in neural information processing systems},
  volume={30},
  year={2017}
}
@inproceedings{rebuffi2018efficient,
  title={Efficient parametrization of multi-domain deep neural networks},
  author={Rebuffi, Sylvestre-Alvise and Bilen, Hakan and Vedaldi, Andrea},
  booktitle={Proceedings of the IEEE Conference on Computer Vision and Pattern Recognition},
  pages={8119--8127},
  year={2018}
}
@article{chauhan2023brief,
  title={A Brief Review of Hypernetworks in Deep Learning},
  author={Chauhan, Vinod Kumar and Zhou, Jiandong and Lu, Ping and Molaei, Soheila and Clifton, David A},
  journal={arXiv preprint arXiv:2306.06955},
  year={2023}
}
@misc{torchdiffeq,
	author={Chen, Ricky T. Q.},
	title={torchdiffeq},
	year={2018},
	url={https://github.com/rtqichen/torchdiffeq},
}
@article{politorchdyn,
  title={TorchDyn: Implicit Models and Neural Numerical Methods in PyTorch},
  author={Poli, Michael and Massaroli, Stefano and Yamashita, Atsushi and Asama, Hajime and Park, Jinkyoo and Ermon, Stefano}
}
@softwareversion {nzoyem2023updec,
  title = {Updec},
  author = {Nzoyem, Roussel},
  url = {https://github.com/ddrous/Updec/},
  date = {2023-06},
  file = {https://github.com/ddrous/Updec/archive/refs/tags/v0.1.2.zip},
  institution = {GitHub},
  license = {MIT Licence},
  version = {0.1.2},
  note = {Third Updec pre-release version.},
  repository= {https://github.com/ddrous/Updec/},
  abstract = {A scalable framework for meshless and data-driven PDE modelling and control.}
}
@article{dupont2019augmented,
  title={Augmented neural odes},
  author={Dupont, Emilien and Doucet, Arnaud and Teh, Yee Whye},
  journal={Advances in neural information processing systems},
  volume={32},
  year={2019}
}
@article{wu2012grey,
  title={Grey Lotka--Volterra model and its application},
  author={Wu, Lifeng and Liu, Sifeng and Wang, Yinao},
  journal={Technological Forecasting and Social Change},
  volume={79},
  number={9},
  pages={1720--1730},
  year={2012},
  publisher={Elsevier}
}
@article{venturino1994influence,
  title={The influence of diseases on Lotka-Volterra systems},
  author={Venturino, Ezio},
  journal={The Rocky Mountain Journal of Mathematics},
  pages={381--402},
  year={1994},
  publisher={JSTOR}
}
@article{daniels2015efficient,
  title={Efficient inference of parsimonious phenomenological models of cellular dynamics using S-systems and alternating regression},
  author={Daniels, Bryan C and Nemenman, Ilya},
  journal={PloS one},
  volume={10},
  number={3},
  pages={e0119821},
  year={2015},
  publisher={Public Library of Science San Francisco, CA USA}
}
@article{kidger2021equinox,
    author={Patrick Kidger and Cristian Garcia},
    title={{E}quinox: neural networks in {JAX} via callable {P}y{T}rees and filtered transformations},
    year={2021},
    journal={Differentiable Programming workshop at Neural Information Processing Systems 2021}
}
@article{cuomo2022scientific,
  title={Scientific machine learning through physics--informed neural networks: Where we are and whatâ€™s next},
  author={Cuomo, Salvatore and Di Cola, Vincenzo Schiano and Giampaolo, Fabio and Rozza, Gianluigi and Raissi, Maziar and Piccialli, Francesco},
  journal={Journal of Scientific Computing},
  volume={92},
  number={3},
  pages={88},
  year={2022},
  publisher={Springer}
}
@article{massaroli2020dissecting,
  title={Dissecting neural odes},
  author={Massaroli, Stefano and Poli, Michael and Park, Jinkyoo and Yamashita, Atsushi and Asama, Hajime},
  journal={Advances in Neural Information Processing Systems},
  volume={33},
  pages={3952--3963},
  year={2020}
}
@article{bacaer2011lotka,
  title={Lotka, Volterra and the predator--prey system (1920--1926)},
  author={Baca{\"e}r, Nicolas and Baca{\"e}r, Nicolas},
  journal={A short history of mathematical population dynamics},
  pages={71--76},
  year={2011},
  publisher={Springer}
}
@ARTICLE{2020SciPy-NMeth,
  author  = {Virtanen, Pauli and Gommers, Ralf and Oliphant, Travis E. and
            Haberland, Matt and Reddy, Tyler and Cournapeau, David and
            Burovski, Evgeni and Peterson, Pearu and Weckesser, Warren and
            Bright, Jonathan and {van der Walt}, St{\'e}fan J. and
            Brett, Matthew and Wilson, Joshua and Millman, K. Jarrod and
            Mayorov, Nikolay and Nelson, Andrew R. J. and Jones, Eric and
            Kern, Robert and Larson, Eric and Carey, C J and
            Polat, {\.I}lhan and Feng, Yu and Moore, Eric W. and
            {VanderPlas}, Jake and Laxalde, Denis and Perktold, Josef and
            Cimrman, Robert and Henriksen, Ian and Quintero, E. A. and
            Harris, Charles R. and Archibald, Anne M. and
            Ribeiro, Ant{\^o}nio H. and Pedregosa, Fabian and
            {van Mulbregt}, Paul and {SciPy 1.0 Contributors}},
  title   = {{{SciPy} 1.0: Fundamental Algorithms for Scientific
            Computing in Python}},
  journal = {Nature Methods},
  year    = {2020},
  volume  = {17},
  pages   = {261--272},
  adsurl  = {https://rdcu.be/b08Wh},
  doi     = {10.1038/s41592-019-0686-2},
}
@article{raghu2019rapid,
  title={Rapid learning or feature reuse? towards understanding the effectiveness of maml},
  author={Raghu, Aniruddh and Raghu, Maithra and Bengio, Samy and Vinyals, Oriol},
  journal={arXiv preprint arXiv:1909.09157},
  year={2019}
}
@article{li2017meta,
  title={Meta-sgd: Learning to learn quickly for few-shot learning},
  author={Li, Zhenguo and Zhou, Fengwei and Chen, Fei and Li, Hang},
  journal={arXiv preprint arXiv:1707.09835},
  year={2017}
}
@inproceedings{zintgraf2019fast,
  title={Fast context adaptation via meta-learning},
  author={Zintgraf, Luisa and Shiarli, Kyriacos and Kurin, Vitaly and Hofmann, Katja and Whiteson, Shimon},
  booktitle={International Conference on Machine Learning},
  pages={7693--7702},
  year={2019},
  organization={PMLR}
}
@inproceedings{perez2018film,
  title={Film: Visual reasoning with a general conditioning layer},
  author={Perez, Ethan and Strub, Florian and De Vries, Harm and Dumoulin, Vincent and Courville, Aaron},
  booktitle={Proceedings of the AAAI conference on artificial intelligence},
  volume={32},
  number={1},
  year={2018}
}
@article{zhuang2020adabelief,
  title={Adabelief optimizer: Adapting stepsizes by the belief in observed gradients},
  author={Zhuang, Juntang and Tang, Tommy and Ding, Yifan and Tatikonda, Sekhar C and Dvornek, Nicha and Papademetris, Xenophon and Duncan, James},
  journal={Advances in neural information processing systems},
  volume={33},
  pages={18795--18806},
  year={2020}
}
@book{allgower2012numerical,
  title={Numerical continuation methods: an introduction},
  author={Allgower, Eugene L and Georg, Kurt},
  volume={13},
  year={2012},
  publisher={Springer Science \& Business Media}
}
@inproceedings{voynov2020unsupervised,
  title={Unsupervised discovery of interpretable directions in the gan latent space},
  author={Voynov, Andrey and Babenko, Artem},
  booktitle={International conference on machine learning},
  pages={9786--9796},
  year={2020},
  organization={PMLR}
}
@software{jax2018github,
  author = {James Bradbury and Roy Frostig and Peter Hawkins and Matthew James Johnson and Chris Leary and Dougal Maclaurin and George Necula and Adam Paszke and Jake Vander{P}las and Skye Wanderman-{M}ilne and Qiao Zhang},
  title = {{JAX}: composable transformations of {P}ython+{N}um{P}y programs},
  url = {http://github.com/google/jax},
  version = {0.3.13},
  year = {2018},
}
@software{deepmind2020jax,
  title = {The {D}eep{M}ind {JAX} {E}cosystem},
  author = {DeepMind and Babuschkin, Igor and Baumli, Kate and Bell, Alison and Bhupatiraju, Surya and Bruce, Jake and Buchlovsky, Peter and Budden, David and Cai, Trevor and Clark, Aidan and Danihelka, Ivo and Dedieu, Antoine and Fantacci, Claudio and Godwin, Jonathan and Jones, Chris and Hemsley, Ross and Hennigan, Tom and Hessel, Matteo and Hou, Shaobo and Kapturowski, Steven and Keck, Thomas and Kemaev, Iurii and King, Michael and Kunesch, Markus and Martens, Lena and Merzic, Hamza and Mikulik, Vladimir and Norman, Tamara and Papamakarios, George and Quan, John and Ring, Roman and Ruiz, Francisco and Sanchez, Alvaro and Sartran, Laurent and Schneider, Rosalia and Sezener, Eren and Spencer, Stephen and Srinivasan, Srivatsan and Stanojevi\'{c}, Milo\v{s} and Stokowiec, Wojciech and Wang, Luyu and Zhou, Guangyao and Viola, Fabio},
  url = {http://github.com/google-deepmind},
  year = {2020},
}
@article{park2022first,
  title={First-order Context-based Adaptation for Generalizing to New Dynamical Systems},
  author={Park, Junyoung and Berto, Federico and Jamgochian, Arec and Kochenderfer, Mykel and Park, Jinkyoo},
  year={2023}
}
@article{jin2022mionet,
  title={MIONet: Learning multiple-input operators via tensor product},
  author={Jin, Pengzhan and Meng, Shuai and Lu, Lu},
  journal={SIAM Journal on Scientific Computing},
  volume={44},
  number={6},
  pages={A3490--A3514},
  year={2022},
  publisher={SIAM}
}
@inproceedings{li2019alternating,
  title={Alternating minimizations converge to second-order optimal solutions},
  author={Li, Qiuwei and Zhu, Zhihui and Tang, Gongguo},
  booktitle={International Conference on Machine Learning},
  pages={3935--3943},
  year={2019},
  organization={PMLR}
}
@article{attouch2010proximal,
  title={Proximal alternating minimization and projection methods for nonconvex problems: An approach based on the Kurdyka-{\L}ojasiewicz inequality},
  author={Attouch, H{\'e}dy and Bolte, J{\'e}r{\^o}me and Redont, Patrick and Soubeyran, Antoine},
  journal={Mathematics of operations research},
  volume={35},
  number={2},
  pages={438--457},
  year={2010},
  publisher={INFORMS}
}
@article{liang2024mixture,
  title={Mixture-of-Transformers: A Sparse and Scalable Architecture for Multi-Modal Foundation Models},
  author={Liang, Weixin and Yu, Lili and Luo, Liang and Iyer, Srinivasan and Dong, Ning and Zhou, Chunting and Ghosh, Gargi and Lewis, Mike and Yih, Wen-tau and Zettlemoyer, Luke and others},
  journal={arXiv e-prints},
  pages={arXiv--2411},
  year={2024}
}
@article{jiang2024mixtral,
  title={Mixtral of experts},
  author={Jiang, Albert Q and Sablayrolles, Alexandre and Roux, Antoine and Mensch, Arthur and Savary, Blanche and Bamford, Chris and Chaplot, Devendra Singh and Casas, Diego de las and Hanna, Emma Bou and Bressand, Florian and others},
  journal={arXiv preprint arXiv:2401.04088},
  year={2024}
}
@article{sagawa2020distributionally,
  title={Distributionally robust neural networks for group shifts: On the importance of regularization for worst-case generalization},
  author={Sagawa, Shiori and Koh, Pang Wei and Hashimoto, Tatsunori B and Liang, Percy},
  journal={8th International Conference on Learning Representations, ICLR 2020, Addis Ababa, Ethiopia, April 26-30, 2020},
  year={2020},
  url={https://openreview. net/forum?id=ryxGuJrFvS}
}
@article{ben2013robust,
  title={Robust solutions of optimization problems affected by uncertain probabilities},
  author={Ben-Tal, Aharon and Den Hertog, Dick and De Waegenaere, Anja and Melenberg, Bertrand and Rennen, Gijs},
  journal={Management Science},
  volume={59},
  number={2},
  pages={341--357},
  year={2013},
  publisher={INFORMS}
}
@inproceedings{krueger2021out,
  title={Out-of-distribution generalization via risk extrapolation (rex)},
  author={Krueger, David and Caballero, Ethan and Jacobsen, Joern-Henrik and Zhang, Amy and Binas, Jonathan and Zhang, Dinghuai and Le Priol, Remi and Courville, Aaron},
  booktitle={International conference on machine learning},
  pages={5815--5826},
  year={2021},
  organization={PMLR}
}
@article{arjovsky2019invariant,
  title={Invariant risk minimization},
  author={Arjovsky, Martin and Bottou, L{\'e}on and Gulrajani, Ishaan and Lopez-Paz, David},
  journal={arXiv preprint arXiv:1907.02893},
  year={2019}
}
@inproceedings{roeder2019efficient,
  title={Efficient amortised Bayesian inference for hierarchical and nonlinear dynamical systems},
  author={Roeder, Geoffrey and Grant, Paul and Phillips, Andrew and Dalchau, Neil and Meeds, Edward},
  booktitle={International Conference on Machine Learning},
  pages={4445--4455},
  year={2019},
  organization={PMLR}
}
@article{davidian2003nonlinear,
  title={Nonlinear models for repeated measurement data: an overview and update},
  author={Davidian, Marie and Giltinan, David M},
  journal={Journal of agricultural, biological, and environmental statistics},
  volume={8},
  pages={387--419},
  year={2003},
  publisher={Springer}
}
@article{brandstetter2022message,
  title={Message passing neural PDE solvers},
  author={Brandstetter, Johannes and Worrall, Daniel and Welling, Max},
  journal={arXiv preprint arXiv:2202.03376},
  year={2022}
}
@article{serrano2024zebra,
  title={Zebra: In-Context and Generative Pretraining for Solving Parametric PDEs},
  author={Serrano, Louis and Koupa{\"\i}, Armand Kassa{\"\i} and Wang, Thomas X and Erbacher, Pierre and Gallinari, Patrick},
  journal={arXiv preprint arXiv:2410.03437},
  year={2024}
}
@inproceedings{takamoto2023learning,
  title={Learning neural pde solvers with parameter-guided channel attention},
  author={Takamoto, Makoto and Alesiani, Francesco and Niepert, Mathias},
  booktitle={International Conference on Machine Learning},
  pages={33448--33467},
  year={2023},
  organization={PMLR}
}
@article{li2023identification,
  title={Identification of the flux function of nonlinear conservation laws with variable parameters},
  author={Li, Qing and Geng, Jiahui and Evje, Steinar},
  journal={Physica D: Nonlinear Phenomena},
  volume={451},
  pages={133773},
  year={2023},
  publisher={Elsevier}
}
@article{hey2020machine,
  title={Machine learning and big scientific data},
  author={Hey, Tony and Butler, Keith and Jackson, Sam and Thiyagalingam, Jeyarajan},
  journal={Philosophical Transactions of the Royal Society A},
  volume={378},
  number={2166},
  pages={20190054},
  year={2020},
  publisher={The Royal Society Publishing}
}
@article{herde2024poseidon,
  title={Poseidon: Efficient Foundation Models for PDEs},
  author={Herde, Maximilian and Raoni{\'c}, Bogdan and Rohner, Tobias and K{\"a}ppeli, Roger and Molinaro, Roberto and de B{\'e}zenac, Emmanuel and Mishra, Siddhartha},
  journal={arXiv preprint arXiv:2405.19101},
  year={2024}
}
@article{kochkov2024neural,
  title={Neural general circulation models for weather and climate},
  author={Kochkov, Dmitrii and Yuval, Janni and Langmore, Ian and Norgaard, Peter and Smith, Jamie and Mooers, Griffin and Kl{\"o}wer, Milan and Lottes, James and Rasp, Stephan and D{\"u}ben, Peter and others},
  journal={Nature},
  volume={632},
  number={8027},
  pages={1060--1066},
  year={2024},
  publisher={Nature Publishing Group UK London}
}
@article{duan2020identification,
  title={Identification of affine dynamical systems from a single trajectory},
  author={Duan, Xiaoyu and Rubin, JE and Swigon, David},
  journal={Inverse Problems},
  volume={36},
  number={8},
  pages={085004},
  year={2020},
  publisher={IOP Publishing}
}
@article{subramanian2024towards,
  title={Towards foundation models for scientific machine learning: Characterizing scaling and transfer behavior},
  author={Subramanian, Shashank and Harrington, Peter and Keutzer, Kurt and Bhimji, Wahid and Morozov, Dmitriy and Mahoney, Michael W and Gholami, Amir},
  journal={Advances in Neural Information Processing Systems},
  volume={36},
  year={2024}
}
@inproceedings{garnelo2018conditional,
  title={Conditional neural processes},
  author={Garnelo, Marta and Rosenbaum, Dan and Maddison, Christopher and Ramalho, Tiago and Saxton, David and Shanahan, Murray and Teh, Yee Whye and Rezende, Danilo and Eslami, SM Ali},
  booktitle={International conference on machine learning},
  pages={1704--1713},
  year={2018},
  organization={PMLR}
}
@article{brenner2024learning,
  title={Learning Interpretable Hierarchical Dynamical Systems Models from Time Series Data},
  author={Brenner, Manuel and Weber, Elias and Koppe, Georgia and Durstewitz, Daniel},
  journal={arXiv preprint arXiv:2410.04814},
  year={2024}
}
@inproceedings{koupai2024boosting,
  title={Boosting Generalization in Parametric PDE Neural Solvers through Adaptive Conditioning},
  author={Koupa{\"\i}, Armand Kassa{\"\i} and Benet, Jorge Mifsut and Yin, Yuan and Vittaut, Jean-No{\"e}l and Gallinari, Patrick},
  year={2024},
  booktitle={The Thirty-eighth Annual Conference on Neural Information Processing Systems}
}
@inproceedings{blanke2024interpretable,
  title={Interpretable Meta-Learning of Physical Systems},
  author={Blanke, Matthieu and Lelarge, Marc},
  booktitle={ICLR 2024-The Twelfth International Conference on Learning Representations},
  year={2024}
}
@inproceedings{
nzoyem2025neural,
title={Neural Context Flows for Meta-Learning of Dynamical Systems},
author={Nzoyem, Roussel Desmond and Barton, David AW and Deakin, Tom},
booktitle={The Thirteenth International Conference on Learning Representations},
year={2025},
url={https://openreview.net/forum?id=8vzMLo8LDN}
}
@article{chen2022towards,
  title={Towards understanding the mixture-of-experts layer in deep learning},
  author={Chen, Zixiang and Deng, Yihe and Wu, Yue and Gu, Quanquan and Li, Yuanzhi},
  journal={Advances in neural information processing systems},
  volume={35},
  pages={23049--23062},
  year={2022}
}
@article{jacobs1991adaptive,
  title={Adaptive mixtures of local experts},
  author={Jacobs, Robert A and Jordan, Michael I and Nowlan, Steven J and Hinton, Geoffrey E},
  journal={Neural computation},
  volume={3},
  number={1},
  pages={79--87},
  year={1991},
  publisher={MIT Press}
}
@article{shazeer2017outrageously,
  title={Outrageously large neural networks: The sparsely-gated mixture-of-experts layer},
  author={Shazeer, Noam and Mirhoseini, Azalia and Maziarz, Krzysztof and Davis, Andy and Le, Quoc and Hinton, Geoffrey and Dean, Jeff},
  journal={arXiv preprint arXiv:1701.06538},
  year={2017}
}
@article{dai2024deepseekmoe,
  title={Deepseekmoe: Towards ultimate expert specialization in mixture-of-experts language models},
  author={Dai, Damai and Deng, Chengqi and Zhao, Chenggang and Xu, RX and Gao, Huazuo and Chen, Deli and Li, Jiashi and Zeng, Wangding and Yu, Xingkai and Wu, Y and others},
  journal={arXiv preprint arXiv:2401.06066},
  year={2024}
}
@article{he2024mixture,
  title={Mixture of a million experts},
  author={He, Xu Owen},
  journal={arXiv preprint arXiv:2407.04153},
  year={2024}
}
@article{fedus2022switch,
  title={Switch transformers: Scaling to trillion parameter models with simple and efficient sparsity},
  author={Fedus, William and Zoph, Barret and Shazeer, Noam},
  journal={Journal of Machine Learning Research},
  volume={23},
  number={120},
  pages={1--39},
  year={2022}
}
@article{goring2024out,
  title={Out-of-Domain Generalization in Dynamical Systems Reconstruction},
  author={G{\"o}ring, Niclas and Hess, Florian and Brenner, Manuel and Monfared, Zahra and Durstewitz, Daniel},
  journal={arXiv preprint arXiv:2402.18377},
  year={2024}
}
@article{kramer2021reconstructing,
  title={Reconstructing nonlinear dynamical systems from multi-modal time series},
  author={Kramer, Daniel and Bommer, Philine Lou and Tombolini, Carlo and Koppe, Georgia and Durstewitz, Daniel},
  journal={arXiv preprint arXiv:2111.02922},
  year={2021}
}
@article{gu2023mamba,
  title={Mamba: Linear-time sequence modeling with selective state spaces},
  author={Gu, Albert and Dao, Tri},
  journal={arXiv preprint arXiv:2312.00752},
  year={2023}
}
@article{lipman2022flow,
  title={Flow matching for generative modeling},
  author={Lipman, Yaron and Chen, Ricky TQ and Ben-Hamu, Heli and Nickel, Maximilian and Le, Matt},
  journal={arXiv preprint arXiv:2210.02747},
  year={2022}
}
@inproceedings{
d'ascoli2024odeformer,
title={{ODEF}ormer: Symbolic Regression of Dynamical Systems with Transformers},
author={St{\'e}phane d'Ascoli and S{\"o}ren Becker and Philippe Schwaller and Alexander Mathis and Niki Kilbertus},
booktitle={The Twelfth International Conference on Learning Representations},
year={2024},
url={https://openreview.net/forum?id=TzoHLiGVMo}
}
@inproceedings{
shazeer2017,
title={ Outrageously Large Neural Networks: The Sparsely-Gated Mixture-of-Experts Layer},
author={Noam Shazeer and *Azalia Mirhoseini and *Krzysztof Maziarz and Andy Davis and Quoc Le and Geoffrey Hinton and Jeff Dean},
booktitle={International Conference on Learning Representations},
year={2017},
url={https://openreview.net/forum?id=B1ckMDqlg}
}
@article{nzoyem2024extending,
  title={Extending Contextual Self-Modulation: Meta-Learning Across Modalities, Task Dimensionalities, and Data Regimes},
  author={Nzoyem, Roussel Desmond and Barton, David AW and Deakin, Tom},
  journal={arXiv preprint arXiv:2410.01655},
  year={2024}
}
@inproceedings{
liu2023flow,
title={Flow Straight and Fast: Learning to Generate and Transfer Data with Rectified Flow},
author={Xingchao Liu and Chengyue Gong and qiang liu},
booktitle={The Eleventh International Conference on Learning Representations },
year={2023},
url={https://openreview.net/forum?id=XVjTT1nw5z}
}
@article{abnar2025parameters,
  title={Parameters vs FLOPs: Scaling Laws for Optimal Sparsity for Mixture-of-Experts Language Models},
  author={Abnar, Samira and Shah, Harshay and Busbridge, Dan and Ali, Alaaeldin Mohamed Elnouby and Susskind, Josh and Thilak, Vimal},
  journal={arXiv preprint arXiv:2501.12370},
  year={2025}
}
@article{lloyd1982least,
  title={Least squares quantization in PCM},
  author={Lloyd, Stuart},
  journal={IEEE transactions on information theory},
  volume={28},
  number={2},
  pages={129--137},
  year={1982},
  publisher={IEEE}
}
@book{haykin1994neural,
  title={Neural networks: a comprehensive foundation},
  author={Haykin, Simon},
  year={1994},
  publisher={Prentice Hall PTR}
}
@misc{alcock1999synthetic,
  author       = {Alcock, Robert},
  title        = {{Synthetic Control Chart Time Series}},
  year         = {1999},
  howpublished = {UCI Machine Learning Repository},
  note         = {{DOI}: https://doi.org/10.24432/C59G75}
}
@article{hess2023generalized,
  title={Generalized teacher forcing for learning chaotic dynamics},
  author={Hess, Florian and Monfared, Zahra and Brenner, Manuel and Durstewitz, Daniel},
  journal={arXiv preprint arXiv:2306.04406},
  year={2023}
}
@article{cox1958regression,
  title={The regression analysis of binary sequences},
  author={Cox, David R},
  journal={Journal of the Royal Statistical Society Series B: Statistical Methodology},
  volume={20},
  number={2},
  pages={215--232},
  year={1958},
  publisher={Oxford University Press}
}
@article{andrzejak2001indications,
  title={Indications of nonlinear deterministic and finite-dimensional structures in time series of brain electrical activity: Dependence on recording region and brain state},
  author={Andrzejak, Ralph G and Lehnertz, Klaus and Mormann, Florian and Rieke, Christoph and David, Peter and Elger, Christian E},
  journal={Physical Review E},
  volume={64},
  number={6},
  pages={061907},
  year={2001},
  publisher={APS}
}
@article{li2020fourier,
  title={Fourier neural operator for parametric partial differential equations},
  author={Li, Zongyi and Kovachki, Nikola and Azizzadenesheli, Kamyar and Liu, Burigede and Bhattacharya, Kaushik and Stuart, Andrew and Anandkumar, Anima},
  journal={arXiv preprint arXiv:2010.08895},
  year={2020}
}
@article{nguyen2023climax,
  title={ClimaX: A foundation model for weather and climate},
  author={Nguyen, Tung and Brandstetter, Johannes and Kapoor, Ashish and Gupta, Jayesh K and Grover, Aditya},
  journal={arXiv preprint arXiv:2301.10343},
  year={2023}
}
@article{lam2022graphcast,
  title={GraphCast: Learning skillful medium-range global weather forecasting},
  author={Lam, Remi and Sanchez-Gonzalez, Alvaro and Willson, Matthew and Wirnsberger, Peter and Fortunato, Meire and Alet, Ferran and Ravuri, Suman and Ewalds, Timo and Eaton-Rosen, Zach and Hu, Weihua and others},
  journal={arXiv preprint arXiv:2212.12794},
  year={2022}
}
@article{bodnar2024aurora,
  title={Aurora: A foundation model of the atmosphere},
  author={Bodnar, Cristian and Bruinsma, Wessel P and Lucic, Ana and Stanley, Megan and Brandstetter, Johannes and Garvan, Patrick and Riechert, Maik and Weyn, Jonathan and Dong, Haiyu and Vaughan, Anna and others},
  journal={arXiv preprint arXiv:2405.13063},
  year={2024}
}
@article{zhang2022self,
  title={Self-supervised contrastive pre-training for time series via time-frequency consistency},
  author={Zhang, Xiang and Zhao, Ziyuan and Tsiligkaridis, Theodoros and Zitnik, Marinka},
  journal={Advances in Neural Information Processing Systems},
  volume={35},
  pages={3988--4003},
  year={2022}
}
@article{pham1998control,
  title={Control chart pattern recognition using a new type of self-organizing neural network},
  author={Pham, DT and Chan, AB},
  journal={Proceedings of the Institution of Mechanical Engineers, Part I: Journal of Systems and Control Engineering},
  volume={212},
  number={2},
  pages={115--127},
  year={1998},
  publisher={SAGE Publications Sage UK: London, England}
}
@inproceedings{Keogh2001DerivativeDT,
  title={Derivative Dynamic Time Warping},
  author={Eamonn J. Keogh and Michael J. Pazzani},
  booktitle={SDM},
  year={2001},
  url={https://api.semanticscholar.org/CorpusID:6611383}
}
@book{strogatz2018nonlinear,
  title={Nonlinear dynamics and chaos: with applications to physics, biology, chemistry, and engineering},
  author={Strogatz, Steven H},
  year={2018},
  publisher={CRC press}
}
@inproceedings{glorot2010understanding,
  title={Understanding the difficulty of training deep feedforward neural networks},
  author={Glorot, Xavier and Bengio, Yoshua},
  booktitle={Proceedings of the thirteenth international conference on artificial intelligence and statistics},
  pages={249--256},
  year={2010},
  organization={JMLR Workshop and Conference Proceedings}
}
@article{ramachandran2017searching,
  title={Searching for activation functions},
  author={Ramachandran, Prajit and Zoph, Barret and Le, Quoc V},
  journal={arXiv preprint arXiv:1710.05941},
  year={2017}
}
@article{hu2021lora,
  title={Lora: Low-rank adaptation of large language models},
  author={Hu, Edward J and Shen, Yelong and Wallis, Phillip and Allen-Zhu, Zeyuan and Li, Yuanzhi and Wang, Shean and Wang, Lu and Chen, Weizhu},
  journal={arXiv preprint arXiv:2106.09685},
  year={2021}
}
@article{guo2025deepseek,
  title={DeepSeek-R1: Incentivizing Reasoning Capability in LLMs via Reinforcement Learning},
  author={Guo, Daya and Yang, Dejian and Zhang, Haowei and Song, Junxiao and Zhang, Ruoyu and Xu, Runxin and Zhu, Qihao and Ma, Shirong and Wang, Peiyi and Bi, Xiao and others},
  journal={arXiv preprint arXiv:2501.12948},
  year={2025}
}