
@article{li2022generative,
  title={Generative time series forecasting with diffusion, denoise, and disentanglement},
  author={Li, Yan and Lu, Xinjiang and Wang, Yaqing and Dou, Dejing},
  journal={Advances in Neural Information Processing Systems},
  volume={35},
  pages={23009--23022},
  year={2022}
}

@inproceedings{yuan2023spatio,
  title={Spatio-temporal diffusion point processes},
  author={Yuan, Yuan and Ding, Jingtao and Shao, Chenyang and Jin, Depeng and Li, Yong},
  booktitle={Proceedings of the 29th ACM SIGKDD Conference on Knowledge Discovery and Data Mining},
  pages={3173--3184},
  year={2023}
}

@inproceedings{wen2023diffstg,
  title={Diffstg: Probabilistic spatio-temporal graph forecasting with denoising diffusion models},
  author={Wen, Haomin and Lin, Youfang and Xia, Yutong and Wan, Huaiyu and Wen, Qingsong and Zimmermann, Roger and Liang, Yuxuan},
  booktitle={Proceedings of the 31st ACM International Conference on Advances in Geographic Information Systems},
  pages={1--12},
  year={2023}
}
@inproceedings{rasul2021autoregressive,
  title={Autoregressive denoising diffusion models for multivariate probabilistic time series forecasting},
  author={Rasul, Kashif and Seward, Calvin and Schuster, Ingmar and Vollgraf, Roland},
  booktitle={International Conference on Machine Learning},
  pages={8857--8868},
  year={2021},
  organization={PMLR}
}


@article{nie2022time,
  title={A time series is worth 64 words: Long-term forecasting with transformers},
  author={Nie, Yuqi and Nguyen, Nam H and Sinthong, Phanwadee and Kalagnanam, Jayant},
  journal={arXiv preprint arXiv:2211.14730},
  year={2022}
}
@article{jin2023time,
  title={Time-llm: Time series forecasting by reprogramming large language models},
  author={Jin, Ming and Wang, Shiyu and Ma, Lintao and Chu, Zhixuan and Zhang, James Y and Shi, Xiaoming and Chen, Pin-Yu and Liang, Yuxuan and Li, Yuan-Fang and Pan, Shirui and others},
  journal={arXiv preprint arXiv:2310.01728},
  year={2023}
}

@inproceedings{jiang2023pdformer,
  title={Pdformer: Propagation delay-aware dynamic long-range transformer for traffic flow prediction},
  author={Jiang, Jiawei and Han, Chengkai and Zhao, Wayne Xin and Wang, Jingyuan},
  booktitle={Proceedings of the AAAI conference on artificial intelligence},
  volume={37},
  number={4},
  pages={4365--4373},
  year={2023}
}
@inproceedings{yu2020spatio,
  title={Spatio-temporal graph transformer networks for pedestrian trajectory prediction},
  author={Yu, Cunjun and Ma, Xiao and Ren, Jiawei and Zhao, Haiyu and Yi, Shuai},
  booktitle={Computer Vision--ECCV 2020: 16th European Conference, Glasgow, UK, August 23--28, 2020, Proceedings, Part XII 16},
  pages={507--523},
  year={2020},
  organization={Springer}
}
@inproceedings{chen2021s2tnet,
  title={S2tnet: Spatio-temporal transformer networks for trajectory prediction in autonomous driving},
  author={Chen, Weihuang and Wang, Fangfang and Sun, Hongbin},
  booktitle={Asian conference on machine learning},
  pages={454--469},
  year={2021},
  organization={PMLR}
}


@article{lin2024diffusion,
  title={Diffusion models for time-series applications: a survey},
  author={Lin, Lequan and Li, Zhengkun and Li, Ruikun and Li, Xuliang and Gao, Junbin},
  journal={Frontiers of Information Technology \& Electronic Engineering},
  volume={25},
  number={1},
  pages={19--41},
  year={2024},
  publisher={Springer}
}
@inproceedings{chai2024diffusion,
  title={Diffusion Model-based Mobile Traffic Generation with Open Data for Network Planning and Optimization},
  author={Chai, Haoye and Jiang, Tao and Yu, Li},
  booktitle={Proceedings of the 30th ACM SIGKDD Conference on Knowledge Discovery and Data Mining},
  pages={4828--4838},
  year={2024}
}
@article{zhou2020variational,
  title={Variational graph neural networks for road traffic prediction in intelligent transportation systems},
  author={Zhou, Fan and Yang, Qing and Zhong, Ting and Chen, Dajiang and Zhang, Ning},
  journal={IEEE Transactions on Industrial Informatics},
  volume={17},
  number={4},
  pages={2802--2812},
  year={2020},
  publisher={IEEE}
}
@article{de2022vehicles,
  title={Vehicles trajectory prediction using recurrent VAE network},
  author={De Miguel, Miguel {\'A}ngel and Armingol, Jos{\'e} Mar{\'\i}a and Garcia, Fernando},
  journal={IEEE Access},
  volume={10},
  pages={32742--32749},
  year={2022},
  publisher={IEEE}
}
@inproceedings{chen2021learning,
  title={Learning traffic as videos: a spatio-temporal VAE approach for traffic data imputation},
  author={Chen, Jiayuan and Zhang, Shuo and Chen, Xiaofei and Jiang, Qiao and Huang, Hejiao and Gu, Chonglin},
  booktitle={International Conference on Artificial Neural Networks},
  pages={615--627},
  year={2021},
  organization={Springer}
}
@article{zhang2021satp,
  title={SATP-GAN: Self-attention based generative adversarial network for traffic flow prediction},
  author={Zhang, Liang and Wu, Jianqing and Shen, Jun and Chen, Ming and Wang, Rui and Zhou, Xinliang and Xu, Cankun and Yao, Quankai and Wu, Qiang},
  journal={Transportmetrica B: Transport Dynamics},
  volume={9},
  number={1},
  pages={552--568},
  year={2021},
  publisher={Taylor \& Francis}
}
@article{saxena2019d,
  title={D-GAN: Deep generative adversarial nets for spatio-temporal prediction},
  author={Saxena, Divya and Cao, Jiannong},
  journal={arXiv preprint arXiv:1907.08556},
  year={2019}
}
@article{jin2022gan,
  title={A GAN-based short-term link traffic prediction approach for urban road networks under a parallel learning framework},
  author={Jin, Junchen and Rong, Dingding and Zhang, Tong and Ji, Qingyuan and Guo, Haifeng and Lv, Yisheng and Ma, Xiaoliang and Wang, Fei-Yue},
  journal={IEEE Transactions on Intelligent Transportation Systems},
  volume={23},
  number={9},
  pages={16185--16196},
  year={2022},
  publisher={IEEE}
}
@article{yang2024survey,
  title={A survey on diffusion models for time series and spatio-temporal data},
  author={Yang, Yiyuan and Jin, Ming and Wen, Haomin and Zhang, Chaoli and Liang, Yuxuan and Ma, Lintao and Wang, Yi and Liu, Chenghao and Yang, Bin and Xu, Zenglin and others},
  journal={arXiv preprint arXiv:2404.18886},
  year={2024}
}



@article{chen2022bidirectional,
  title={Bidirectional spatial-temporal adaptive transformer for urban traffic flow forecasting},
  author={Chen, Changlu and Liu, Yanbin and Chen, Ling and Zhang, Chengqi},
  journal={IEEE Transactions on Neural Networks and Learning Systems},
  volume={34},
  number={10},
  pages={6913--6925},
  year={2022},
  publisher={IEEE}
}

@article{jin2023spatio,
  title={Spatio-temporal graph neural networks for predictive learning in urban computing: A survey},
  author={Jin, Guangyin and Liang, Yuxuan and Fang, Yuchen and Shao, Zezhi and Huang, Jincai and Zhang, Junbo and Zheng, Yu},
  journal={IEEE Transactions on Knowledge and Data Engineering},
  year={2023},
  publisher={IEEE}
}
@inproceedings{geng2019spatiotemporal,
  title={Spatiotemporal multi-graph convolution network for ride-hailing demand forecasting},
  author={Geng, Xu and Li, Yaguang and Wang, Leye and Zhang, Lingyu and Yang, Qiang and Ye, Jieping and Liu, Yan},
  booktitle={Proceedings of the AAAI conference on artificial intelligence},
  volume={33},
  number={01},
  pages={3656--3663},
  year={2019}
}
@article{bai2020adaptive,
  title={Adaptive graph convolutional recurrent network for traffic forecasting},
  author={Bai, Lei and Yao, Lina and Li, Can and Wang, Xianzhi and Wang, Can},
  journal={Advances in neural information processing systems},
  volume={33},
  pages={17804--17815},
  year={2020}
}


@article{wang2017predrnn,
  title={Predrnn: Recurrent neural networks for predictive learning using spatiotemporal lstms},
  author={Wang, Yunbo and Long, Mingsheng and Wang, Jianmin and Gao, Zhifeng and Yu, Philip S},
  journal={Advances in neural information processing systems},
  volume={30},
  year={2017}
}

@article{bai2019stg2seq,
  title={Stg2seq: Spatial-temporal graph to sequence model for multi-step passenger demand forecasting},
  author={Bai, Lei and Yao, Lina and Kanhere, Salil and Wang, Xianzhi and Sheng, Quan and others},
  journal={arXiv preprint arXiv:1905.10069},
  year={2019}
}
@inproceedings{bai2019passenger,
  title={Passenger demand forecasting with multi-task convolutional recurrent neural networks},
  author={Bai, Lei and Yao, Lina and Kanhere, Salil S and Yang, Zheng and Chu, Jing and Wang, Xianzhi},
  booktitle={Advances in Knowledge Discovery and Data Mining: 23rd Pacific-Asia Conference, PAKDD 2019, Macau, China, April 14-17, 2019, Proceedings, Part II 23},
  pages={29--42},
  year={2019},
  organization={Springer}
}
@inproceedings{wang2018predrnn++,
  title={Predrnn++: Towards a resolution of the deep-in-time dilemma in spatiotemporal predictive learning},
  author={Wang, Yunbo and Gao, Zhifeng and Long, Mingsheng and Wang, Jianmin and Philip, S Yu},
  booktitle={International conference on machine learning},
  pages={5123--5132},
  year={2018},
  organization={PMLR}
}
@inproceedings{lin2020self,
  title={Self-attention convlstm for spatiotemporal prediction},
  author={Lin, Zhihui and Li, Maomao and Zheng, Zhuobin and Cheng, Yangyang and Yuan, Chun},
  booktitle={Proceedings of the AAAI conference on artificial intelligence},
  volume={34},
  number={07},
  pages={11531--11538},
  year={2020}
}
@inproceedings{zhang2017deep,
  title={Deep spatio-temporal residual networks for citywide crowd flows prediction},
  author={Zhang, Junbo and Zheng, Yu and Qi, Dekang},
  booktitle={Proceedings of the AAAI conference on artificial intelligence},
  volume={31},
  number={1},
  year={2017}
}
@article{li2017diffusion,
  title={Diffusion convolutional recurrent neural network: Data-driven traffic forecasting},
  author={Li, Yaguang and Yu, Rose and Shahabi, Cyrus and Liu, Yan},
  journal={arXiv preprint arXiv:1707.01926},
  year={2017}
}


@inproceedings{liu2018attentive,
  title={Attentive crowd flow machines},
  author={Liu, Lingbo and Zhang, Ruimao and Peng, Jiefeng and Li, Guanbin and Du, Bowen and Lin, Liang},
  booktitle={Proceedings of the 26th ACM international conference on Multimedia},
  pages={1553--1561},
  year={2018}
}
@article{qin2023spatio,
  title={Spatio-temporal hierarchical MLP network for traffic forecasting},
  author={Qin, Yanjun and Luo, Haiyong and Zhao, Fang and Fang, Yuchen and Tao, Xiaoming and Wang, Chenxing},
  journal={Information Sciences},
  volume={632},
  pages={543--554},
  year={2023},
  publisher={Elsevier}
}


@article{gao2024enhancing,
  title={Enhancing fine-grained urban flow inference via incremental neural operator},
  author={Gao, Qiang and Song, Xiaolong and Huang, Li and Trajcevski, Goce and Zhou, Fan and Chen, Xueqin},
  year={2024}
}
@article{bouznad2020trend,
  title={Trend analysis and spatiotemporal prediction of precipitation, temperature, and evapotranspiration values using the ARIMA models: case of the Algerian Highlands},
  author={Bouznad, Imad-Eddine and Guastaldi, Enrico and Zirulia, Andrea and Brancale, Mariantonietta and Barbagli, Alessio and Bengusmia, Djamal},
  journal={Arabian Journal of Geosciences},
  volume={13},
  number={24},
  pages={1281},
  year={2020},
  publisher={Springer}
}
@article{han2022card,
  title={Card: Classification and regression diffusion models},
  author={Han, Xizewen and Zheng, Huangjie and Zhou, Mingyuan},
  journal={Advances in Neural Information Processing Systems},
  volume={35},
  pages={18100--18115},
  year={2022}
}
@article{sheng2025unveiling,
  title={Unveiling the Power of Noise Priors: Enhancing Diffusion Models for Mobile Traffic Prediction},
  author={Sheng, Zhi and Yuan, Yuan and Ding, Jingtao and Li, Yong},
  journal={arXiv preprint arXiv:2501.13794},
  year={2025}
}
@inproceedings{chirigati2016data,
  title={Data polygamy: The many-many relationships among urban spatio-temporal data sets},
  author={Chirigati, Fernando and Doraiswamy, Harish and Damoulas, Theodoros and Freire, Juliana},
  booktitle={Proceedings of the 2016 International Conference on Management of Data},
  pages={1011--1025},
  year={2016}
}
@inproceedings{li2020just,
  title={Just: Jd urban spatio-temporal data engine},
  author={Li, Ruiyuan and He, Huajun and Wang, Rubin and Huang, Yuchuan and Liu, Junwen and Ruan, Sijie and He, Tianfu and Bao, Jie and Zheng, Yu},
  booktitle={2020 IEEE 36th International Conference on Data Engineering (ICDE)},
  pages={1558--1569},
  year={2020},
  organization={IEEE}
}
@article{behnisch2009urban,
  title={Urban data-mining: spatiotemporal exploration of multidimensional data},
  author={Behnisch, Martin and Ultsch, Alfred},
  journal={Building Research \& Information},
  volume={37},
  number={5-6},
  pages={520--532},
  year={2009},
  publisher={Taylor \& Francis}
}


@article{xie2020urban,
  title={Urban flow prediction from spatiotemporal data using machine learning: A survey},
  author={Xie, Peng and Li, Tianrui and Liu, Jia and Du, Shengdong and Yang, Xin and Zhang, Junbo},
  journal={Information Fusion},
  volume={59},
  pages={1--12},
  year={2020},
  publisher={Elsevier}
}



@article{gao2022generative,
  title={Generative adversarial networks for spatio-temporal data: A survey},
  author={Gao, Nan and Xue, Hao and Shao, Wei and Zhao, Sichen and Qin, Kyle Kai and Prabowo, Arian and Rahaman, Mohammad Saiedur and Salim, Flora D},
  journal={ACM Transactions on Intelligent Systems and Technology (TIST)},
  volume={13},
  number={2},
  pages={1--25},
  year={2022},
  publisher={ACM New York, NY}
}


@article{kingma2013auto,
  title={Auto-encoding variational bayes},
  author={Kingma, Diederik P},
  journal={arXiv preprint arXiv:1312.6114},
  year={2013}
}
@article{ho2020denoising,
  title={Denoising diffusion probabilistic models},
  author={Ho, Jonathan and Jain, Ajay and Abbeel, Pieter},
  journal={Advances in neural information processing systems},
  volume={33},
  pages={6840--6851},
  year={2020}
}
@article{ruhling2023dyffusion,
  title={Dyffusion: A dynamics-informed diffusion model for spatiotemporal forecasting},
  author={R{\"u}hling Cachay, Salva and Zhao, Bo and Joren, Hailey and Yu, Rose},
  journal={Advances in neural information processing systems},
  volume={36},
  pages={45259--45287},
  year={2023}
}
@article{tashiro2021csdi,
  title={Csdi: Conditional score-based diffusion models for probabilistic time series imputation},
  author={Tashiro, Yusuke and Song, Jiaming and Song, Yang and Ermon, Stefano},
  journal={Advances in Neural Information Processing Systems},
  volume={34},
  pages={24804--24816},
  year={2021}
}
@article{goodfellow2020generative,
  title={Generative adversarial networks},
  author={Goodfellow, Ian and Pouget-Abadie, Jean and Mirza, Mehdi and Xu, Bing and Warde-Farley, David and Ozair, Sherjil and Courville, Aaron and Bengio, Yoshua},
  journal={Communications of the ACM},
  volume={63},
  number={11},
  pages={139--144},
  year={2020},
  publisher={ACM New York, NY, USA}
}
@article{brophy2021generative,
  title={Generative adversarial networks in time series: A survey and taxonomy},
  author={Brophy, Eoin and Wang, Zhengwei and She, Qi and Ward, Tomas},
  journal={arXiv preprint arXiv:2107.11098},
  year={2021}
}



@inproceedings{shen2023non,
  title={Non-autoregressive conditional diffusion models for time series prediction},
  author={Shen, Lifeng and Kwok, James},
  booktitle={International Conference on Machine Learning},
  pages={31016--31029},
  year={2023},
  organization={PMLR}
}


@inproceedings{yan2018spatial,
  title={Spatial temporal graph convolutional networks for skeleton-based action recognition},
  author={Yan, Sijie and Xiong, Yuanjun and Lin, Dahua},
  booktitle={Proceedings of the AAAI conference on artificial intelligence},
  volume={32},
  number={1},
  year={2018}
}

@inproceedings{zhang2023mlpst,
  title={MLPST: MLP is All You Need for Spatio-Temporal Prediction},
  author={Zhang, Zijian and Huang, Ze and Hu, Zhiwei and Zhao, Xiangyu and Wang, Wanyu and Liu, Zitao and Zhang, Junbo and Qin, S Joe and Zhao, Hongwei},
  booktitle={Proceedings of the 32nd ACM International Conference on Information and Knowledge Management},
  pages={3381--3390},
  year={2023}
}
@inproceedings{shao2022spatial,
  title={Spatial-temporal identity: A simple yet effective baseline for multivariate time series forecasting},
  author={Shao, Zezhi and Zhang, Zhao and Wang, Fei and Wei, Wei and Xu, Yongjun},
  booktitle={Proceedings of the 31st ACM International Conference on Information \& Knowledge Management},
  pages={4454--4458},
  year={2022}
}
@article{yu2017spatio,
  title={Spatio-temporal graph convolutional networks: A deep learning framework for traffic forecasting},
  author={Yu, Bing and Yin, Haoteng and Zhu, Zhanxing},
  journal={arXiv preprint arXiv:1709.04875},
  year={2017}
}


@article{yuan2024foundation,
  title={A Foundation Model for Unified Urban Spatio-Temporal Flow Prediction},
  author={Yuan, Yuan and Ding, Jingtao and Han, Chonghua and Jin, Depeng and Li, Yong},
  journal={arXiv preprint arXiv:2411.12972},
  year={2024}
}

@inproceedings{yuan2024unist,
  title={Unist: A prompt-empowered universal model for urban spatio-temporal prediction},
  author={Yuan, Yuan and Ding, Jingtao and Feng, Jie and Jin, Depeng and Li, Yong},
  booktitle={Proceedings of the 30th ACM SIGKDD Conference on Knowledge Discovery and Data Mining},
  pages={4095--4106},
  year={2024}
}
@article{hearst1998support,
  title={Support vector machines},
  author={Hearst, Marti A. and Dumais, Susan T and Osuna, Edgar and Platt, John and Scholkopf, Bernhard},
  journal={IEEE Intelligent Systems and their applications},
  volume={13},
  number={4},
  pages={18--28},
  year={1998},
  publisher={IEEE}
}
@inproceedings{senanayake2016predicting,
  title={Predicting spatio-temporal propagation of seasonal influenza using variational Gaussian process regression},
  author={Senanayake, Ransalu and O'Callaghan, Simon and Ramos, Fabio},
  booktitle={Proceedings of the AAAI conference on artificial intelligence},
  volume={30},
  number={1},
  year={2016}
}
@article{hengl2018random,
  title={Random forest as a generic framework for predictive modeling of spatial and spatio-temporal variables},
  author={Hengl, Tomislav and Nussbaum, Madlene and Wright, Marvin N and Heuvelink, Gerard BM and Gr{\"a}ler, Benedikt},
  journal={PeerJ},
  volume={6},
  pages={e5518},
  year={2018},
  publisher={PeerJ Inc.}
}


@article{mardani2023residual,
  title={Residual corrective diffusion modeling for km-scale atmospheric downscaling, 2024},
  author={Mardani, Morteza and Brenowitz, Noah and Cohen, Yair and Pathak, Jaideep and Chen, Chieh-Yu and Liu, Cheng-Chin and Vahdat, Arash and Nabian, Mohammad Amin and Ge, Tao and Subramaniam, Akshay and others},
  journal={URL https://arxiv. org/abs/2309.15214},
  year={2023}
}
@article{pope2001turbulent,
  title={Turbulent flows},
  author={Pope, Stephen B},
  journal={Measurement Science and Technology},
  volume={12},
  number={11},
  pages={2020--2021},
  year={2001}
}

@article{gneiting2007strictly,
  title={Strictly proper scoring rules, prediction, and estimation},
  author={Gneiting, Tilmann and Raftery, Adrian E},
  journal={Journal of the American statistical Association},
  volume={102},
  number={477},
  pages={359--378},
  year={2007},
  publisher={Taylor \& Francis}
}

@incollection{ohashi2012wind,
  title={Wind speed forecasting using spatio-temporal indicators},
  author={Ohashi, Orlando and Torgo, Lu{\'\i}s},
  booktitle={ECAI 2012},
  pages={975--980},
  year={2012},
  publisher={IOS Press}
}