@book{burt2009structural,
  title={Structural holes: The social structure of competition},
  author={Burt, Ronald S},
  year={2009},
  publisher={Harvard university press}
}

@article{burt2011structural,
  title={Structural holes in virtual worlds},
  author={Burt, Ronald},
  journal={Chicago, IL: University of Chicago},
  year={2011}
}

@inproceedings{gong2019identifying,
  title={Identifying Structural Hole Spanners in Online Social Networks Using Machine Learning},
  author={Gong, Qingyuan and Zhang, Jiayun and Wang, Xin and Chen, Yang},
  booktitle={SIGCOMM},
  pages={93--95},
  year={2019}
}

@article{goyal2007structural,
  title={Structural holes in social networks},
  author={Goyal, Sanjeev and Vega-Redondo, Fernando},
  journal={Journal of Economic Theory},
  volume={137},
  number={1},
  pages={460--492},
  year={2007},
  publisher={Elsevier}
}

@inproceedings{he2016joint,
  title={Joint community and structural hole spanner detection via harmonic modularity},
  author={He, Lifang and Lu, Chun-Ta and Ma, Jiaqi and Cao, Jianping and Shen, Linlin and Yu, Philip S},
  booktitle={SIGKDD},
  pages={875--884},
  year={2016}
}

@inproceedings{lou2013mining,
  title={Mining structural hole spanners through information diffusion in social networks},
  author={Lou, Tiancheng and Tang, Jie},
  booktitle={WWW},
  pages={825--836},
  year={2013}
}

@inproceedings{rezvani2015identifying,
  title={Identifying top-k structural hole spanners in large-scale social networks},
  author={Rezvani, Mojtaba and Liang, Weifa and Xu, Wenzheng and Liu, Chengfei},
  booktitle={CIKM},
  pages={263--272},
  year={2015}
}

@inproceedings{tang2012inferring,
  title={Inferring social ties across heterogenous networks},
  author={Tang, Jie and Lou, Tiancheng and Kleinberg, Jon},
  booktitle={WSDM},
  pages={743--752},
  year={2012}
}

@article{xu2017efficient,
  title={Efficient Algorithms for the Identification of Top-$ k $ Structural Hole Spanners in Large Social Networks},
  author={Xu, Wenzheng and Rezvani, Mojtaba and Liang, Weifa and Yu, Jeffrey Xu and Liu, Chengfei},
  journal={TKDE},
  volume={29},
  number={5},
  pages={1017--1030},
  year={2017},
  publisher={IEEE}
}

@article{xu2019identifying,
  title={Identifying structural hole spanners to maximally block information propagation},
  author={Xu, Wenzheng and Li, Tong and Liang, Weifa and Yu, Jeffrey Xu and Yang, Ning and Gao, Shaobing},
  journal={Information Sciences},
  volume={505},
  pages={100--126},
  year={2019}
}

