@article{barabasi1999emergence,
  title={Emergence of scaling in random networks},
  author={Barab{\'a}si, Albert-L{\'a}szl{\'o} and Albert, R{\'e}ka},
  journal={science},
  volume={286},
  number={5439},
  pages={509--512},
  year={1999},
  publisher={American Association for the Advancement of Science}
}

@inproceedings{chen2019contextual,
  title={Contextual community search over large social networks},
  author={Chen, Lu and Liu, Chengfei and Liao, Kewen and Li, Jianxin and Zhou, Rui},
  booktitle={ICDE},
  pages={88--99},
  year={2019}
}

@inproceedings{wang2017community,
  title={Community preserving network embedding},
  author={Wang, Xiao and Cui, Peng and Wang, Jing and Pei, Jian and Zhu, Wenwu and Yang, Shiqiang},
  booktitle={AAAI},
  volume={31},
  number={1},
  year={2017}
}

@inproceedings{lou2013mining,
  title={Mining structural hole spanners through information diffusion in social networks},
  author={Lou, Tiancheng and Tang, Jie},
  booktitle={WWW},
  pages={825--836},
  year={2013}
}

@article{rinia2001citation,
  title={Citation delay in interdisciplinary knowledge exchange},
  author={Rinia, ED and Van Leeuwen, Thed and Bruins, Eppo and Van Vuren, Hendrik and Van Raan, Anthony},
  journal={Scientometrics},
  volume={51},
  number={1},
  pages={293--309},
  year={2001},
  publisher={Akad{\'e}miai Kiad{\'o}, co-published with Springer Science+ Business Media BV~â€¦}
}

@book{burt2009structural,
  title={Structural holes: The social structure of competition},
  author={Burt, Ronald S},
  year={2009},
  publisher={Harvard university press}
}

@inproceedings{rezvani2015identifying,
  title={Identifying top-k structural hole spanners in large-scale social networks},
  author={Rezvani, Mojtaba and Liang, Weifa and Xu, Wenzheng and Liu, Chengfei},
  booktitle={CIKM},
  pages={263--272},
  year={2015}
}

@inproceedings{gong2019identifying,
  title={Identifying Structural Hole Spanners in Online Social Networks Using Machine Learning},
  author={Gong, Qingyuan and Zhang, Jiayun and Wang, Xin and Chen, Yang},
  booktitle={SIGCOMM},
  pages={93--95},
  year={2019}
}

@article{goyal2007structural,
  title={Structural holes in social networks},
  author={Goyal, Sanjeev and Vega-Redondo, Fernando},
  journal={Journal of Economic Theory},
  volume={137},
  number={1},
  pages={460--492},
  year={2007},
  publisher={Elsevier}
}
@inproceedings{he2016joint,
  title={Joint community and structural hole spanner detection via harmonic modularity},
  author={He, Lifang and Lu, Chun-Ta and Ma, Jiaqi and Cao, Jianping and Shen, Linlin and Yu, Philip S},
  booktitle={SIGKDD},
  pages={875--884},
  year={2016}
}

@article{xu2017efficient,
  title={Efficient Algorithms for the Identification of Top-$ k $ Structural Hole Spanners in Large Social Networks},
  author={Xu, Wenzheng and Rezvani, Mojtaba and Liang, Weifa and Yu, Jeffrey Xu and Liu, Chengfei},
  journal={TKDE},
  volume={29},
  number={5},
  pages={1017--1030},
  year={2017},
  publisher={IEEE}
}

@article{xu2019identifying,
  title={Identifying structural hole spanners to maximally block information propagation},
  author={Xu, Wenzheng and Li, Tong and Liang, Weifa and Yu, Jeffrey Xu and Yang, Ning and Gao, Shaobing},
  journal={Information Sciences},
  volume={505},
  pages={100--126},
  year={2019}
}

@inproceedings{tang2012inferring,
  title={Inferring social ties across heterogenous networks},
  author={Tang, Jie and Lou, Tiancheng and Kleinberg, Jon},
  booktitle={WSDM},
  pages={743--752},
  year={2012}
}

@inproceedings{ding2016method,
  title={Method for Detecting Key Nodes who Occupy Structural Holes in Social Network sites},
  author={Ding, Liting and Wang, Jun and Wei, Wei},
  booktitle={PACIS},
  year={2016}
}

@article{burt2001closure,
  title={Closure as social capital},
  author={Burt, Ronald S},
  journal={Social capital: Theory and research},
  pages={31--55},
  year={2001},
  publisher={Aldine de Gruyter New York, NY}
}

@article{burt2011structural,
  title={Structural holes in virtual worlds},
  author={Burt, Ronald},
  journal={Chicago, IL: University of Chicago},
  year={2011}
}

@article{erdHos1959random,
  title={On random graphs},
  author={Erd{\H{o}}s, P and R{\'e}nyi, A},
  journal={Publicationes Mathematicae},
  volume={6},
  pages={290--297},
  year={1959},
}


@article{yang2015defining,
  title={Defining and evaluating network communities based on ground-truth},
  author={Yang, Jaewon and Leskovec, Jure},
  journal={KAIS},
  volume={42},
  number={1},
  pages={181--213},
  year={2015},
  publisher={Springer}
}
