@article{anand_2011_heap,
  author = {Anand, Saswat and Harrold, Mary Jean},
  month = {11},
  publisher = {IEEE},
  title = {Heap cloning: Enabling dynamic symbolic execution of java programs},
  doi = {10.1109/ase.2011.6100071},
  urldate = {2025-02-02},
  year = {2011},
  journal = {2011 26th IEEE/ACM International Conference on Automated Software Engineering (ASE 2011)}
}

@article{anand_2013_an,
  author = {Anand, Saswat and Burke, Edmund K. and Chen, Tsong Yueh and Clark, John and Cohen, Myra B. and Grieskamp, Wolfgang and Harman, Mark and Harrold, Mary Jean and McMinn, Phil and Bertolino, Antonia and Jenny Li, J. and Zhu, Hong},
  month = {08},
  pages = {1978-2001},
  title = {An orchestrated survey of methodologies for automated software test case generation},
  doi = {10.1016/j.jss.2013.02.061},
  url = {https://romisatriawahono.net/lecture/rm/survey/software%20engineering/Software%20Testing/Anand%20-%20Automated%20Software%20Test%20Case%20generation%20-%202013.pdf},
  volume = {86},
  year = {2013},
  journal = {Journal of Systems and Software}
}

@article{fraser_2011_evolutionary,
  author = {Fraser, Gordon and Arcuri, Andrea},
  month = {07},
  title = {Evolutionary Generation of Whole Test Suites},
  doi = {10.1109/qsic.2011.19},
  urldate = {2019-07-31},
  year = {2011},
  journal = {2011 11th International Conference on Quality Software}
}

@article{fraser_2011_evosuite,
  author = {Fraser, Gordon and Arcuri, Andrea},
  title = {EvoSuite},
  doi = {10.1145/2025113.2025179},
  year = {2011},
  journal = {Proceedings of the 19th ACM SIGSOFT symposium and the 13th European conference on Foundations of software engineering - SIGSOFT/FSE '11}
}

@article{koziolek_2024_automated,
  author = {Koziolek, Heiko and Ashiwal, Virendra and Bandyopadhyay, Soumyadip and R, Chandrika K},
  month = {05},
  publisher = {Cornell University},
  title = {Automated Control Logic Test Case Generation using Large Language Models},
  doi = {10.48550/arxiv.2405.01874},
  urldate = {2024-11-27},
  year = {2024},
  journal = {arXiv (Cornell University)}
}

@article{lan_2023_unite,
  author = {Lan, Wuwei and Wang, Zhiguo and Chauhan, Anuj and Zhu, Henghui and Li, Alexander and Guo, Jiang and Zhang, Sheng and Hang, Chung-Wei and Lilien, Joseph and Hu, Yiqun and Pan, Lin and Dong, Mingwen and Wang, Jun and Jiang, Jiarong and Ash, Stephen and Castelli, Vittorio and Ng, Patrick and Xiang, Bing},
  month = {01},
  publisher = {Cornell University},
  title = {UNITE: A Unified Benchmark for Text-to-SQL Evaluation},
  doi = {10.48550/arxiv.2305.16265},
  urldate = {2024-11-28},
  year = {2023},
  journal = {arXiv}
}

@article{li_2023_can,
  author = {Li, Jinyang and Hui, Binyuan and Qu, Ge and Li, Binhua and Yang, Jiaxi and Li, Bowen and Wang, Bailin and Qin, Bowen and Cao, Rongyu and Geng, Ruiying and Huo, Nan and Ma, Chenhao and Kevin, Chang and Huang, Fei and Cheng, Reynold and Li, Yongbin},
  month = {05},
  title = {Can LLM Already Serve as A Database Interface? A BIg Bench for Large-Scale Database Grounded Text-to-SQLs},
  doi = {10.48550/arxiv.2305.03111},
  urldate = {2023-07-20},
  year = {2023},
  journal = {arXiv}
}

@misc{liu_2023_is,
  author = {Liu, Jiawei and Xia, Chunqiu Steven and Wang, Yuyao and Zhang, Lingming},
  month = {11},
  title = {Is Your Code Generated by ChatGPT Really Correct? Rigorous Evaluation of Large Language Models for Code Generation},
  url = {https://openreview.net/forum?id=1qvx610Cu7},
  year = {2023},
  organization = {openreview.net}
}

@article{markichengchen_2021_evaluating,
  author = {Mark I-Cheng Chen and Tworek, Jerry and Jun, Heewoo and Yuan, Qiming and Henrique, Jared and Kaplan, Jared and Edwards, Harrison and Burda, Yuri and Joseph, Nicholas and Brockman, Greg and Ray, Alex K and Puri, Raul and Krueger, Gretchen and Petrov, Michael A and Khlaaf, Heidy and Sastry, Girish and Mishkin, Pamela and Chan, Brooke and Gray, Scott and Ryder, N C and Pavlov, Mikhail and Power, Alethea and Kaiser, Lukasz and Bavarian, Mohammad and Winter, Clemens and Tillet, Philippe and Felipe Petroski Such and Cummings, Dave and Plappert, Matthias and Fotios Chantzis and Barnes, Elizabeth A and Herbert-Voss, Ariel and Guss, William C and Nichol, Alex and Paino, Alex and Tezak, Nikolas and Tang, Jie and Igor Babuschkin and Balaji, Suchir and Jain, Shantanu and Saunders, William H and Hesse, Christopher and Carr, Andrew and Leike, Jan and Achiam, Joshua and Misra, Vedant and Morikawa, Evan and Radford, Alec and Knight, Matthew M and Brundage, Miles and Murati, Mira and Mayer, Katie and Welinder, Peter and McGrew, Bob and Amodei, Dario and McCandlish, Samuel and Ilya Sutskever and Zaremba, Wojciech},
  month = {07},
  publisher = {Cornell University},
  title = {Evaluating Large Language Models Trained on Code},
  doi = {10.48550/arxiv.2107.03374},
  year = {2021},
  journal = {arXiv (Cornell University)}
}

@INPROCEEDINGS{mmoeinalmasi_2017_an,
  author={Almasi, M. Moein and Hemmati, Hadi and Fraser, Gordon and Arcuri, Andrea and Benefelds, Janis},
  booktitle={2017 IEEE/ACM 39th International Conference on Software Engineering: Software Engineering in Practice Track (ICSE-SEIP)}, 
  title={An Industrial Evaluation of Unit Test Generation: Finding Real Faults in a Financial Application}, 
  year={2017},
  volume={},
  number={},
  pages={263-272},
  keywords={Tools;Testing;Pensions;Java;Software engineering;Software;Prototypes;Automated Tests Generation;Empirical Software Engineering;Search-based Testing;Random Testing},
  doi={10.1109/ICSE-SEIP.2017.27}}

@article{panichella_2020_replication,
  author = {Panichella, Annibale and Panichella, Sebastiano and Fraser, Gordon and Sawant, Anand Ashok and Hellendoorn, Vincent J},
  month = {08},
  publisher = {European Organization for Nuclear Research},
  title = {Replication Package of "Revisiting Test Smells in Automatically Generated Tests: Limitations, Pitfalls, and Opportunities"},
  doi = {10.5281/zenodo.4000852},
  year = {2020},
  journal = {Zenodo (CERN European Organization for Nuclear Research)}
}

@article{plein_2024_automatic,
  author = {Plein, Laura and Ouédraogo, Wendkûuni C and Klein, Jacques and Bissyandé, Tegawendé F},
  month = {04},
  publisher = {Cornell University},
  title = {Automatic Generation of Test Cases based on Bug Reports: a Feasibility Study with Large Language Models},
  doi = {10.1145/3639478.3643119},
  urldate = {2024-11-27},
  year = {2024},
  journal = {arXiv (Cornell University)}
}

@misc{schfer_2023_an,
  author = {Schäfer, Max and Nadi, Sarah and Eghbali, Aryaz and Tip, Frank},
  month = {09},
  title = {An Empirical Evaluation of Using Large Language Models for Automated Unit Test Generation},
  doi = {10.48550/arXiv.2302.06527},
  url = {https://arxiv.org/abs/2302.06527},
  urldate = {2023-12-10},
  year = {2023},
  organization = {arXiv.org}
}

@article{vikram_2023_can,
  author = {Vikram, Vasudev and Lemieux, Caroline and Padhye, Rohan},
  month = {01},
  publisher = {Cornell University},
  title = {Can Large Language Models Write Good Property-Based Tests?},
  doi = {10.48550/arxiv.2307.04346},
  urldate = {2024-10-23},
  year = {2023},
  journal = {arXiv (Cornell University)}
}

@article{wang_2019_automatic,
  author = {Wang, Chunhui and Pastore, Fabrizio and Arda Göknil and Briand, Lionel C},
  month = {07},
  publisher = {Cornell University},
  title = {Automatic Generation of Acceptance Test Cases from Use Case
  Specifications: an NLP-based Approach},
  doi = {10.48550/arxiv.1907.08490},
  urldate = {2023-12-31},
  year = {2019},
  journal = {arXiv (Cornell University)}
}

@article{wang_2024_testeval,
  author = {Wang, Wenhan and Yang, Chenyuan and Wang, Zhijie and Huang, Yuheng and Chu, Zhaoyang and Song, Da and Zhang, Lingming and Chen, An Ran and Ma, Lei},
  month = {06},
  publisher = {Cornell University},
  title = {TESTEVAL: Benchmarking Large Language Models for Test Case Generation},
  doi = {10.48550/arxiv.2406.04531},
  urldate = {2025-01-28},
  year = {2024},
  journal = {arXiv (Cornell University)}
}

@article{xie_2023_chatunitest,
  author = {Xie, Zuotong and Chen, Y and Chen, Zhi and Deng, Shuiguang and Yin, Jianwei},
  month = {05},
  publisher = {Cornell University},
  title = {ChatUniTest: a ChatGPT-based automated unit test generation tool},
  doi = {10.48550/arxiv.2305.04764},
  urldate = {2023-09-29},
  year = {2023},
  journal = {arXiv (Cornell University)}
}

@article{yan_2023_codescope,
  author = {Yan, Weixiang and Liu, Haitian and Wang, Yunkun and Li, Yunzhe and Chen, Qian and Wang, Wen and Lin, Tingyu and Zhao, Weishan and Zhu, Li and Deng, Shuiguang and Sundaram, Hari},
  month = {01},
  publisher = {Cornell University},
  title = {CodeScope: An Execution-based Multilingual Multitask Multidimensional Benchmark for Evaluating LLMs on Code Understanding and Generation},
  doi = {10.48550/arxiv.2311.08588},
  urldate = {2024-11-27},
  year = {2023},
  journal = {arXiv (Cornell University)}
}

