@INPROCEEDINGS{7546397,
  author={Qu, Bo and Li, Xuelong and Tao, Dacheng and Lu, Xiaoqiang},
  booktitle={2016 International Conference on Computer, Information and Telecommunication Systems (CITS)}, 
  title={Deep semantic understanding of high resolution remote sensing image}, 
  year={2016},
  volume={},
  number={},
  pages={1-5},
  keywords={Remote sensing;Feature extraction;Semantics;Recurrent neural networks;Logic gates;Visualization},
  doi={10.1109/CITS.2016.7546397}}

@inproceedings{christie2018functional,
  title={Functional map of the world},
  author={Christie, Gordon and Fendley, Neil and Wilson, James and Mukherjee, Ryan},
  booktitle={Proceedings of the IEEE Conference on Computer Vision and Pattern Recognition},
  pages={6172--6180},
  year={2018}
}

@article{liu2024remoteclip,
  title={Remoteclip: A vision language foundation model for remote sensing},
  author={Liu, Fan and Chen, Delong and Guan, Zhangqingyun and Zhou, Xiaocong and Zhu, Jiale and Ye, Qiaolin and Fu, Liyong and Zhou, Jun},
  journal={IEEE Transactions on Geoscience and Remote Sensing},
  year={2024},
  publisher={IEEE}
}

@article{long2021creating,
  title={On creating benchmark dataset for aerial image interpretation: Reviews, guidances, and million-aid},
  author={Long, Yang and Xia, Gui-Song and Li, Shengyang and Yang, Wen and Yang, Michael Ying and Zhu, Xiao Xiang and Zhang, Liangpei and Li, Deren},
  journal={IEEE Journal of selected topics in applied earth observations and remote sensing},
  volume={14},
  pages={4205--4230},
  year={2021},
  publisher={IEEE}
}

@article{lu2017exploring,
  title={Exploring models and data for remote sensing image caption generation},
  author={Lu, Xiaoqiang and Wang, Binqiang and Zheng, Xiangtao and Li, Xuelong},
  journal={IEEE Transactions on Geoscience and Remote Sensing},
  volume={56},
  number={4},
  pages={2183--2195},
  year={2017},
  publisher={IEEE}
}

@inproceedings{qu2016deep,
  title={Deep semantic understanding of high resolution remote sensing image},
  author={Qu, Bo and Li, Xuelong and Tao, Dacheng and Lu, Xiaoqiang},
  booktitle={2016 International conference on computer, information and telecommunication systems (Cits)},
  pages={1--5},
  year={2016},
  organization={IEEE}
}

@inproceedings{sumbul2019bigearthnet,
  title={Bigearthnet: A large-scale benchmark archive for remote sensing image understanding},
  author={Sumbul, Gencer and Charfuelan, Marcela and Demir, Beg{\"u}m and Markl, Volker},
  booktitle={IGARSS 2019-2019 IEEE International Geoscience and Remote Sensing Symposium},
  pages={5901--5904},
  year={2019},
  organization={IEEE}
}

@article{yuan2022exploring,
  title={Exploring a fine-grained multiscale method for cross-modal remote sensing image retrieval},
  author={Yuan, Zhiqiang and Zhang, Wenkai and Fu, Kun and Li, Xuan and Deng, Chubo and Wang, Hongqi and Sun, Xian},
  journal={arXiv preprint arXiv:2204.09868},
  year={2022}
}

@article{zhan2023rsvg,
  title={Rsvg: Exploring data and models for visual grounding on remote sensing data},
  author={Zhan, Yang and Xiong, Zhitong and Yuan, Yuan},
  journal={IEEE Transactions on Geoscience and Remote Sensing},
  volume={61},
  pages={1--13},
  year={2023},
  publisher={IEEE}
}

@article{zhang2023rs5m,
  title={Rs5m: A large scale vision-language dataset for remote sensing vision-language foundation model},
  author={Zhang, Zilun and Zhao, Tiancheng and Guo, Yulong and Yin, Jianwei},
  journal={arXiv preprint arXiv:2306.11300},
  year={2023}
}

@article{zhang2024earthgpt,
  title={Earthgpt: A universal multi-modal large language model for multi-sensor image comprehension in remote sensing domain},
  author={Zhang, Wei and Cai, Miaoxin and Zhang, Tong and Zhuang, Yin and Mao, Xuerui},
  journal={IEEE Transactions on Geoscience and Remote Sensing},
  year={2024},
  publisher={IEEE}
}

