@article{DBLP:journals/corr/abs-2306-13549,
  author       = {Shukang Yin and
                  Chaoyou Fu and
                  Sirui Zhao and
                  Ke Li and
                  Xing Sun and
                  Tong Xu and
                  Enhong Chen},
  title        = {A Survey on Multimodal Large Language Models},
  journal      = {CoRR},
  volume       = {abs/2306.13549},
  year         = {2023},
  url          = {https://doi.org/10.48550/arXiv.2306.13549},
  doi          = {10.48550/ARXIV.2306.13549},
  eprinttype    = {arXiv},
  eprint       = {2306.13549},
  timestamp    = {Sun, 19 Jan 2025 13:42:21 +0100},
  biburl       = {https://dblp.org/rec/journals/corr/abs-2306-13549.bib},
  bibsource    = {dblp computer science bibliography, https://dblp.org}
}

@article{DBLP:journals/corr/abs-2409-18042,
  author       = {Kai Chen and
                  Yunhao Gou and
                  Runhui Huang and
                  Zhili Liu and
                  Daxin Tan and
                  Jing Xu and
                  Chunwei Wang and
                  Yi Zhu and
                  Yihan Zeng and
                  Kuo Yang and
                  Dingdong Wang and
                  Kun Xiang and
                  Haoyuan Li and
                  Haoli Bai and
                  Jianhua Han and
                  Xiaohui Li and
                  Weike Jin and
                  Nian Xie and
                  Yu Zhang and
                  James T. Kwok and
                  Hengshuang Zhao and
                  Xiaodan Liang and
                  Dit{-}Yan Yeung and
                  Xiao Chen and
                  Zhenguo Li and
                  Wei Zhang and
                  Qun Liu and
                  Jun Yao and
                  Lanqing Hong and
                  Lu Hou and
                  Hang Xu},
  title        = {{EMOVA:} Empowering Language Models to See, Hear and Speak with Vivid
                  Emotions},
  journal      = {CoRR},
  volume       = {abs/2409.18042},
  year         = {2024},
  url          = {https://doi.org/10.48550/arXiv.2409.18042},
  doi          = {10.48550/ARXIV.2409.18042},
  eprinttype    = {arXiv},
  eprint       = {2409.18042},
  timestamp    = {Sat, 01 Feb 2025 18:40:48 +0100},
  biburl       = {https://dblp.org/rec/journals/corr/abs-2409-18042.bib},
  bibsource    = {dblp computer science bibliography, https://dblp.org}
}

@inproceedings{DBLP:conf/icml/Wu0Q0C24,
  author       = {Shengqiong Wu and
                  Hao Fei and
                  Leigang Qu and
                  Wei Ji and
                  Tat{-}Seng Chua},
  title        = {NExT-GPT: Any-to-Any Multimodal {LLM}},
  booktitle    = {Forty-first International Conference on Machine Learning, {ICML} 2024,
                  Vienna, Austria, July 21-27, 2024},
  publisher    = {OpenReview.net},
  year         = {2024},
  url          = {https://openreview.net/forum?id=NZQkumsNlf},
  timestamp    = {Mon, 02 Sep 2024 16:55:25 +0200},
  biburl       = {https://dblp.org/rec/conf/icml/Wu0Q0C24.bib},
  bibsource    = {dblp computer science bibliography, https://dblp.org}
}

@article{DBLP:journals/corr/abs-2408-16725,
  author       = {Zhifei Xie and
                  Changqiao Wu},
  title        = {Mini-Omni: Language Models Can Hear, Talk While Thinking in Streaming},
  journal      = {CoRR},
  volume       = {abs/2408.16725},
  year         = {2024},
  url          = {https://doi.org/10.48550/arXiv.2408.16725},
  doi          = {10.48550/ARXIV.2408.16725},
  eprinttype    = {arXiv},
  eprint       = {2408.16725},
  timestamp    = {Sat, 28 Sep 2024 20:40:13 +0200},
  biburl       = {https://dblp.org/rec/journals/corr/abs-2408-16725.bib},
  bibsource    = {dblp computer science bibliography, https://dblp.org}
}

@article{DBLP:journals/corr/abs-2405-08295,
  author       = {Nilaksh Das and
                  Saket Dingliwal and
                  Srikanth Ronanki and
                  Rohit Paturi and
                  Zhaocheng Huang and
                  Prashant Mathur and
                  Jie Yuan and
                  Dhanush Bekal and
                  Xing Niu and
                  Sai Muralidhar Jayanthi and
                  Xilai Li and
                  Karel Mundnich and
                  Monica Sunkara and
                  Sundararajan Srinivasan and
                  Kyu J. Han and
                  Katrin Kirchhoff},
  title        = {SpeechVerse: {A} Large-scale Generalizable Audio Language Model},
  journal      = {CoRR},
  volume       = {abs/2405.08295},
  year         = {2024},
  url          = {https://doi.org/10.48550/arXiv.2405.08295},
  doi          = {10.48550/ARXIV.2405.08295},
  eprinttype    = {arXiv},
  eprint       = {2405.08295},
  timestamp    = {Mon, 17 Jun 2024 10:49:07 +0200},
  biburl       = {https://dblp.org/rec/journals/corr/abs-2405-08295.bib},
  bibsource    = {dblp computer science bibliography, https://dblp.org}
}

@article{DBLP:journals/corr/abs-2409-06666,
  author       = {Qingkai Fang and
                  Shoutao Guo and
                  Yan Zhou and
                  Zhengrui Ma and
                  Shaolei Zhang and
                  Yang Feng},
  title        = {LLaMA-Omni: Seamless Speech Interaction with Large Language Models},
  journal      = {CoRR},
  volume       = {abs/2409.06666},
  year         = {2024},
  url          = {https://doi.org/10.48550/arXiv.2409.06666},
  doi          = {10.48550/ARXIV.2409.06666},
  eprinttype    = {arXiv},
  eprint       = {2409.06666},
  timestamp    = {Sat, 12 Oct 2024 00:13:15 +0200},
  biburl       = {https://dblp.org/rec/journals/corr/abs-2409-06666.bib},
  bibsource    = {dblp computer science bibliography, https://dblp.org}
}

@inproceedings{DBLP:conf/asru/WuGCZZWLLRLW23,
  author       = {Jian Wu and
                  Yashesh Gaur and
                  Zhuo Chen and
                  Long Zhou and
                  Yimeng Zhu and
                  Tianrui Wang and
                  Jinyu Li and
                  Shujie Liu and
                  Bo Ren and
                  Linquan Liu and
                  Yu Wu},
  title        = {On Decoder-Only Architecture For Speech-to-Text and Large Language
                  Model Integration},
  booktitle    = {{IEEE} Automatic Speech Recognition and Understanding Workshop, {ASRU}
                  2023, Taipei, Taiwan, December 16-20, 2023},
  pages        = {1--8},
  publisher    = {{IEEE}},
  year         = {2023},
  url          = {https://doi.org/10.1109/ASRU57964.2023.10389705},
  doi          = {10.1109/ASRU57964.2023.10389705},
  timestamp    = {Wed, 12 Jun 2024 14:22:04 +0200},
  biburl       = {https://dblp.org/rec/conf/asru/WuGCZZWLLRLW23.bib},
  bibsource    = {dblp computer science bibliography, https://dblp.org}
}

@article{DBLP:journals/corr/abs-2311-07919,
  author       = {Yunfei Chu and
                  Jin Xu and
                  Xiaohuan Zhou and
                  Qian Yang and
                  Shiliang Zhang and
                  Zhijie Yan and
                  Chang Zhou and
                  Jingren Zhou},
  title        = {Qwen-Audio: Advancing Universal Audio Understanding via Unified Large-Scale
                  Audio-Language Models},
  journal      = {CoRR},
  volume       = {abs/2311.07919},
  year         = {2023},
  url          = {https://doi.org/10.48550/arXiv.2311.07919},
  doi          = {10.48550/ARXIV.2311.07919},
  eprinttype    = {arXiv},
  eprint       = {2311.07919},
  timestamp    = {Thu, 23 Nov 2023 12:06:25 +0100},
  biburl       = {https://dblp.org/rec/journals/corr/abs-2311-07919.bib},
  bibsource    = {dblp computer science bibliography, https://dblp.org}
}

@article{DBLP:journals/corr/abs-2407-10759,
  author       = {Yunfei Chu and
                  Jin Xu and
                  Qian Yang and
                  Haojie Wei and
                  Xipin Wei and
                  Zhifang Guo and
                  Yichong Leng and
                  Yuanjun Lv and
                  Jinzheng He and
                  Junyang Lin and
                  Chang Zhou and
                  Jingren Zhou},
  title        = {Qwen2-Audio Technical Report},
  journal      = {CoRR},
  volume       = {abs/2407.10759},
  year         = {2024},
  url          = {https://doi.org/10.48550/arXiv.2407.10759},
  doi          = {10.48550/ARXIV.2407.10759},
  eprinttype    = {arXiv},
  eprint       = {2407.10759},
  timestamp    = {Sat, 24 Aug 2024 12:32:33 +0200},
  biburl       = {https://dblp.org/rec/journals/corr/abs-2407-10759.bib},
  bibsource    = {dblp computer science bibliography, https://dblp.org}
}

@article{DBLP:journals/corr/abs-2312-14238,
  author       = {Zhe Chen and
                  Jiannan Wu and
                  Wenhai Wang and
                  Weijie Su and
                  Guo Chen and
                  Sen Xing and
                  Muyan Zhong and
                  Qinglong Zhang and
                  Xizhou Zhu and
                  Lewei Lu and
                  Bin Li and
                  Ping Luo and
                  Tong Lu and
                  Yu Qiao and
                  Jifeng Dai},
  title        = {InternVL: Scaling up Vision Foundation Models and Aligning for Generic
                  Visual-Linguistic Tasks},
  journal      = {CoRR},
  volume       = {abs/2312.14238},
  year         = {2023},
  url          = {https://doi.org/10.48550/arXiv.2312.14238},
  doi          = {10.48550/ARXIV.2312.14238},
  eprinttype    = {arXiv},
  eprint       = {2312.14238},
  timestamp    = {Mon, 18 Nov 2024 20:29:46 +0100},
  biburl       = {https://dblp.org/rec/journals/corr/abs-2312-14238.bib},
  bibsource    = {dblp computer science bibliography, https://dblp.org}
}

@article{DBLP:journals/corr/abs-2404-16821,
  author       = {Zhe Chen and
                  Weiyun Wang and
                  Hao Tian and
                  Shenglong Ye and
                  Zhangwei Gao and
                  Erfei Cui and
                  Wenwen Tong and
                  Kongzhi Hu and
                  Jiapeng Luo and
                  Zheng Ma and
                  Ji Ma and
                  Jiaqi Wang and
                  Xiaoyi Dong and
                  Hang Yan and
                  Hewei Guo and
                  Conghui He and
                  Botian Shi and
                  Zhenjiang Jin and
                  Chao Xu and
                  Bin Wang and
                  Xingjian Wei and
                  Wei Li and
                  Wenjian Zhang and
                  Bo Zhang and
                  Pinlong Cai and
                  Licheng Wen and
                  Xiangchao Yan and
                  Min Dou and
                  Lewei Lu and
                  Xizhou Zhu and
                  Tong Lu and
                  Dahua Lin and
                  Yu Qiao and
                  Jifeng Dai and
                  Wenhai Wang},
  title        = {How Far Are We to GPT-4V? Closing the Gap to Commercial Multimodal
                  Models with Open-Source Suites},
  journal      = {CoRR},
  volume       = {abs/2404.16821},
  year         = {2024},
  url          = {https://doi.org/10.48550/arXiv.2404.16821},
  doi          = {10.48550/ARXIV.2404.16821},
  eprinttype    = {arXiv},
  eprint       = {2404.16821},
  timestamp    = {Tue, 19 Nov 2024 16:54:45 +0100},
  biburl       = {https://dblp.org/rec/journals/corr/abs-2404-16821.bib},
  bibsource    = {dblp computer science bibliography, https://dblp.org}
}

@article{DBLP:journals/corr/abs-2408-03326,
  author       = {Bo Li and
                  Yuanhan Zhang and
                  Dong Guo and
                  Renrui Zhang and
                  Feng Li and
                  Hao Zhang and
                  Kaichen Zhang and
                  Yanwei Li and
                  Ziwei Liu and
                  Chunyuan Li},
  title        = {LLaVA-OneVision: Easy Visual Task Transfer},
  journal      = {CoRR},
  volume       = {abs/2408.03326},
  year         = {2024},
  url          = {https://doi.org/10.48550/arXiv.2408.03326},
  doi          = {10.48550/ARXIV.2408.03326},
  eprinttype    = {arXiv},
  eprint       = {2408.03326},
  timestamp    = {Thu, 12 Sep 2024 21:06:52 +0200},
  biburl       = {https://dblp.org/rec/journals/corr/abs-2408-03326.bib},
  bibsource    = {dblp computer science bibliography, https://dblp.org}
}

@article{DBLP:journals/corr/abs-2412-15188,
  author       = {Weijia Shi and
                  Xiaochuang Han and
                  Chunting Zhou and
                  Weixin Liang and
                  Xi Victoria Lin and
                  Luke Zettlemoyer and
                  Lili Yu},
  title        = {LMFusion: Adapting Pretrained Language Models for Multimodal Generation},
  journal      = {CoRR},
  volume       = {abs/2412.15188},
  year         = {2024},
  url          = {https://doi.org/10.48550/arXiv.2412.15188},
  doi          = {10.48550/ARXIV.2412.15188},
  eprinttype    = {arXiv},
  eprint       = {2412.15188},
  timestamp    = {Thu, 23 Jan 2025 22:31:31 +0100},
  biburl       = {https://dblp.org/rec/journals/corr/abs-2412-15188.bib},
  bibsource    = {dblp computer science bibliography, https://dblp.org}
}

@article{DBLP:journals/corr/abs-2409-12191,
  author       = {Peng Wang and
                  Shuai Bai and
                  Sinan Tan and
                  Shijie Wang and
                  Zhihao Fan and
                  Jinze Bai and
                  Keqin Chen and
                  Xuejing Liu and
                  Jialin Wang and
                  Wenbin Ge and
                  Yang Fan and
                  Kai Dang and
                  Mengfei Du and
                  Xuancheng Ren and
                  Rui Men and
                  Dayiheng Liu and
                  Chang Zhou and
                  Jingren Zhou and
                  Junyang Lin},
  title        = {Qwen2-VL: Enhancing Vision-Language Model's Perception of the
                  World at Any Resolution},
  journal      = {CoRR},
  volume       = {abs/2409.12191},
  year         = {2024},
  url          = {https://doi.org/10.48550/arXiv.2409.12191},
  doi          = {10.48550/ARXIV.2409.12191},
  eprinttype    = {arXiv},
  eprint       = {2409.12191},
  timestamp    = {Thu, 17 Oct 2024 12:28:14 +0200},
  biburl       = {https://dblp.org/rec/journals/corr/abs-2409-12191.bib},
  bibsource    = {dblp computer science bibliography, https://dblp.org}
}

@misc{Qwen2.5-VL,
    title = {Qwen2.5-VL},
    url = {https://qwenlm.github.io/blog/qwen2.5-vl/},
    author = {Qwen Team},
    month = {January},
    year = {2025}
}

@inproceedings{DBLP:conf/acl/YangXLC0ZLLZZZ24,
  author       = {Qian Yang and
                  Jin Xu and
                  Wenrui Liu and
                  Yunfei Chu and
                  Ziyue Jiang and
                  Xiaohuan Zhou and
                  Yichong Leng and
                  Yuanjun Lv and
                  Zhou Zhao and
                  Chang Zhou and
                  Jingren Zhou},
  editor       = {Lun{-}Wei Ku and
                  Andre Martins and
                  Vivek Srikumar},
  title        = {AIR-Bench: Benchmarking Large Audio-Language Models via Generative
                  Comprehension},
  booktitle    = {Proceedings of the 62nd Annual Meeting of the Association for Computational
                  Linguistics (Volume 1: Long Papers), {ACL} 2024, Bangkok, Thailand,
                  August 11-16, 2024},
  pages        = {1979--1998},
  publisher    = {Association for Computational Linguistics},
  year         = {2024},
  url          = {https://doi.org/10.18653/v1/2024.acl-long.109},
  doi          = {10.18653/V1/2024.ACL-LONG.109},
  timestamp    = {Sun, 19 Jan 2025 13:20:46 +0100},
  biburl       = {https://dblp.org/rec/conf/acl/YangXLC0ZLLZZZ24.bib},
  bibsource    = {dblp computer science bibliography, https://dblp.org}
}

@article{DBLP:journals/corr/abs-2409-02813,
  author       = {Xiang Yue and
                  Tianyu Zheng and
                  Yuansheng Ni and
                  Yubo Wang and
                  Kai Zhang and
                  Shengbang Tong and
                  Yuxuan Sun and
                  Botao Yu and
                  Ge Zhang and
                  Huan Sun and
                  Yu Su and
                  Wenhu Chen and
                  Graham Neubig},
  title        = {MMMU-Pro: {A} More Robust Multi-discipline Multimodal Understanding
                  Benchmark},
  journal      = {CoRR},
  volume       = {abs/2409.02813},
  year         = {2024},
  url          = {https://doi.org/10.48550/arXiv.2409.02813},
  doi          = {10.48550/ARXIV.2409.02813},
  eprinttype    = {arXiv},
  eprint       = {2409.02813},
  timestamp    = {Sat, 05 Oct 2024 21:12:55 +0200},
  biburl       = {https://dblp.org/rec/journals/corr/abs-2409-02813.bib},
  bibsource    = {dblp computer science bibliography, https://dblp.org}
}

@inproceedings{DBLP:conf/nips/Wei0SBIXCLZ22,
  author       = {Jason Wei and
                  Xuezhi Wang and
                  Dale Schuurmans and
                  Maarten Bosma and
                  Brian Ichter and
                  Fei Xia and
                  Ed H. Chi and
                  Quoc V. Le and
                  Denny Zhou},
  editor       = {Sanmi Koyejo and
                  S. Mohamed and
                  A. Agarwal and
                  Danielle Belgrave and
                  K. Cho and
                  A. Oh},
  title        = {Chain-of-Thought Prompting Elicits Reasoning in Large Language Models},
  booktitle    = {Advances in Neural Information Processing Systems 35: Annual Conference
                  on Neural Information Processing Systems 2022, NeurIPS 2022, New Orleans,
                  LA, USA, November 28 - December 9, 2022},
  year         = {2022},
  url          = {http://papers.nips.cc/paper\_files/paper/2022/hash/9d5609613524ecf4f15af0f7b31abca4-Abstract-Conference.html},
  timestamp    = {Tue, 12 Nov 2024 16:50:49 +0100},
  biburl       = {https://dblp.org/rec/conf/nips/Wei0SBIXCLZ22.bib},
  bibsource    = {dblp computer science bibliography, https://dblp.org}
}

@article{DBLP:journals/corr/abs-2311-09193,
  author       = {Yifan Wu and
                  Pengchuan Zhang and
                  Wenhan Xiong and
                  Barlas Oguz and
                  James C. Gee and
                  Yixin Nie},
  title        = {The Role of Chain-of-Thought in Complex Vision-Language Reasoning
                  Task},
  journal      = {CoRR},
  volume       = {abs/2311.09193},
  year         = {2023},
  url          = {https://doi.org/10.48550/arXiv.2311.09193},
  doi          = {10.48550/ARXIV.2311.09193},
  eprinttype    = {arXiv},
  eprint       = {2311.09193},
  timestamp    = {Tue, 21 Nov 2023 13:55:21 +0100},
  biburl       = {https://dblp.org/rec/journals/corr/abs-2311-09193.bib},
  bibsource    = {dblp computer science bibliography, https://dblp.org}
}

@inproceedings{DBLP:conf/mlcad/VijayaraghavanN24,
  author       = {Prashanth Vijayaraghavan and
                  Apoorva Nitsure and
                  Charles Mackin and
                  Luyao Shi and
                  Stefano Ambrogio and
                  Arvind Haran and
                  Viresh Paruthi and
                  Ali El{-}Zein and
                  Dan Coops and
                  David Beymer and
                  Tyler Baldwin and
                  Ehsan Degan},
  editor       = {Hussam Amrouch and
                  Jiang Hu and
                  Siddharth Garg and
                  Yibo Lin},
  title        = {Chain-of-Descriptions: Improving Code LLMs for {VHDL} Code Generation
                  and Summarization},
  booktitle    = {Proceedings of the 2024 {ACM/IEEE} International Symposium on Machine
                  Learning for CAD, {MLCAD} 2024, Salt Lake City, UT, USA, September
                  9-11, 2024},
  pages        = {28:1--28:10},
  publisher    = {{ACM}},
  year         = {2024},
  url          = {https://doi.org/10.1145/3670474.3685966},
  doi          = {10.1145/3670474.3685966},
  timestamp    = {Sun, 19 Jan 2025 13:26:22 +0100},
  biburl       = {https://dblp.org/rec/conf/mlcad/VijayaraghavanN24.bib},
  bibsource    = {dblp computer science bibliography, https://dblp.org}
}

@misc{ma2025audiocotexploringchainofthoughtreasoning,
      title={Audio-CoT: Exploring Chain-of-Thought Reasoning in Large Audio Language Model}, 
      author={Ziyang Ma and Zhuo Chen and Yuping Wang and Eng Siong Chng and Xie Chen},
      year={2025},
      eprint={2501.07246},
      archivePrefix={arXiv},
      primaryClass={cs.SD},
      url={https://arxiv.org/abs/2501.07246}, 
}

@article{DBLP:journals/tmlr/0001Z00KS24,
  author       = {Zhuosheng Zhang and
                  Aston Zhang and
                  Mu Li and
                  Hai Zhao and
                  George Karypis and
                  Alex Smola},
  title        = {Multimodal Chain-of-Thought Reasoning in Language Models},
  journal      = {Trans. Mach. Learn. Res.},
  volume       = {2024},
  year         = {2024},
  url          = {https://openreview.net/forum?id=y1pPWFVfvR},
  timestamp    = {Thu, 08 Aug 2024 15:22:39 +0200},
  biburl       = {https://dblp.org/rec/journals/tmlr/0001Z00KS24.bib},
  bibsource    = {dblp computer science bibliography, https://dblp.org}
}

@article{DBLP:journals/corr/abs-2412-05579,
  author       = {Haitao Li and
                  Qian Dong and
                  Junjie Chen and
                  Huixue Su and
                  Yujia Zhou and
                  Qingyao Ai and
                  Ziyi Ye and
                  Yiqun Liu},
  title        = {LLMs-as-Judges: {A} Comprehensive Survey on LLM-based Evaluation Methods},
  journal      = {CoRR},
  volume       = {abs/2412.05579},
  year         = {2024},
  url          = {https://doi.org/10.48550/arXiv.2412.05579},
  doi          = {10.48550/ARXIV.2412.05579},
  eprinttype    = {arXiv},
  eprint       = {2412.05579},
  timestamp    = {Wed, 15 Jan 2025 21:22:49 +0100},
  biburl       = {https://dblp.org/rec/journals/corr/abs-2412-05579.bib},
  bibsource    = {dblp computer science bibliography, https://dblp.org}
}

@article{DBLP:journals/corr/abs-2411-15594,
  author       = {Jiawei Gu and
                  Xuhui Jiang and
                  Zhichao Shi and
                  Hexiang Tan and
                  Xuehao Zhai and
                  Chengjin Xu and
                  Wei Li and
                  Yinghan Shen and
                  Shengjie Ma and
                  Honghao Liu and
                  Yuanzhuo Wang and
                  Jian Guo},
  title        = {A Survey on LLM-as-a-Judge},
  journal      = {CoRR},
  volume       = {abs/2411.15594},
  year         = {2024},
  url          = {https://doi.org/10.48550/arXiv.2411.15594},
  doi          = {10.48550/ARXIV.2411.15594},
  eprinttype    = {arXiv},
  eprint       = {2411.15594},
  timestamp    = {Wed, 01 Jan 2025 13:20:31 +0100},
  biburl       = {https://dblp.org/rec/journals/corr/abs-2411-15594.bib},
  bibsource    = {dblp computer science bibliography, https://dblp.org}
}