@inproceedings{DBLP:conf/mlcad/VijayaraghavanN24,
  author       = {Prashanth Vijayaraghavan and
                  Apoorva Nitsure and
                  Charles Mackin and
                  Luyao Shi and
                  Stefano Ambrogio and
                  Arvind Haran and
                  Viresh Paruthi and
                  Ali El{-}Zein and
                  Dan Coops and
                  David Beymer and
                  Tyler Baldwin and
                  Ehsan Degan},
  editor       = {Hussam Amrouch and
                  Jiang Hu and
                  Siddharth Garg and
                  Yibo Lin},
  title        = {Chain-of-Descriptions: Improving Code LLMs for {VHDL} Code Generation
                  and Summarization},
  booktitle    = {Proceedings of the 2024 {ACM/IEEE} International Symposium on Machine
                  Learning for CAD, {MLCAD} 2024, Salt Lake City, UT, USA, September
                  9-11, 2024},
  pages        = {28:1--28:10},
  publisher    = {{ACM}},
  year         = {2024},
  url          = {https://doi.org/10.1145/3670474.3685966},
  doi          = {10.1145/3670474.3685966},
  timestamp    = {Sun, 19 Jan 2025 13:26:22 +0100},
  biburl       = {https://dblp.org/rec/conf/mlcad/VijayaraghavanN24.bib},
  bibsource    = {dblp computer science bibliography, https://dblp.org}
}

@inproceedings{DBLP:conf/nips/Wei0SBIXCLZ22,
  author       = {Jason Wei and
                  Xuezhi Wang and
                  Dale Schuurmans and
                  Maarten Bosma and
                  Brian Ichter and
                  Fei Xia and
                  Ed H. Chi and
                  Quoc V. Le and
                  Denny Zhou},
  editor       = {Sanmi Koyejo and
                  S. Mohamed and
                  A. Agarwal and
                  Danielle Belgrave and
                  K. Cho and
                  A. Oh},
  title        = {Chain-of-Thought Prompting Elicits Reasoning in Large Language Models},
  booktitle    = {Advances in Neural Information Processing Systems 35: Annual Conference
                  on Neural Information Processing Systems 2022, NeurIPS 2022, New Orleans,
                  LA, USA, November 28 - December 9, 2022},
  year         = {2022},
  url          = {http://papers.nips.cc/paper\_files/paper/2022/hash/9d5609613524ecf4f15af0f7b31abca4-Abstract-Conference.html},
  timestamp    = {Tue, 12 Nov 2024 16:50:49 +0100},
  biburl       = {https://dblp.org/rec/conf/nips/Wei0SBIXCLZ22.bib},
  bibsource    = {dblp computer science bibliography, https://dblp.org}
}

@article{DBLP:journals/corr/abs-2311-09193,
  author       = {Yifan Wu and
                  Pengchuan Zhang and
                  Wenhan Xiong and
                  Barlas Oguz and
                  James C. Gee and
                  Yixin Nie},
  title        = {The Role of Chain-of-Thought in Complex Vision-Language Reasoning
                  Task},
  journal      = {CoRR},
  volume       = {abs/2311.09193},
  year         = {2023},
  url          = {https://doi.org/10.48550/arXiv.2311.09193},
  doi          = {10.48550/ARXIV.2311.09193},
  eprinttype    = {arXiv},
  eprint       = {2311.09193},
  timestamp    = {Tue, 21 Nov 2023 13:55:21 +0100},
  biburl       = {https://dblp.org/rec/journals/corr/abs-2311-09193.bib},
  bibsource    = {dblp computer science bibliography, https://dblp.org}
}

@article{DBLP:journals/tmlr/0001Z00KS24,
  author       = {Zhuosheng Zhang and
                  Aston Zhang and
                  Mu Li and
                  Hai Zhao and
                  George Karypis and
                  Alex Smola},
  title        = {Multimodal Chain-of-Thought Reasoning in Language Models},
  journal      = {Trans. Mach. Learn. Res.},
  volume       = {2024},
  year         = {2024},
  url          = {https://openreview.net/forum?id=y1pPWFVfvR},
  timestamp    = {Thu, 08 Aug 2024 15:22:39 +0200},
  biburl       = {https://dblp.org/rec/journals/tmlr/0001Z00KS24.bib},
  bibsource    = {dblp computer science bibliography, https://dblp.org}
}

