@inproceedings{Petsiuk2018rise,
  title = {RISE: Randomized Input Sampling for Explanation of Black-box Models},
  author = {Vitali Petsiuk and Abir Das and Kate Saenko},
  booktitle = {Proceedings of the British Machine Vision Conference (BMVC)},
  year = {2018}
}

@article{gandelsman2023interpreting,
  title={Interpreting CLIP's Image Representation via Text-Based Decomposition},
  author={Gandelsman, Yossi and Efros, Alexei A and Steinhardt, Jacob},
  journal={arXiv preprint arXiv:2310.05916},
  year={2023}
}

@article{hossainexplaining,
  title={Explaining Contrastive Models using Exemplars: Explanation, Confidence, and Knowledge Limits},
  author={Hossain, M Shifat and Walker, Chase and Jha, Sumit Kumar and Ewetz, Rickard}
}

@article{jin2024benchmarking,
  title={Benchmarking Transferable Adversarial Attacks.},
  author={Jin, Zhibo and Zhang, Jiayu and Zhu, Zhiyu and Chen, Huaming},
  journal={CoRR},
  year={2024}
}

@inproceedings{kalibhat2023identifying,
  title={Identifying interpretable subspaces in image representations},
  author={Kalibhat, Neha and Bhardwaj, Shweta and Bruss, C Bayan and Firooz, Hamed and Sanjabi, Maziar and Feizi, Soheil},
  booktitle={International Conference on Machine Learning},
  pages={15623--15638},
  year={2023},
  organization={PMLR}
}

@article{lei2024lico,
  title={LICO: explainable models with language-image consistency},
  author={Lei, Yiming and Li, Zilong and Li, Yangyang and Zhang, Junping and Shan, Hongming},
  journal={Advances in Neural Information Processing Systems},
  volume={36},
  year={2024}
}

@inproceedings{lin2022contrastive,
  title={Contrastive corpus attribution for explaining representations},
  author={Lin, Chris and Chen, Hugh and Kim, Chanwoo and Lee, Su-In},
  booktitle={The Eleventh International Conference on Learning Representations},
  year={2022}
}

@inproceedings{pan2021explaining,
  title={Explaining deep neural network models with adversarial gradient integration},
  author={Pan, Deng and Li, Xin and Zhu, Dongxiao},
  booktitle={Thirtieth International Joint Conference on Artificial Intelligence (IJCAI)},
  year={2021}
}

@inproceedings{radford2021learning,
  title={Learning transferable visual models from natural language supervision},
  author={Radford, Alec and Kim, Jong Wook and Hallacy, Chris and Ramesh, Aditya and Goh, Gabriel and Agarwal, Sandhini and Sastry, Girish and Askell, Amanda and Mishkin, Pamela and Clark, Jack and others},
  booktitle={International conference on machine learning},
  pages={8748--8763},
  year={2021},
  organization={PMLR}
}

@inproceedings{ribeiro2016should,
  title={" Why should i trust you?" Explaining the predictions of any classifier},
  author={Ribeiro, Marco Tulio and Singh, Sameer and Guestrin, Carlos},
  booktitle={Proceedings of the 22nd ACM SIGKDD international conference on knowledge discovery and data mining},
  pages={1135--1144},
  year={2016}
}

@inproceedings{selvaraju2017grad,
  title={Grad-cam: Visual explanations from deep networks via gradient-based localization},
  author={Selvaraju, Ramprasaath R and Cogswell, Michael and Das, Abhishek and Vedantam, Ramakrishna and Parikh, Devi and Batra, Dhruv},
  booktitle={Proceedings of the IEEE international conference on computer vision},
  pages={618--626},
  year={2017}
}

@inproceedings{sundararajan2017axiomatic,
  title={Axiomatic attribution for deep networks},
  author={Sundararajan, Mukund and Taly, Ankur and Yan, Qiqi},
  booktitle={International conference on machine learning},
  pages={3319--3328},
  year={2017},
  organization={PMLR}
}

@article{wang2023visual,
  title={Visual explanations of image-text representations via multi-modal information bottleneck attribution},
  author={Wang, Ying and Rudner, Tim GJ and Wilson, Andrew G},
  journal={Advances in Neural Information Processing Systems},
  volume={36},
  pages={16009--16027},
  year={2023}
}

@inproceedings{zhu2024mfaba,
  title={MFABA: A More Faithful and Accelerated Boundary-Based Attribution Method for Deep Neural Networks},
  author={Zhu, Zhiyu and Chen, Huaming and Zhang, Jiayu and Wang, Xinyi and Jin, Zhibo and Xue, Minhui and Zhu, Dongxiao and Choo, Kim-Kwang Raymond},
  booktitle={Proceedings of the AAAI Conference on Artificial Intelligence},
  volume={38},
  number={15},
  pages={17228--17236},
  year={2024}
}

