@inproceedings{sundararajan2017axiomatic,
  title={Axiomatic attribution for deep networks},
  author={Sundararajan, Mukund and Taly, Ankur and Yan, Qiqi},
  booktitle={International conference on machine learning},
  pages={3319--3328},
  year={2017},
  organization={PMLR}
}


@inproceedings{radford2021learning,
  title={Learning transferable visual models from natural language supervision},
  author={Radford, Alec and Kim, Jong Wook and Hallacy, Chris and Ramesh, Aditya and Goh, Gabriel and Agarwal, Sandhini and Sastry, Girish and Askell, Amanda and Mishkin, Pamela and Clark, Jack and others},
  booktitle={International conference on machine learning},
  pages={8748--8763},
  year={2021},
  organization={PMLR}
}

@inproceedings{lin2022contrastive,
  title={Contrastive corpus attribution for explaining representations},
  author={Lin, Chris and Chen, Hugh and Kim, Chanwoo and Lee, Su-In},
  booktitle={The Eleventh International Conference on Learning Representations},
  year={2022}
}

@article{gandelsman2023interpreting,
  title={Interpreting CLIP's Image Representation via Text-Based Decomposition},
  author={Gandelsman, Yossi and Efros, Alexei A and Steinhardt, Jacob},
  journal={arXiv preprint arXiv:2310.05916},
  year={2023}
}

@article{hossainexplaining,
  title={Explaining Contrastive Models using Exemplars: Explanation, Confidence, and Knowledge Limits},
  author={Hossain, M Shifat and Walker, Chase and Jha, Sumit Kumar and Ewetz, Rickard}
}

@article{lei2024lico,
  title={LICO: explainable models with language-image consistency},
  author={Lei, Yiming and Li, Zilong and Li, Yangyang and Zhang, Junping and Shan, Hongming},
  journal={Advances in Neural Information Processing Systems},
  volume={36},
  year={2024}
}

@inproceedings{kalibhat2023identifying,
  title={Identifying interpretable subspaces in image representations},
  author={Kalibhat, Neha and Bhardwaj, Shweta and Bruss, C Bayan and Firooz, Hamed and Sanjabi, Maziar and Feizi, Soheil},
  booktitle={International Conference on Machine Learning},
  pages={15623--15638},
  year={2023},
  organization={PMLR}
}


@article{wang2023visual,
  title={Visual explanations of image-text representations via multi-modal information bottleneck attribution},
  author={Wang, Ying and Rudner, Tim GJ and Wilson, Andrew G},
  journal={Advances in Neural Information Processing Systems},
  volume={36},
  pages={16009--16027},
  year={2023}
}

@inproceedings{zhu2024iterative,
  title={Iterative Search Attribution for Deep Neural Networks},
  author={Zhu, Zhiyu and Chen, Huaming and Wang, Xinyi and Zhang, Jiayu and Jin, Zhibo and Xue, Jason and Shen, Jun},
  year={2024},
  booktitle={Forty-first International Conference on Machine Learning}
}

@inproceedings{zhu2024attexplore,
  title={AttEXplore: Attribution for Explanation with model parameters eXploration},
  author={Zhu, Zhiyu and Chen, Huaming and Zhang, Jiayu and Wang, Xinyi and Jin, Zhibo and Xue, Jason and Salim, Flora D},
  year={2024},
  booktitle={The Twelfth International Conference on Learning Representations}
}

@inproceedings{chattopadhay2018grad,
  title={Grad-cam++: Generalized gradient-based visual explanations for deep convolutional networks},
  author={Chattopadhay, Aditya and Sarkar, Anirban and Howlader, Prantik and Balasubramanian, Vineeth N},
  booktitle={2018 IEEE winter conference on applications of computer vision (WACV)},
  pages={839--847},
  year={2018},
  organization={IEEE}
}

@article{schulz2020restricting,
  title={Restricting the flow: Information bottlenecks for attribution},
  author={Schulz, Karl and Sixt, Leon and Tombari, Federico and Landgraf, Tim},
  journal={arXiv preprint arXiv:2001.00396},
  year={2020}
}

@article{jin2024benchmarking,
  title={Benchmarking Transferable Adversarial Attacks.},
  author={Jin, Zhibo and Zhang, Jiayu and Zhu, Zhiyu and Chen, Huaming},
  journal={CoRR},
  year={2024}
}

@article{tishby2000information,
  title={The information bottleneck method},
  author={Tishby, Naftali and Pereira, Fernando C and Bialek, William},
  journal={arXiv preprint physics/0004057},
  year={2000}
}

@inproceedings{selvaraju2017grad,
  title={Grad-cam: Visual explanations from deep networks via gradient-based localization},
  author={Selvaraju, Ramprasaath R and Cogswell, Michael and Das, Abhishek and Vedantam, Ramakrishna and Parikh, Devi and Batra, Dhruv},
  booktitle={Proceedings of the IEEE international conference on computer vision},
  pages={618--626},
  year={2017}
}

@article{klambauer2017self,
  title={Self-normalizing neural networks},
  author={Klambauer, G{\"u}nter and Unterthiner, Thomas and Mayr, Andreas and Hochreiter, Sepp},
  journal={Advances in neural information processing systems},
  volume={30},
  year={2017}
}

@inproceedings{chefer2021generic,
  title={Generic attention-model explainability for interpreting bi-modal and encoder-decoder transformers},
  author={Chefer, Hila and Gur, Shir and Wolf, Lior},
  booktitle={Proceedings of the IEEE/CVF International Conference on Computer Vision},
  pages={397--406},
  year={2021}
}

@inproceedings{ribeiro2016should,
  title={" Why should i trust you?" Explaining the predictions of any classifier},
  author={Ribeiro, Marco Tulio and Singh, Sameer and Guestrin, Carlos},
  booktitle={Proceedings of the 22nd ACM SIGKDD international conference on knowledge discovery and data mining},
  pages={1135--1144},
  year={2016}
}

@inproceedings{lin2023multimodality,
  title={Multimodality helps unimodality: Cross-modal few-shot learning with multimodal models},
  author={Lin, Zhiqiu and Yu, Samuel and Kuang, Zhiyi and Pathak, Deepak and Ramanan, Deva},
  booktitle={Proceedings of the IEEE/CVF Conference on Computer Vision and Pattern Recognition},
  pages={19325--19337},
  year={2023}
}

@inproceedings{novack2023chils,
  title={Chils: Zero-shot image classification with hierarchical label sets},
  author={Novack, Zachary and McAuley, Julian and Lipton, Zachary Chase and Garg, Saurabh},
  booktitle={International Conference on Machine Learning},
  pages={26342--26362},
  year={2023},
  organization={PMLR}
}

@inproceedings{jiang2023cross,
  title={Cross-modal implicit relation reasoning and aligning for text-to-image person retrieval},
  author={Jiang, Ding and Ye, Mang},
  booktitle={Proceedings of the IEEE/CVF Conference on Computer Vision and Pattern Recognition},
  pages={2787--2797},
  year={2023}
}

@inproceedings{tong2024eyes,
  title={Eyes wide shut? exploring the visual shortcomings of multimodal llms},
  author={Tong, Shengbang and Liu, Zhuang and Zhai, Yuexiang and Ma, Yi and LeCun, Yann and Xie, Saining},
  booktitle={Proceedings of the IEEE/CVF Conference on Computer Vision and Pattern Recognition},
  pages={9568--9578},
  year={2024}
}

@article{eslami2021does,
  title={Does clip benefit visual question answering in the medical domain as much as it does in the general domain?},
  author={Eslami, Sedigheh and de Melo, Gerard and Meinel, Christoph},
  journal={arXiv preprint arXiv:2112.13906},
  year={2021}
}

@inproceedings{yuan2024rethinking,
  title={Rethinking Multimodal Content Moderation from an Asymmetric Angle with Mixed-modality},
  author={Yuan, Jialin and Yu, Ye and Mittal, Gaurav and Hall, Matthew and Sajeev, Sandra and Chen, Mei},
  booktitle={Proceedings of the IEEE/CVF Winter Conference on Applications of Computer Vision},
  pages={8532--8542},
  year={2024}
}

@inproceedings{zhu2024mfaba,
  title={MFABA: A More Faithful and Accelerated Boundary-Based Attribution Method for Deep Neural Networks},
  author={Zhu, Zhiyu and Chen, Huaming and Zhang, Jiayu and Wang, Xinyi and Jin, Zhibo and Xue, Minhui and Zhu, Dongxiao and Choo, Kim-Kwang Raymond},
  booktitle={Proceedings of the AAAI Conference on Artificial Intelligence},
  volume={38},
  number={15},
  pages={17228--17236},
  year={2024}
}

@article{simonyan2013deep,
  title={Deep inside convolutional networks: Visualising image classification models and saliency maps},
  author={Simonyan, Karen},
  journal={arXiv preprint arXiv:1312.6034},
  year={2013}
}

@inproceedings{Petsiuk2018rise,
  title = {RISE: Randomized Input Sampling for Explanation of Black-box Models},
  author = {Vitali Petsiuk and Abir Das and Kate Saenko},
  booktitle = {Proceedings of the British Machine Vision Conference (BMVC)},
  year = {2018}
}

@inproceedings{pan2021explaining,
  title={Explaining deep neural network models with adversarial gradient integration},
  author={Pan, Deng and Li, Xin and Zhu, Dongxiao},
  booktitle={Thirtieth International Joint Conference on Artificial Intelligence (IJCAI)},
  year={2021}
}

@inproceedings{sanghi2022clip,
  title={Clip-forge: Towards zero-shot text-to-shape generation},
  author={Sanghi, Aditya and Chu, Hang and Lambourne, Joseph G and Wang, Ye and Cheng, Chin-Yi and Fumero, Marco and Malekshan, Kamal Rahimi},
  booktitle={Proceedings of the IEEE/CVF Conference on Computer Vision and Pattern Recognition},
  pages={18603--18613},
  year={2022}
}

@inproceedings{zhou2023zegclip,
  title={Zegclip: Towards adapting clip for zero-shot semantic segmentation},
  author={Zhou, Ziqin and Lei, Yinjie and Zhang, Bowen and Liu, Lingqiao and Liu, Yifan},
  booktitle={Proceedings of the IEEE/CVF Conference on Computer Vision and Pattern Recognition},
  pages={11175--11185},
  year={2023}
}

@article{dosovitskiy2020image,
  title={An image is worth 16x16 words: Transformers for image recognition at scale},
  author={Dosovitskiy, Alexey},
  journal={arXiv preprint arXiv:2010.11929},
  year={2020}
}

@inproceedings{deng2009imagenet,
  title={Imagenet: A large-scale hierarchical image database},
  author={Deng, Jia and Dong, Wei and Socher, Richard and Li, Li-Jia and Li, Kai and Fei-Fei, Li},
  booktitle={2009 IEEE conference on computer vision and pattern recognition},
  pages={248--255},
  year={2009},
  organization={Ieee}
}

@inproceedings{sharma2018conceptual,
  title={Conceptual captions: A cleaned, hypernymed, image alt-text dataset for automatic image captioning},
  author={Sharma, Piyush and Ding, Nan and Goodman, Sebastian and Soricut, Radu},
  booktitle={Proceedings of the 56th Annual Meeting of the Association for Computational Linguistics (Volume 1: Long Papers)},
  pages={2556--2565},
  year={2018}
}

@article{hodosh2013framing,
  title={Framing image description as a ranking task: Data, models and evaluation metrics},
  author={Hodosh, Micah and Young, Peter and Hockenmaier, Julia},
  journal={Journal of Artificial Intelligence Research},
  volume={47},
  pages={853--899},
  year={2013}
}

@article{hesse2021fast,
  title={Fast axiomatic attribution for neural networks},
  author={Hesse, Robin and Schaub-Meyer, Simone and Roth, Stefan},
  journal={Advances in Neural Information Processing Systems},
  volume={34},
  pages={19513--19524},
  year={2021}
}

@incollection{NIPS2019_9167,
title = {A Benchmark for Interpretability Methods in Deep Neural Networks},
author = {Hooker, Sara and Erhan, Dumitru and Kindermans, Pieter-Jan and Kim, Been},
booktitle = {Advances in Neural Information Processing Systems 32},
editor = {H. Wallach and H. Larochelle and A. Beygelzimer and F. d\textquotesingle Alch\'{e}-Buc and E. Fox and R. Garnett},
pages = {9737--9748},
year = {2019},
publisher = {Curran Associates, Inc.},
url = {http://papers.nips.cc/paper/9167-a-benchmark-for-interpretability-methods-in-deep-neural-networks.pdf}
}