@inproceedings{chadwick2019training,
  title={Training object detectors with noisy data},
  author={Chadwick, Simon and Newman, Paul},
  booktitle={IEEE Intelligent Vehicles Symposium (IV)},
  pages={1319--1325},
  year={2019},
  organization={IEEE}
}

@article{chen2023confidence,
  title={Confidence-weighted mutual supervision on dual networks for unsupervised cross-modality image segmentation},
  author={Chen, Yajie and Yang, Xin and Bai, Xiang},
  journal=SCIS,
  volume={66},
  number={11},
  pages={210104},
  year={2023},
  publisher={Springer}
}

@inproceedings{chen2024weakly,
  title={Weakly Misalignment-free Adaptive Feature Alignment for UAVs-based Multimodal Object Detection},
  author={Chen, Chen and Qi, Jiahao and Liu, Xingyue and Bin, Kangcheng and Fu, Ruigang and Hu, Xikun and Zhong, Ping},
  booktitle=CVPR,
  pages={26836--26845},
  year={2024}
}

@article{guan2019fusion,
  title={Fusion of multispectral data through illumination-aware deep neural networks for pedestrian detection},
  author={Guan, Dayan and Cao, Yanpeng and Yang, Jiangxin and Cao, Yanlong and Yang, Michael Ying},
  journal=IF,
  volume={50},
  pages={148--157},
  year={2019},
  publisher={Elsevier}
}

@inproceedings{he2022cross,
  title={Cross domain object detection by target-perceived dual branch distillation},
  author={He, Mengzhe and Wang, Yali and Wu, Jiaxi and Wang, Yiru and Li, Hanqing and Li, Bo and Gan, Weihao and Wu, Wei and Qiao, Yu},
  booktitle=CVPR,
  pages={9570--9580},
  year={2022}
}

@article{iafrcnn,
  title={Illumination-aware faster {R-CNN} for robust multispectral pedestrian detection},
  author={Li, Chengyang and Song, Dan and Tong, Ruofeng and Tang, Min},
  journal=PR,
  volume={85},
  pages={161--171},
  year={2019},
  publisher={Elsevier}
}

@inproceedings{kennerley20232pcnet,
  title={2pcnet: Two-phase consistency training for day-to-night unsupervised domain adaptive object detection},
  author={Kennerley, Mikhail and Wang, Jian-Gang and Veeravalli, Bharadwaj and Tan, Robby T},
  booktitle=CVPR,
  pages={11484--11493},
  year={2023}
}

@article{kim2021uncertainty,
  title={Uncertainty-guided cross-modal learning for robust multispectral pedestrian detection},
  author={Kim, Jung Uk and Park, Sungjune and Ro, Yong Man},
  journal=TCSVT,
  year={2021},
  volume={32},
  number={3},
  pages={1510--1523},
  publisher={IEEE}
}

@inproceedings{li2020learning,
  title={Learning from noisy anchors for one-stage object detection},
  author={Li, Hengduo and Wu, Zuxuan and Zhu, Chen and Xiong, Caiming and Socher, Richard and Davis, Larry S},
  booktitle=CVPR,
  pages={10588--10597},
  year={2020}
}

@inproceedings{li2022cross,
  title={Cross-domain adaptive teacher for object detection},
  author={Li, Yu-Jhe and Dai, Xiaoliang and Ma, Chih-Yao and Liu, Yen-Cheng and Chen, Kan and Wu, Bichen and He, Zijian and Kitani, Kris and Vajda, Peter},
  booktitle=CVPR,
  pages={7581--7590},
  year={2022}
}

@article{li2023multiscale,
  title={Multiscale Cross-modal Homogeneity Enhancement and Confidence-aware Fusion for Multispectral Pedestrian Detection},
  author={Li, Ruimin and Xiang, Jiajun and Sun, Feixiang and Yuan, Ye and Yuan, Longwu and Gou, Shuiping},
  journal=TMM,
  year={2023},
  publisher={IEEE}
}

@inproceedings{liu2022robust,
  title={Robust Object Detection with Inaccurate Bounding Boxes},
  author={Liu, Chengxin and Wang, Kewei and Lu, Hao and Cao, Zhiguo and Zhang, Ziming},
  booktitle=ECCV,
  pages={53--69},
  year={2022},
  organization={Springer}
}

@inproceedings{napat2021misalignment,
  author={Wanchaitanawong, Napat and Tanaka, Masayuki and Shibata, Takashi and Okutomi, Masatoshi},
  booktitle=MVA, 
  title={Multi-Modal Pedestrian Detection with Large Misalignment Based on Modal-Wise Regression and Multi-Modal {IoU}}, 
  year={2021},
  volume={},
  number={},
  pages={1--6}
  }

@article{shen2024icafusion,
  title={ICAFusion: Iterative cross-attention guided feature fusion for multispectral object detection},
  author={Shen, Jifeng and Chen, Yifei and Liu, Yue and Zuo, Xin and Fan, Heng and Yang, Wankou},
  journal=PR,
  volume={145},
  pages={109913},
  year={2024},
  publisher={Elsevier}
}

@article{sun2022drone,
  title={Drone-based {RGB}-infrared cross-modality vehicle detection via uncertainty-aware learning},
  author={Sun, Yiming and Cao, Bing and Zhu, Pengfei and Hu, Qinghua},
  journal=TCSVT,
  volume={32},
  number={10},
  pages={6700--6713},
  year={2022},
  publisher={IEEE}
}

@article{tarvainen2017mean,
  title={Mean teachers are better role models: Weight-averaged consistency targets improve semi-supervised deep learning results},
  author={Tarvainen, Antti and Valpola, Harri},
  journal=NeurIPS,
  volume={30},
  year={2017}
}

@inproceedings{wu2023spatial,
  title={Spatial Self-Distillation for Object Detection with Inaccurate Bounding Boxes},
  author={Wu, Di and Chen, Pengfei and Yu, Xuehui and Li, Guorong and Han, Zhenjun and Jiao, Jianbin},
  booktitle=ICCV,
  pages={6855--6865},
  year={2023}
}

@inproceedings{yi2019probabilistic,
  title={Probabilistic end-to-end noise correction for learning with noisy labels},
  author={Yi, Kun and Wu, Jianxin},
  booktitle=CVPR,
  pages={7017--7025},
  year={2019}
}

@inproceedings{yuan2022translation,
  title={Translation, Scale and Rotation: Cross-Modal Alignment Meets RGB-Infrared Vehicle Detection},
  author={Yuan, Maoxun and Wang, Yinyan and Wei, Xingxing},
  booktitle=ECCV,
  pages={509--525},
  year={2022},
  organization={Springer}
}

@article{yuan2024c,
  title={C 2 Former: Calibrated and Complementary Transformer for RGB-Infrared Object Detection},
  author={Yuan, Maoxun and Wei, Xingxing},
  journal=TGRS,
  year={2024},
  publisher={IEEE}
}

@article{yuan2024improving,
  title={Improving RGB-infrared object detection with cascade alignment-guided transformer},
  author={Yuan, Maoxun and Shi, Xiaorong and Wang, Nan and Wang, Yinyan and Wei, Xingxing},
  journal=IF,
  volume={105},
  pages={102246},
  year={2024},
  publisher={Elsevier}
}

@article{zhai2024maximizing,
  title={Maximizing conditional independence for unsupervised domain adaptation},
  author={Zhai, Yiming and Ren, Chuanxian and Luo, Youwei and Dai, Daoqing},
  journal=SCIS,
  volume={67},
  number={5},
  pages={152108},
  year={2024},
  publisher={Springer}
}

@article{zhang2019cross,
  title={Cross-modality interactive attention network for multispectral pedestrian detection},
  author={Zhang, Lu and Liu, Zhiyong and Zhang, Shifeng and Yang, Xu and Qiao, Hong and Huang, Kaizhu and Hussain, Amir},
  journal=IF,
  volume={50},
  pages={20--29},
  year={2019},
  publisher={Elsevier}
}

@inproceedings{zhang2019weakly,
  title={Weakly aligned cross-modal learning for multispectral pedestrian detection},
  author={Zhang, Lu and Zhu, Xiangyu and Chen, Xiangyu and Yang, Xu and Lei, Zhen and Liu, Zhiyong},
  booktitle=ICCV,
  pages={5127--5137},
  year={2019}
}

@article{zhang2023drone,
    author={Zhang, Yan and Xu, Chang and Yang, Wen and He, Guangjun and Yu, Huai and Yu, Lei and Xia, Gui-Song},
    title={Drone-based {RGBT} tiny person detection},
    journal=ISPRSJ,
    volume={204},
    pages={61--76},
    year={2023}
}

@article{zhang2023tinet,
  title={Illumination-Guided RGBT Object Detection With Inter-and Intra-Modality Fusion},
  author={Zhang, Yan and Yu, Huai and He, Yujie and Wang, Xinya and Yang, Wen},
  journal=TIM,
  volume={72},
  pages={1--13},
  year={2023},
  publisher={IEEE}
}

@inproceedings{zheng2021meta,
  title={Meta label correction for noisy label learning},
  author={Zheng, Guoqing and Awadallah, Ahmed Hassan and Dumais, Susan},
  booktitle=AAAI,
  volume={35},
  number={12},
  pages={11053--11061},
  year={2021}
}

@inproceedings{zhou2020improving,
  title={Improving multispectral pedestrian detection by addressing modality imbalance problems},
  author={Zhou, Kailai and Chen, Linsen and Cao, Xun},
  booktitle=ECCV,
  pages={787--803},
  year={2020},
  organization={Springer}
}

