% Full form of conference & journal abbreviations
@String(PAMI  = {IEEE Transactions on Pattern Analysis and Machine Intelligence})
@String(CVPR  = {Proceedings of the IEEE Conference on Computer Vision and Pattern Recognition})
@String(ICCV  = {Proceedings of the IEEE/CVF International Conference on Computer Vision})
@String(ECCV  = {European Conference on Computer Vision})
@String(NeurIPS = {Advances in Neural Information Processing Systems})
@String(ICML  = {International Conference on Machine Learning})
@String(ICLR  = {International Conference on Learning Representation})
@String(ACCV  = {Asian Conference on Computer Vision})
@String(BMVC  = {British Machine Vision Conference})
@String(ICIP  = {IEEE International Conference on Image Processing})
@String(ICPR  = {International Conference on Pattern Recognition})
@String(AAAI  = {Proceedings of the AAAI conference on artificial intelligence})
@String(MVA   = {International Conference on Machine Vision and Applications})
@String(ITSC  = {IEEE International Conference on Intelligent Transportation Systems})
@String(TIP   = {IEEE Transactions on Image Processing})
@String(TCSVT = {IEEE Transactions on Circuit System and Video Technology})
@String(TGRS  = {IEEE Transactions on Geoscience and Remote Sensing})
@String(TMM   = {IEEE Transactions on Multimedia})
@String(TIM   = {IEEE Transactions on Instrument and Measurement})
@String(ACMMM = {ACM International Conference on Multimedia})
@String(PR    = {Pattern Recognition})
@String(IF    = {Information Fusion})
@String(ISPRSJ= {ISPRS Journal of Photogrammetry and Remote Sensing})
@String(SCIS  = {Science China Information Sciences})


@inproceedings{liu2021swin,
  title={Swin transformer: Hierarchical vision transformer using shifted windows},
  author={Liu, Ze and Lin, Yutong and Cao, Yue and Hu, Han and Wei, Yixuan and Zhang, Zheng and Lin, Stephen and Guo, Baining},
  booktitle=ICCV,
  pages={10012--10022},
  year={2021}
}

@inproceedings{zhang2019weakly,
  title={Weakly aligned cross-modal learning for multispectral pedestrian detection},
  author={Zhang, Lu and Zhu, Xiangyu and Chen, Xiangyu and Yang, Xu and Lei, Zhen and Liu, Zhiyong},
  booktitle=ICCV,
  pages={5127--5137},
  year={2019}
}

@inproceedings{kaist,
  title={Multispectral pedestrian detection: Benchmark dataset and baseline},
  author={Hwang, Soonmin and Park, Jaesik and Kim, Namil and Choi, Yukyung and So Kweon, In},
  booktitle=CVPR,
  pages={1037--1045},
  year={2015}
}

@inproceedings{jia2021llvip,
  title={LLVIP: A Visible-infrared Paired Dataset for Low-light Vision},
  author={Jia, Xinyu and Zhu, Chuang and Li, Minzhen and Tang, Wenqi and Zhou, Wenli},
  booktitle=ICCV,
  pages={3496--3504},
  year={2021}
}

@inproceedings{liu2016multispectral,
  title={Multispectral deep neural networks for pedestrian detection},
  author={Liu, Jingjing and Zhang, Shaoting and Wang, Shu and Metaxas, Dimitris N},
  booktitle=ECCV,
  pages={1--13},
  year={2016}
}

@article{zhang2023drone,
    author={Zhang, Yan and Xu, Chang and Yang, Wen and He, Guangjun and Yu, Huai and Yu, Lei and Xia, Gui-Song},
    title={Drone-based {RGBT} tiny person detection},
    journal=ISPRSJ,
    volume={204},
    pages={61--76},
    year={2023}
}

@inproceedings{yuan2022translation,
  title={Translation, Scale and Rotation: Cross-Modal Alignment Meets RGB-Infrared Vehicle Detection},
  author={Yuan, Maoxun and Wang, Yinyan and Wei, Xingxing},
  booktitle=ECCV,
  pages={509--525},
  year={2022},
  organization={Springer}
}

@article{yuan2024improving,
  title={Improving RGB-infrared object detection with cascade alignment-guided transformer},
  author={Yuan, Maoxun and Shi, Xiaorong and Wang, Nan and Wang, Yinyan and Wei, Xingxing},
  journal=IF,
  volume={105},
  pages={102246},
  year={2024},
  publisher={Elsevier}
}

@article{yuan2024c,
  title={C 2 Former: Calibrated and Complementary Transformer for RGB-Infrared Object Detection},
  author={Yuan, Maoxun and Wei, Xingxing},
  journal=TGRS,
  year={2024},
  publisher={IEEE}
}

@inproceedings{napat2021misalignment,
  author={Wanchaitanawong, Napat and Tanaka, Masayuki and Shibata, Takashi and Okutomi, Masatoshi},
  booktitle=MVA, 
  title={Multi-Modal Pedestrian Detection with Large Misalignment Based on Modal-Wise Regression and Multi-Modal {IoU}}, 
  year={2021},
  volume={},
  number={},
  pages={1--6}
  }

@article{iafrcnn,
  title={Illumination-aware faster {R-CNN} for robust multispectral pedestrian detection},
  author={Li, Chengyang and Song, Dan and Tong, Ruofeng and Tang, Min},
  journal=PR,
  volume={85},
  pages={161--171},
  year={2019},
  publisher={Elsevier}
}

@article{guan2019fusion,
  title={Fusion of multispectral data through illumination-aware deep neural networks for pedestrian detection},
  author={Guan, Dayan and Cao, Yanpeng and Yang, Jiangxin and Cao, Yanlong and Yang, Michael Ying},
  journal=IF,
  volume={50},
  pages={148--157},
  year={2019},
  publisher={Elsevier}
}

@article{kim2021uncertainty,
  title={Uncertainty-guided cross-modal learning for robust multispectral pedestrian detection},
  author={Kim, Jung Uk and Park, Sungjune and Ro, Yong Man},
  journal=TCSVT,
  year={2021},
  volume={32},
  number={3},
  pages={1510--1523},
  publisher={IEEE}
}

@article{sun2022drone,
  title={Drone-based {RGB}-infrared cross-modality vehicle detection via uncertainty-aware learning},
  author={Sun, Yiming and Cao, Bing and Zhu, Pengfei and Hu, Qinghua},
  journal=TCSVT,
  volume={32},
  number={10},
  pages={6700--6713},
  year={2022},
  publisher={IEEE}
}

@article{zhang2019cross,
  title={Cross-modality interactive attention network for multispectral pedestrian detection},
  author={Zhang, Lu and Liu, Zhiyong and Zhang, Shifeng and Yang, Xu and Qiao, Hong and Huang, Kaizhu and Hussain, Amir},
  journal=IF,
  volume={50},
  pages={20--29},
  year={2019},
  publisher={Elsevier}
}

@inproceedings{zhou2020improving,
  title={Improving multispectral pedestrian detection by addressing modality imbalance problems},
  author={Zhou, Kailai and Chen, Linsen and Cao, Xun},
  booktitle=ECCV,
  pages={787--803},
  year={2020},
  organization={Springer}
}

@inproceedings{broedermann2023hrfuser,
  title={HRFuser: A multi-resolution sensor fusion architecture for 2D object detection},
  author={Broedermann, Tim and Sakaridis, Christos and Dai, Dengxin and Van Gool, Luc},
  booktitle=ITSC,
  pages={4159--4166},
  year={2023},
  organization={IEEE}
}

@article{zhang2023tinet,
  title={Illumination-Guided RGBT Object Detection With Inter-and Intra-Modality Fusion},
  author={Zhang, Yan and Yu, Huai and He, Yujie and Wang, Xinya and Yang, Wen},
  journal=TIM,
  volume={72},
  pages={1--13},
  year={2023},
  publisher={IEEE}
}

@article{li2023multiscale,
  title={Multiscale Cross-modal Homogeneity Enhancement and Confidence-aware Fusion for Multispectral Pedestrian Detection},
  author={Li, Ruimin and Xiang, Jiajun and Sun, Feixiang and Yuan, Ye and Yuan, Longwu and Gou, Shuiping},
  journal=TMM,
  year={2023},
  publisher={IEEE}
}

@inproceedings{he2023multispectral,
  title={Multispectral Object Detection via Cross-Modal Conflict-Aware Learning},
  author={He, Xiao and Tang, Chang and Zou, Xin and Zhang, Wei},
  booktitle=ACMMM,
  pages={1465--1474},
  year={2023}
}

@article{shen2024icafusion,
  title={ICAFusion: Iterative cross-attention guided feature fusion for multispectral object detection},
  author={Shen, Jifeng and Chen, Yifei and Liu, Yue and Zuo, Xin and Fan, Heng and Yang, Wankou},
  journal=PR,
  volume={145},
  pages={109913},
  year={2024},
  publisher={Elsevier}
}

@inproceedings{chen2024weakly,
  title={Weakly Misalignment-free Adaptive Feature Alignment for UAVs-based Multimodal Object Detection},
  author={Chen, Chen and Qi, Jiahao and Liu, Xingyue and Bin, Kangcheng and Fu, Ruigang and Hu, Xikun and Zhong, Ping},
  booktitle=CVPR,
  pages={26836--26845},
  year={2024}
}

@inproceedings{yi2019probabilistic,
  title={Probabilistic end-to-end noise correction for learning with noisy labels},
  author={Yi, Kun and Wu, Jianxin},
  booktitle=CVPR,
  pages={7017--7025},
  year={2019}
}


@inproceedings{zheng2021meta,
  title={Meta label correction for noisy label learning},
  author={Zheng, Guoqing and Awadallah, Ahmed Hassan and Dumais, Susan},
  booktitle=AAAI,
  volume={35},
  number={12},
  pages={11053--11061},
  year={2021}
}

@inproceedings{chadwick2019training,
  title={Training object detectors with noisy data},
  author={Chadwick, Simon and Newman, Paul},
  booktitle={IEEE Intelligent Vehicles Symposium (IV)},
  pages={1319--1325},
  year={2019},
  organization={IEEE}
}

@inproceedings{li2020learning,
  title={Learning from noisy anchors for one-stage object detection},
  author={Li, Hengduo and Wu, Zuxuan and Zhu, Chen and Xiong, Caiming and Socher, Richard and Davis, Larry S},
  booktitle=CVPR,
  pages={10588--10597},
  year={2020}
}

@inproceedings{liu2022robust,
  title={Robust Object Detection with Inaccurate Bounding Boxes},
  author={Liu, Chengxin and Wang, Kewei and Lu, Hao and Cao, Zhiguo and Zhang, Ziming},
  booktitle=ECCV,
  pages={53--69},
  year={2022},
  organization={Springer}
}

@inproceedings{wu2023spatial,
  title={Spatial Self-Distillation for Object Detection with Inaccurate Bounding Boxes},
  author={Wu, Di and Chen, Pengfei and Yu, Xuehui and Li, Guorong and Han, Zhenjun and Jiao, Jianbin},
  booktitle=ICCV,
  pages={6855--6865},
  year={2023}
}

@inproceedings{peng2022balanced,
  title={Balanced multimodal learning via on-the-fly gradient modulation},
  author={Peng, Xiaokang and Wei, Yake and Deng, Andong and Wang, Dong and Hu, Di},
  booktitle=CVPR,
  pages={8238--8247},
  year={2022}
}

@inproceedings{bilen2016weakly,
  title={Weakly supervised deep detection networks},
  author={Bilen, Hakan and Vedaldi, Andrea},
  booktitle=CVPR,
  pages={2846--2854},
  year={2016}
}

@inproceedings{tang2017multiple,
  title={Multiple instance detection network with online instance classifier refinement},
  author={Tang, Peng and Wang, Xinggang and Bai, Xiang and Liu, Wenyu},
  booktitle=CVPR,
  pages={2843--2851},
  year={2017}
}

@article{tang2018pcl,
  title={Pcl: Proposal cluster learning for weakly supervised object detection},
  author={Tang, Peng and Wang, Xinggang and Bai, Song and Shen, Wei and Bai, Xiang and Liu, Wenyu and Yuille, Alan},
  journal=PAMI,
  volume={42},
  number={1},
  pages={176--191},
  year={2018},
  publisher={IEEE}
}

@article{tarvainen2017mean,
  title={Mean teachers are better role models: Weight-averaged consistency targets improve semi-supervised deep learning results},
  author={Tarvainen, Antti and Valpola, Harri},
  journal=NeurIPS,
  volume={30},
  year={2017}
}

@inproceedings{li2022cross,
  title={Cross-domain adaptive teacher for object detection},
  author={Li, Yu-Jhe and Dai, Xiaoliang and Ma, Chih-Yao and Liu, Yen-Cheng and Chen, Kan and Wu, Bichen and He, Zijian and Kitani, Kris and Vajda, Peter},
  booktitle=CVPR,
  pages={7581--7590},
  year={2022}
}

@inproceedings{he2022cross,
  title={Cross domain object detection by target-perceived dual branch distillation},
  author={He, Mengzhe and Wang, Yali and Wu, Jiaxi and Wang, Yiru and Li, Hanqing and Li, Bo and Gan, Weihao and Wu, Wei and Qiao, Yu},
  booktitle=CVPR,
  pages={9570--9580},
  year={2022}
}

@inproceedings{kennerley20232pcnet,
  title={2pcnet: Two-phase consistency training for day-to-night unsupervised domain adaptive object detection},
  author={Kennerley, Mikhail and Wang, Jian-Gang and Veeravalli, Bharadwaj and Tan, Robby T},
  booktitle=CVPR,
  pages={11484--11493},
  year={2023}
}

@article{chen2023confidence,
  title={Confidence-weighted mutual supervision on dual networks for unsupervised cross-modality image segmentation},
  author={Chen, Yajie and Yang, Xin and Bai, Xiang},
  journal=SCIS,
  volume={66},
  number={11},
  pages={210104},
  year={2023},
  publisher={Springer}
}

@article{zhai2024maximizing,
  title={Maximizing conditional independence for unsupervised domain adaptation},
  author={Zhai, Yiming and Ren, Chuanxian and Luo, Youwei and Dai, Daoqing},
  journal=SCIS,
  volume={67},
  number={5},
  pages={152108},
  year={2024},
  publisher={Springer}
}


@article{jaderberg2015spatial,
  title={Spatial transformer networks},
  author={Jaderberg, Max and Simonyan, Karen and Zisserman, Andrew and others},
  journal=NeurIPS,
  volume={28},
  year={2015}
}

@inproceedings{rezatofighi2019generalized,
  title={Generalized intersection over union: A metric and a loss for bounding box regression},
  author={Rezatofighi, Hamid and Tsoi, Nathan and Gwak, JunYoung and Sadeghian, Amir and Reid, Ian and Savarese, Silvio},
  booktitle=CVPR,
  pages={658--666},
  year={2019}
}

@inproceedings{zhang2020atss,
  title={Bridging the gap between anchor-based and anchor-free detection via adaptive training sample selection},
  author={Zhang, Shifeng and Chi, Cheng and Yao, Yongqiang and Lei, Zhen and Li, Stan Z},
  booktitle=CVPR,
  pages={9759--9768},
  year={2020}
}

@incollection{pytorch,
title = {PyTorch: An Imperative Style, High-Performance Deep Learning Library},
author = {Paszke, Adam and Gross, Sam and Massa, Francisco and Lerer, Adam and Bradbury, James and Chanan, Gregory and Killeen, Trevor and Lin, Zeming and Gimelshein, Natalia and Antiga, Luca and Desmaison, Alban},
booktitle = NeurIPS,
pages = {8024--8035},
year = {2019}
}

@article{mmdetection,
  title   = {{MMDetection}: Open MMLab Detection Toolbox and Benchmark},
  author  = {Chen, Kai and Wang, Jiaqi and Pang, Jiangmiao and Cao, Yuhang and
             Xiong, Yu},
  journal= {arXiv preprint arXiv:1906.07155},
  year={2019}
}

@inproceedings{zhou2022mmrotate,
  title   = {MMRotate: A Rotated Object Detection Benchmark using PyTorch},
  author  = {Zhou, Yue and Yang, Xue and Zhang, Gefan and Wang, Jiabao and Liu, Yanyi and
             Hou, Liping and Jiang, Xue and Liu, Xingzhao and Yan, Junchi and Lyu, Chengqi and
             Zhang, Wenwei and Chen, Kai},
  booktitle=ACMMM,
  year={2022}
}