@article{IMRAN2009509,
title = {A variable neighborhood-based heuristic for the heterogeneous fleet vehicle routing problem},
journal = {European Journal of Operational Research},
volume = {197},
number = {2},
pages = {509-518},
year = {2009},
author = {Arif Imran and Said Salhi and Niaz A. Wassan},
}

@article{LI20101111,
title = {An adaptive memory programming metaheuristic for the heterogeneous fixed fleet vehicle routing problem},
journal = {Transportation Research Part E: Logistics and Transportation Review},
volume = {46},
number = {6},
pages = {1111-1127},
year = {2010},
author = {Xiangyong Li and Peng Tian and Y.P. Aneja},
}

@article{MOLINA2020103745,
title = {The heterogeneous vehicle routing problem with time windows and a limited number of resources},
journal = {Engineering Applications of Artificial Intelligence},
volume = {94},
pages = {103745},
year = {2020},
author = {Jose C. Molina and Jose L. Salmeron and Ignacio Eguia and Jesus Racero},
}

@article{PRINS2009916,
title = {Two memetic algorithms for heterogeneous fleet vehicle routing problems},
journal = {Engineering Applications of Artificial Intelligence},
volume = {22},
number = {6},
pages = {916-928},
year = {2009},
note = {Artificial Intelligence Techniques for Supply Chain Management},
author = {Christian Prins},
}

@article{VIDAL2014658,
title = {A unified solution framework for multi-attribute vehicle routing problems},
journal = {European Journal of Operational Research},
volume = {234},
number = {3},
pages = {658-673},
year = {2014},
author = {Thibaut Vidal and Teodor Gabriel Crainic and Michel Gendreau and Christian Prins},
}

@article{augerat1995computational,
  title={Computational results with a branch and cut code for the capacitated vehicle routing problem},
  author={Augerat, Philippe and Naddef, D and Belenguer, JM and Benavent, E and Corberan, A and Rinaldi, Giovanni},
  year={1995}
}

@article{baldacci2009unified,
  title={A unified exact method for solving different classes of vehicle routing problems},
  author={Baldacci, Roberto and Mingozzi, Aristide},
  journal={Mathematical Programming},
  volume={120},
  pages={347--380},
  year={2009},
  publisher={Springer}
}

@article{bell2004ant,
  title={Ant colony optimization techniques for the vehicle routing problem},
  author={Bell, John E and McMullen, Patrick R},
  journal={Advanced Engineering Informatics},
  volume={18},
  number={1},
  pages={41--48},
  year={2004},
  publisher={Elsevier}
}

@article{braekers2016vehicle,
  title={The vehicle routing problem: State of the art classification and review},
  author={Braekers, Kris and Ramaekers, Katrien and Van Nieuwenhuyse, Inneke},
  journal={Computers \& Industrial Engineering},
  volume={99},
  pages={300--313},
  year={2016},
  publisher={Elsevier}
}

@article{bramel1995location,
  title={A location based heuristic for general routing problems},
  author={Bramel, Julien and Simchi-Levi, David},
  journal={Operations Research},
  volume={43},
  number={4},
  pages={649--660},
  year={1995},
  publisher={INFORMS}
}

@article{braysy2005vehicle_1,
  title={Vehicle routing problem with time windows, Part I: Route construction and local search algorithms},
  author={Br{\"a}ysy, Olli and Gendreau, Michel},
  journal={Transportation science},
  volume={39},
  number={1},
  pages={104--118},
  year={2005},
  publisher={INFORMS}
}

@article{braysy2005vehicle_2,
  title={Vehicle routing problem with time windows, Part II: Metaheuristics},
  author={Br{\"a}ysy, Olli and Gendreau, Michel},
  journal={Transportation Science},
  volume={39},
  number={1},
  pages={119--139},
  year={2005},
  publisher={INFORMS}
}

@article{clarke1964scheduling,
  title={Scheduling of vehicles from a central depot to a number of delivery points},
  author={Clarke, Geoff and Wright, John W},
  journal={Operations Research},
  volume={12},
  number={4},
  pages={568--581},
  year={1964},
  publisher={Informs}
}

@article{dantzig1959truck,
  title={The truck dispatching problem},
  author={Dantzig, George B and Ramser, John H},
  journal={Management Science},
  volume={6},
  number={1},
  pages={80--91},
  year={1959},
  publisher={Informs}
}

@article{desrochers1992new,
  title={A new optimization algorithm for the vehicle routing problem with time windows},
  author={Desrochers, Martin and Desrosiers, Jacques and Solomon, Marius},
  journal={Operations Research},
  volume={40},
  number={2},
  pages={342--354},
  year={1992},
  publisher={INFORMS}
}

@article{erdougan2012green,
  title={A green vehicle routing problem},
  author={Erdo{\u{g}}an, Sevgi and Miller-Hooks, Elise},
  journal={Transportation Research Part E: Logistics and Transportation Review},
  volume={48},
  number={1},
  pages={100--114},
  year={2012},
  publisher={Elsevier}
}

@article{fischetti1994branch,
  title={A branch-and-bound algorithm for the capacitated vehicle routing problem on directed graphs},
  author={Fischetti, Matteo and Toth, Paolo and Vigo, Daniele},
  journal={Operations Research},
  volume={42},
  number={5},
  pages={846--859},
  year={1994},
  publisher={INFORMS}
}

@article{fisher1981generalized,
  title={A generalized assignment heuristic for vehicle routing},
  author={Fisher, Marshall L and Jaikumar, Ramchandran},
  journal={Networks},
  volume={11},
  number={2},
  pages={109--124},
  year={1981},
  publisher={Wiley Online Library}
}

@article{fukasawa2006robust,
  title={Robust branch-and-cut-and-price for the capacitated vehicle routing problem},
  author={Fukasawa, Ricardo and Longo, Humberto and Lysgaard, Jens and Arag{\~a}o, Marcus Poggi de and Reis, Marcelo and Uchoa, Eduardo and Werneck, Renato F},
  journal={Mathematical programming},
  volume={106},
  pages={491--511},
  year={2006},
  publisher={Springer}
}

@article{gillett1974heuristic,
  title={A heuristic algorithm for the vehicle-dispatch problem},
  author={Gillett, Billy E and Miller, Leland R},
  journal={Operations Research},
  volume={22},
  number={2},
  pages={340--349},
  year={1974},
  publisher={INFORMS}
}

@article{golden1984fleet,
  title={The fleet size and mix vehicle routing problem},
  author={Golden, Bruce and Assad, Arjang and Levy, Larry and Gheysens, Filip},
  journal={Computers \& Operations Research},
  volume={11},
  number={1},
  pages={49--66},
  year={1984},
  publisher={Elsevier}
}

@article{homberger1999two,
  title={Two evolutionary metaheuristics for the vehicle routing problem with time windows},
  author={Homberger, J{\"o}rg and Gehring, Hermann},
  journal={INFOR: Information Systems and Operational Research},
  volume={37},
  number={3},
  pages={297--318},
  year={1999},
  publisher={Taylor \& Francis}
}

@article{kocc2016thirty,
  title={Thirty years of heterogeneous vehicle routing},
  author={Ko{\c{c}}, {\c{C}}a{\u{g}}r{\i} and Bekta{\c{s}}, Tolga and Jabali, Ola and Laporte, Gilbert},
  journal={European Journal of Operational Research},
  volume={249},
  number={1},
  pages={1--21},
  year={2016},
  publisher={Elsevier}
}

@article{kolen1987vehicle,
  title={Vehicle routing with time windows},
  author={Kolen, Antoon WJ and Rinnooy Kan, AHG and Trienekens, Harry WJM},
  journal={Operations Research},
  volume={35},
  number={2},
  pages={266--273},
  year={1987},
  publisher={INFORMS}
}

@article{lenstra1981complexity,
  title={Complexity of vehicle routing and scheduling problems},
  author={Lenstra, Jan Karel and Kan, AHG Rinnooy},
  journal={Networks},
  volume={11},
  number={2},
  pages={221--227},
  year={1981},
  publisher={Wiley Online Library}
}

@inproceedings{li2021learning,
title={Learning to delegate for large-scale vehicle routing},
author={Sirui Li and Zhongxia Yan and Cathy Wu},
booktitle={Advances in Neural Information Processing Systems},
editor={A. Beygelzimer and Y. Dauphin and P. Liang and J. Wortman Vaughan},
year={2021}
}

@article{lin2014survey,
  title={Survey of green vehicle routing problem: past and future trends},
  author={Lin, Canhong and Choy, King Lun and Ho, George TS and Chung, Sai Ho and Lam, HY},
  journal={Expert Systems with Applications},
  volume={41},
  number={4},
  pages={1118--1138},
  year={2014},
  publisher={Elsevier}
}

@article{montoya2015literature,
  title={A literature review on the vehicle routing problem with multiple depots},
  author={Montoya-Torres, Jairo R and Franco, Juli{\'a}n L{\'o}pez and Isaza, Santiago Nieto and Jim{\'e}nez, Heriberto Felizzola and Herazo-Padilla, Nilson},
  journal={Computers \& Industrial Engineering},
  volume={79},
  pages={115--129},
  year={2015},
  publisher={Elsevier}
}

@article{nazari2018reinforcement,
  title={Reinforcement learning for solving the vehicle routing problem},
  author={Nazari, Mohammadreza and Oroojlooy, Afshin and Snyder, Lawrence and Tak{\'a}c, Martin},
  journal={Advances in Neural Information Processing Systems},
  volume={31},
  year={2018}
}

@article{pisinger2007general,
  title={A general heuristic for vehicle routing problems},
  author={Pisinger, David and Ropke, Stefan},
  journal={Computers \& Operations Research},
  volume={34},
  number={8},
  pages={2403--2435},
  year={2007},
  publisher={Elsevier}
}

@article{renaud1996tabu,
  title={A tabu search heuristic for the multi-depot vehicle routing problem},
  author={Renaud, Jacques and Laporte, Gilbert and Boctor, Fayez F},
  journal={Computers \& Operations Research},
  volume={23},
  number={3},
  pages={229--235},
  year={1996},
  publisher={Elsevier}
}

@article{savelsbergh1995general,
  title={The general pickup and delivery problem},
  author={Savelsbergh, Martin WP and Sol, Marc},
  journal={Transportation Science},
  volume={29},
  number={1},
  pages={17--29},
  year={1995},
  publisher={INFORMS}
}

@article{schneider2014electric,
  title={The electric vehicle-routing problem with time windows and recharging stations},
  author={Schneider, Michael and Stenger, Andreas and Goeke, Dominik},
  journal={Transportation Science},
  volume={48},
  number={4},
  pages={500--520},
  year={2014},
  publisher={INFORMS}
}

@article{solomon1987algorithms,
  title={Algorithms for the vehicle routing and scheduling problems with time window constraints},
  author={Solomon, Marius M},
  journal={Operations Research},
  volume={35},
  number={2},
  pages={254--265},
  year={1987},
  publisher={Informs}
}

@book{toth2014vehicle,
  title={Vehicle routing: problems, methods, and applications},
  author={Toth, Paolo and Vigo, Daniele},
  year={2014},
  publisher={SIAM}
}

@article{uchoa2017new,
  title={New benchmark instances for the capacitated vehicle routing problem},
  author={Uchoa, Eduardo and Pecin, Diego and Pessoa, Artur and Poggi, Marcus and Vidal, Thibaut and Subramanian, Anand},
  journal={European Journal of Operational Research},
  volume={257},
  number={3},
  pages={845--858},
  year={2017},
  publisher={Elsevier}
}

