@article{VIDAL2022105643,
title = {Hybrid genetic search for the CVRP: Open-source implementation and SWAP* neighborhood},
journal = {Computers \& Operations Research},
volume = {140},
pages = {105643},
year = {2022},
issn = {0305-0548},
author = {Thibaut Vidal},
keywords = {Vehicle routing problem, Neighborhood search, Hybrid genetic search, Open source}
}

@techreport{etde_289002,
title = {Computational results with a branch and cut code for the capacitated vehicle routing problem},
author = {Augerat, P, Naddef, D, Belenguer, J M, Benavent, E, Corberan, A, and Rinaldi, G},
year = {1995},
month = {Sep}
}


@article{miller1960integer,
  title={Integer programming formulation of traveling salesman problems},
  author={Miller, Clair E and Tucker, Albert W and Zemlin, Richard A},
  journal={Journal of the ACM (JACM)},
  volume={7},
  number={4},
  pages={326--329},
  year={1960},
  publisher={ACM New York, NY, USA}
}

@article{RODRIGUEZPEREIRA2019615,
title = {The Steiner Traveling Salesman Problem and its extensions},
journal = {European Journal of Operational Research},
volume = {278},
number = {2},
pages = {615-628},
year = {2019},
author = {Jessica Rodríguez-Pereira and Elena Fernández and Gilbert Laporte and Enrique Benavent and Antonio Martínez-Sykora},
}

@article{LETCHFORD201383,
title = {Compact formulations of the Steiner Traveling Salesman Problem and related problems},
journal = {European Journal of Operational Research},
volume = {228},
number = {1},
pages = {83-92},
year = {2013},
author = {Adam N. Letchford and Saeideh D. Nasiri and Dirk Oliver Theis},
}

@article{MOLINA2020103745,
title = {The heterogeneous vehicle routing problem with time windows and a limited number of resources},
journal = {Engineering Applications of Artificial Intelligence},
volume = {94},
pages = {103745},
year = {2020},
author = {Jose C. Molina and Jose L. Salmeron and Ignacio Eguia and Jesus Racero},
}

@article{PRINS2009916,
title = {Two memetic algorithms for heterogeneous fleet vehicle routing problems},
journal = {Engineering Applications of Artificial Intelligence},
volume = {22},
number = {6},
pages = {916-928},
year = {2009},
note = {Artificial Intelligence Techniques for Supply Chain Management},
author = {Christian Prins},
}

@article{IMRAN2009509,
title = {A variable neighborhood-based heuristic for the heterogeneous fleet vehicle routing problem},
journal = {European Journal of Operational Research},
volume = {197},
number = {2},
pages = {509-518},
year = {2009},
author = {Arif Imran and Said Salhi and Niaz A. Wassan},
}

@article{LI20101111,
title = {An adaptive memory programming metaheuristic for the heterogeneous fixed fleet vehicle routing problem},
journal = {Transportation Research Part E: Logistics and Transportation Review},
volume = {46},
number = {6},
pages = {1111-1127},
year = {2010},
author = {Xiangyong Li and Peng Tian and Y.P. Aneja},
}

@article{baldacci2009unified,
  title={A unified exact method for solving different classes of vehicle routing problems},
  author={Baldacci, Roberto and Mingozzi, Aristide},
  journal={Mathematical Programming},
  volume={120},
  pages={347--380},
  year={2009},
  publisher={Springer}
}


@book{toth2014vehicle,
  title={Vehicle routing: problems, methods, and applications},
  author={Toth, Paolo and Vigo, Daniele},
  year={2014},
  publisher={SIAM}
}

@article{braekers2016vehicle,
  title={The vehicle routing problem: State of the art classification and review},
  author={Braekers, Kris and Ramaekers, Katrien and Van Nieuwenhuyse, Inneke},
  journal={Computers \& Industrial Engineering},
  volume={99},
  pages={300--313},
  year={2016},
  publisher={Elsevier}
}

@article{lin2014survey,
  title={Survey of green vehicle routing problem: past and future trends},
  author={Lin, Canhong and Choy, King Lun and Ho, George TS and Chung, Sai Ho and Lam, HY},
  journal={Expert Systems with Applications},
  volume={41},
  number={4},
  pages={1118--1138},
  year={2014},
  publisher={Elsevier}
}

@article{kocc2016thirty,
  title={Thirty years of heterogeneous vehicle routing},
  author={Ko{\c{c}}, {\c{C}}a{\u{g}}r{\i} and Bekta{\c{s}}, Tolga and Jabali, Ola and Laporte, Gilbert},
  journal={European Journal of Operational Research},
  volume={249},
  number={1},
  pages={1--21},
  year={2016},
  publisher={Elsevier}
}

@article{montoya2015literature,
  title={A literature review on the vehicle routing problem with multiple depots},
  author={Montoya-Torres, Jairo R and Franco, Juli{\'a}n L{\'o}pez and Isaza, Santiago Nieto and Jim{\'e}nez, Heriberto Felizzola and Herazo-Padilla, Nilson},
  journal={Computers \& Industrial Engineering},
  volume={79},
  pages={115--129},
  year={2015},
  publisher={Elsevier}
}

@article{braysy2005vehicle_2,
  title={Vehicle routing problem with time windows, Part II: Metaheuristics},
  author={Br{\"a}ysy, Olli and Gendreau, Michel},
  journal={Transportation Science},
  volume={39},
  number={1},
  pages={119--139},
  year={2005},
  publisher={INFORMS}
}

@article{braysy2005vehicle_1,
  title={Vehicle routing problem with time windows, Part I: Route construction and local search algorithms},
  author={Br{\"a}ysy, Olli and Gendreau, Michel},
  journal={Transportation science},
  volume={39},
  number={1},
  pages={104--118},
  year={2005},
  publisher={INFORMS}
}

@article{VIDAL2014658,
title = {A unified solution framework for multi-attribute vehicle routing problems},
journal = {European Journal of Operational Research},
volume = {234},
number = {3},
pages = {658-673},
year = {2014},
author = {Thibaut Vidal and Teodor Gabriel Crainic and Michel Gendreau and Christian Prins},
}

@article{uchoa2017new,
  title={New benchmark instances for the capacitated vehicle routing problem},
  author={Uchoa, Eduardo and Pecin, Diego and Pessoa, Artur and Poggi, Marcus and Vidal, Thibaut and Subramanian, Anand},
  journal={European Journal of Operational Research},
  volume={257},
  number={3},
  pages={845--858},
  year={2017},
  publisher={Elsevier}
}

@article{augerat1995computational,
  title={Computational results with a branch and cut code for the capacitated vehicle routing problem},
  author={Augerat, Philippe and Naddef, D and Belenguer, JM and Benavent, E and Corberan, A and Rinaldi, Giovanni},
  year={1995}
}

@article{solomon1987algorithms,
  title={Algorithms for the vehicle routing and scheduling problems with time window constraints},
  author={Solomon, Marius M},
  journal={Operations Research},
  volume={35},
  number={2},
  pages={254--265},
  year={1987},
  publisher={Informs}
}

@inproceedings{li2021learning,
title={Learning to delegate for large-scale vehicle routing},
author={Sirui Li and Zhongxia Yan and Cathy Wu},
booktitle={Advances in Neural Information Processing Systems},
editor={A. Beygelzimer and Y. Dauphin and P. Liang and J. Wortman Vaughan},
year={2021}
}

@article{nazari2018reinforcement,
  title={Reinforcement learning for solving the vehicle routing problem},
  author={Nazari, Mohammadreza and Oroojlooy, Afshin and Snyder, Lawrence and Tak{\'a}c, Martin},
  journal={Advances in Neural Information Processing Systems},
  volume={31},
  year={2018}
}

@inproceedings{
kool2018attention,
title={Attention, Learn to Solve Routing Problems!},
author={Wouter Kool and Herke van Hoof and Max Welling},
booktitle={International Conference on Learning Representations},
year={2019}
}

@article{fukasawa2006robust,
  title={Robust branch-and-cut-and-price for the capacitated vehicle routing problem},
  author={Fukasawa, Ricardo and Longo, Humberto and Lysgaard, Jens and Arag{\~a}o, Marcus Poggi de and Reis, Marcelo and Uchoa, Eduardo and Werneck, Renato F},
  journal={Mathematical programming},
  volume={106},
  pages={491--511},
  year={2006},
  publisher={Springer}
}

@article{fischetti1994branch,
  title={A branch-and-bound algorithm for the capacitated vehicle routing problem on directed graphs},
  author={Fischetti, Matteo and Toth, Paolo and Vigo, Daniele},
  journal={Operations Research},
  volume={42},
  number={5},
  pages={846--859},
  year={1994},
  publisher={INFORMS}
}

@article{desrochers1992new,
  title={A new optimization algorithm for the vehicle routing problem with time windows},
  author={Desrochers, Martin and Desrosiers, Jacques and Solomon, Marius},
  journal={Operations Research},
  volume={40},
  number={2},
  pages={342--354},
  year={1992},
  publisher={INFORMS}
}

@article{pisinger2007general,
  title={A general heuristic for vehicle routing problems},
  author={Pisinger, David and Ropke, Stefan},
  journal={Computers \& Operations Research},
  volume={34},
  number={8},
  pages={2403--2435},
  year={2007},
  publisher={Elsevier}
}

@article{bell2004ant,
  title={Ant colony optimization techniques for the vehicle routing problem},
  author={Bell, John E and McMullen, Patrick R},
  journal={Advanced Engineering Informatics},
  volume={18},
  number={1},
  pages={41--48},
  year={2004},
  publisher={Elsevier}
}

@article{homberger1999two,
  title={Two evolutionary metaheuristics for the vehicle routing problem with time windows},
  author={Homberger, J{\"o}rg and Gehring, Hermann},
  journal={INFOR: Information Systems and Operational Research},
  volume={37},
  number={3},
  pages={297--318},
  year={1999},
  publisher={Taylor \& Francis}
}


@article{bramel1995location,
  title={A location based heuristic for general routing problems},
  author={Bramel, Julien and Simchi-Levi, David},
  journal={Operations Research},
  volume={43},
  number={4},
  pages={649--660},
  year={1995},
  publisher={INFORMS}
}

@article{fisher1981generalized,
  title={A generalized assignment heuristic for vehicle routing},
  author={Fisher, Marshall L and Jaikumar, Ramchandran},
  journal={Networks},
  volume={11},
  number={2},
  pages={109--124},
  year={1981},
  publisher={Wiley Online Library}
}

@article{gillett1974heuristic,
  title={A heuristic algorithm for the vehicle-dispatch problem},
  author={Gillett, Billy E and Miller, Leland R},
  journal={Operations Research},
  volume={22},
  number={2},
  pages={340--349},
  year={1974},
  publisher={INFORMS}
}

@article{schneider2014electric,
  title={The electric vehicle-routing problem with time windows and recharging stations},
  author={Schneider, Michael and Stenger, Andreas and Goeke, Dominik},
  journal={Transportation Science},
  volume={48},
  number={4},
  pages={500--520},
  year={2014},
  publisher={INFORMS}
}

@article{erdougan2012green,
  title={A green vehicle routing problem},
  author={Erdo{\u{g}}an, Sevgi and Miller-Hooks, Elise},
  journal={Transportation Research Part E: Logistics and Transportation Review},
  volume={48},
  number={1},
  pages={100--114},
  year={2012},
  publisher={Elsevier}
}

@article{renaud1996tabu,
  title={A tabu search heuristic for the multi-depot vehicle routing problem},
  author={Renaud, Jacques and Laporte, Gilbert and Boctor, Fayez F},
  journal={Computers \& Operations Research},
  volume={23},
  number={3},
  pages={229--235},
  year={1996},
  publisher={Elsevier}
}

@article{toth1997exact,
  title={An exact algorithm for the vehicle routing problem with backhauls},
  author={Toth, Paolo and Vigo, Daniele},
  journal={Transportation Science},
  volume={31},
  number={4},
  pages={372--385},
  year={1997},
  publisher={INFORMS}
}

@article{golden1984fleet,
  title={The fleet size and mix vehicle routing problem},
  author={Golden, Bruce and Assad, Arjang and Levy, Larry and Gheysens, Filip},
  journal={Computers \& Operations Research},
  volume={11},
  number={1},
  pages={49--66},
  year={1984},
  publisher={Elsevier}
}

@article{savelsbergh1995general,
  title={The general pickup and delivery problem},
  author={Savelsbergh, Martin WP and Sol, Marc},
  journal={Transportation Science},
  volume={29},
  number={1},
  pages={17--29},
  year={1995},
  publisher={INFORMS}
}

@article{goetschalckx1989vehicle,
  title={The vehicle routing problem with backhauls},
  author={Goetschalckx, Marc and Jacobs-Blecha, Charlotte},
  journal={European Journal of Operational Research},
  volume={42},
  number={1},
  pages={39--51},
  year={1989},
  publisher={Elsevier}
}

@article{psaraftis1988dynamic,
  title={Dynamic vehicle routing problems},
  author={Psaraftis, Harilaos N},
  journal={Vehicle Routing: Methods and Studies},
  volume={16},
  pages={223--248},
  year={1988},
  publisher={North Holland, Amsterdam, The Netherlands}
}

@article{kolen1987vehicle,
  title={Vehicle routing with time windows},
  author={Kolen, Antoon WJ and Rinnooy Kan, AHG and Trienekens, Harry WJM},
  journal={Operations Research},
  volume={35},
  number={2},
  pages={266--273},
  year={1987},
  publisher={INFORMS}
}

@article{lenstra1981complexity,
  title={Complexity of vehicle routing and scheduling problems},
  author={Lenstra, Jan Karel and Kan, AHG Rinnooy},
  journal={Networks},
  volume={11},
  number={2},
  pages={221--227},
  year={1981},
  publisher={Wiley Online Library}
}

@article{clarke1964scheduling,
  title={Scheduling of vehicles from a central depot to a number of delivery points},
  author={Clarke, Geoff and Wright, John W},
  journal={Operations Research},
  volume={12},
  number={4},
  pages={568--581},
  year={1964},
  publisher={Informs}
}

@article{dantzig1959truck,
  title={The truck dispatching problem},
  author={Dantzig, George B and Ramser, John H},
  journal={Management Science},
  volume={6},
  number={1},
  pages={80--91},
  year={1959},
  publisher={Informs}
}


@Online{enride2022,
 author = {Ed Garsten},
 year = {2022},
 title = {Einride Gets Go-Ahead For Driverless Electric Trucks On Public Roads},
 journal = {Forbes},
 url = {https://www.forbes.com/sites/edgarsten/2022/06/23/einride-gets-go-ahead-for-driverless-trucks-on-public-roads/?sh=1b6be34ac0c7}
}




@Online{Waymophoenix,
 author = {ANDREW J. HAWKINS},
 year = {2022},
 title = {Waymo’s driverless vehicles are picking up passengers in downtown Phoenix},
 journal = {The Verge},
 url = {https://www.theverge.com/2022/8/29/23323593/waymo-driverless-vehicles-passengers-downtown-phoenix}
}



@Online{Waymo2023,
 author = {COLIN BERESFORD},
 year = {2023},
 title = {First Million Rider-Only Miles: How the Waymo Driver is Improving Road Safety},
 journal = {Waymo Blog},
 url = {https://blog.waymo.com/2023/02/first-million-rider-only-miles-how.html}
}

@article{HABOUCHA201737,
title = {User preferences regarding autonomous vehicles},
journal = {Transportation Research Part C: Emerging Technologies},
volume = {78},
pages = {37-49},
year = {2017},
issn = {0968-090X},
author = {Chana J. Haboucha and Robert Ishaq and Yoram Shiftan},
keywords = {Autonomous vehicles, Car sharing, Discrete choice, User preference, Latent variables},
}

@Online{Honda2021,
 author = {Colin Beresford},
 year = {2021},
 title = {Honda Legend Sedan with Level 3 Autonomy Available for Lease in Japan},
 journal = {Car and Drive},
 url = {https://www.caranddriver.com/news/a35729591/honda-legend-level-3-autonomy-leases-japan/}
}

@article{sae2018taxonomy,
  title={Taxonomy and definitions for terms related to driving automation systems for on-road motor vehicles},
  author={Sae International},
  journal={SAE international},
  volume={4970},
  number={724},
  pages={1--5},
  year={2018}
}


@techreport{leslie2022analysis,
author={Leslie, Alex and Murray, Dan},
title={An Analysis of the Operational Costs of Trucking},
institution = {American Transportation Research Institute},
year={2022}
}














@misc{manhattonnetwork,
    author = {OpenStreetMap},
    title = {{OpenStreetMap Manhatton Network}},
    howpublished = "\url{https://www.openstreetmap.org/relation/8398124}",
    note = {Accessed: 2021-12-10}
}
