@ARTICLE{10242155,
  author={Cao, Xinwei and Li, Shuai},
  journal={IEEE Transactions on Neural Networks and Learning Systems}, 
  title={Neural Networks for Portfolio Analysis With Cardinality Constraints}, 
  year={2024},
  volume={35},
  number={12},
  pages={17674-17687},
  keywords={Portfolios;Optimization;Costs;Investment;Machine learning;Neural networks;Mathematical models;Cardinality constraint;neural dynamics;neural networks;nonconvex optimization;portfolio analysis},
  doi={10.1109/TNNLS.2023.3307192}}

@inproceedings{baker2019learning,
  title={Learning warm-start points for AC optimal power flow},
  author={Baker, Kyri},
  booktitle={2019 IEEE 29th International Workshop on Machine Learning for Signal Processing (MLSP)},
  pages={1--6},
  year={2019},
  organization={IEEE}
}

@inproceedings{briden2025diffusion,
  title={Diffusion Policies for Generative Modeling of Spacecraft Trajectories},
  author={Briden, Julia and Johnson, Breanna J and Linares, Richard and Cauligi, Abhishek},
  booktitle={AIAA SCITECH 2025 Forum},
  pages={2775},
  year={2025}
}

@inproceedings{brukhim2018predict,
  title={Predict and constrain: Modeling cardinality in deep structured prediction},
  author={Brukhim, Nataly and Globerson, Amir},
  booktitle={International Conference on Machine Learning},
  pages={659--667},
  year={2018},
  organization={PMLR}
}

@article{chatzos2020high,
  title={High-fidelity machine learning approximations of large-scale optimal power flow},
  author={Chatzos, Minas and Fioretto, Ferdinando and Mak, Terrence WK and Van Hentenryck, Pascal},
  journal={arXiv preprint arXiv:2006.16356},
  year={2020}
}

@inproceedings{christopher2024constrained,
  title={Constrained synthesis with projected diffusion models},
  author={Christopher, Jacob K and Baek, Stephen and Fioretto, Ferdinando},
  booktitle={The Thirty-eighth Annual Conference on Neural Information Processing Systems},
  year={2024}
}

@inproceedings{dong2020smart,
  title={Smart-PGSim: Using neural network to accelerate AC-OPF power grid simulation},
  author={Dong, Wenqian and Xie, Zhen and Kestor, Gokcen and Li, Dong},
  booktitle={SC20: International Conference for High Performance Computing, Networking, Storage and Analysis},
  pages={1--15},
  year={2020},
  organization={IEEE}
}

@article{donti2021dc3,
  title={DC3: A learning method for optimization with hard constraints},
  author={Donti, Priya L and Rolnick, David and Kolter, J Zico},
  journal={arXiv preprint arXiv:2104.12225},
  year={2021}
}

@inproceedings{fioretto2020predicting,
  title={Predicting ac optimal power flows: Combining deep learning and lagrangian dual methods},
  author={Fioretto, Ferdinando and Mak, Terrence WK and Van Hentenryck, Pascal},
  booktitle={Proceedings of the AAAI conference on artificial intelligence},
  volume={34},
  number={01},
  pages={630--637},
  year={2020}
}

@article{kondo2024cgd,
  title={CGD: Constraint-Guided Diffusion Policies for UAV Trajectory Planning},
  author={Kondo, Kota and Tagliabue, Andrea and Cai, Xiaoyi and Tewari, Claudius and Garcia, Olivia and Espitia-Alvarez, Marcos and How, Jonathan P},
  journal={arXiv preprint arXiv:2405.01758},
  year={2024}
}

@article{kurtz2024equality,
  title={Equality Constrained Diffusion for Direct Trajectory Optimization},
  author={Kurtz, Vince and Burdick, Joel W},
  journal={arXiv preprint arXiv:2410.01939},
  year={2024}
}

@article{li2016learning,
  title={Learning to optimize},
  author={Li, Ke and Malik, Jitendra},
  journal={arXiv preprint arXiv:1606.01885},
  year={2016}
}

@article{li2023amortized,
  title={Amortized Global Search for Efficient Preliminary Trajectory Design with Deep Generative Models},
  author={Li, Anjian and Sinha, Amlan and Beeson, Ryne},
  journal={CoRR},
  year={2023}
}

@article{li2024diffusolve,
  title={Efficient and guaranteed-safe non-convex trajectory optimization with constrained diffusion model},
  author={Li, Anjian and Ding, Zihan and Bousso Dieng, Adji and Beeson, Ryne},
  journal={arXiv e-prints},
  pages={arXiv--2403},
  year={2024}
}

@article{li2024distribution,
  title={From distribution learning in training to gradient search in testing for combinatorial optimization},
  author={Li, Yang and Guo, Jinpei and Wang, Runzhong and Yan, Junchi},
  journal={Advances in Neural Information Processing Systems},
  volume={36},
  year={2024}
}

@inproceedings{li2024fast,
  title={Fast t2t: Optimization consistency speeds up diffusion-based training-to-testing solving for combinatorial optimization},
  author={Li, Yang and Guo, Jinpei and Wang, Runzhong and Zha, Hongyuan and Yan, Junchi},
  booktitle={The Thirty-eighth Annual Conference on Neural Information Processing Systems},
  year={2024}
}

@inproceedings{liang2024generative,
  title={Generative Learning for Solving Non-Convex Problem with Multi-Valued Input-Solution Mapping},
  author={Liang, Enming and Chen, Minghua},
  booktitle={The Twelfth International Conference on Learning Representations},
  year={2024}
}

@inproceedings{liu2022learning,
  title={Learning to search in local branching},
  author={Liu, Defeng and Fischetti, Matteo and Lodi, Andrea},
  booktitle={Proceedings of the aaai conference on artificial intelligence},
  volume={36},
  number={4},
  pages={3796--3803},
  year={2022}
}

@article{pan2024model,
  title={Model-based diffusion for trajectory optimization},
  author={Pan, Chaoyi and Yi, Zeji and Shi, Guanya and Qu, Guannan},
  journal={arXiv preprint arXiv:2407.01573},
  year={2024}
}

@inproceedings{park2023self,
  title={Self-supervised primal-dual learning for constrained optimization},
  author={Park, Seonho and Van Hentenryck, Pascal},
  booktitle={Proceedings of the AAAI Conference on Artificial Intelligence},
  volume={37},
  number={4},
  pages={4052--4060},
  year={2023}
}

@article{salmona2022can,
  title={Can push-forward generative models fit multimodal distributions?},
  author={Salmona, Antoine and De Bortoli, Valentin and Delon, Julie and Desolneux, Agnes},
  journal={Advances in Neural Information Processing Systems},
  volume={35},
  pages={10766--10779},
  year={2022}
}

@inproceedings{tang2020reinforcement,
  title={Reinforcement learning for integer programming: Learning to cut},
  author={Tang, Yunhao and Agrawal, Shipra and Faenza, Yuri},
  booktitle={International conference on machine learning},
  pages={9367--9376},
  year={2020},
  organization={PMLR}
}

@inproceedings{wang2019learning,
  title={Learning combinatorial embedding networks for deep graph matching},
  author={Wang, Runzhong and Yan, Junchi and Yang, Xiaokang},
  booktitle={Proceedings of the IEEE/CVF international conference on computer vision},
  pages={3056--3065},
  year={2019}
}

@inproceedings{wang2023cardinality,
    title={Towards One-shot Neural Combinatorial Solvers: Theoretical and Empirical Notes on the Cardinality-Constrained Case}, 
    author={Runzhong Wang and Li Shen and Yiting Chen and Xiaokang Yang and Junchi Yan},
    year={2023},
    booktitle={ICLR}
}

@article{zhang2024diffusion,
  title={Diffusion Models are Evolutionary Algorithms},
  author={Zhang, Yanbo and Hartl, Benedikt and Hazan, Hananel and Levin, Michael},
  journal={arXiv preprint arXiv:2410.02543},
  year={2024}
}

