%--------------------------constraint layer----------------------
@article{wang2020combinatorial,
  title={Combinatorial learning of robust deep graph matching: an embedding based approach},
  author={Wang, Runzhong and Yan, Junchi and Yang, Xiaokang},
  journal={IEEE Transactions on Pattern Analysis and Machine Intelligence},
  year={2023}, 
}
@article{Wang2023Deep,
title={Deep Learning of Partial Graph Matching via Differentiable Top-K},
author={Runzhong Wang and Ziao Guo and Shaofei Jiang and Xiaokang Yang and Junchi Yan},
journal={2023 IEEE/CVF Conference on Computer Vision and Pattern Recognition (CVPR)},
year={2023},
pages={6272-6281},
}

@article{shi2017global,
  title={Global optimization for optimal power flow over transmission networks},
  author={Shi, Ye and Tuan, Hoang Duong and Tuy, Hoang and Su, S},
  journal={Journal of Global Optimization},
  volume={69},
  pages={745--760},
  year={2017},
  publisher={Springer}
}

@article{shi2018global,
  title={Global optimal power flow over large-scale power transmission networks},
  author={Shi, Ye and Tuan, Hoang Duong and Apkarian, Pierre and Savkin, Andrey V},
  journal={Systems \& Control Letters},
  volume={118},
  pages={16--21},
  year={2018},
  publisher={Elsevier}
}

%--------------------------Diffusion-----------------------------
@article{ding2024diffusion,
  title={Diffusion-based Reinforcement Learning via Q-weighted Variational Policy Optimization},
  author={Ding, Shutong and Hu, Ke and Zhang, Zhenhao and Ren, Kan and Zhang, Weinan and Yu, Jingyi and Wang, Jingya and Shi, Ye},
  journal={arXiv preprint arXiv:2405.16173},
  year={2024}
}
@article{cuturi2013sinkhorn,
  title={Sinkhorn distances: Lightspeed computation of optimal transportation distances},
  author={Cuturi, Marco},
  journal={arXiv preprint arXiv:1306.0895},
  year={2013}
}

@article{ho2020denoising,
  title={Denoising diffusion probabilistic models},
  author={Ho, Jonathan and Jain, Ajay and Abbeel, Pieter},
  journal={Advances in neural information processing systems},
  volume={33},
  pages={6840--6851},
  year={2020}
}

@inproceedings{sohl2015deep,
  title={Deep unsupervised learning using nonequilibrium thermodynamics},
  author={Sohl-Dickstein, Jascha and Weiss, Eric and Maheswaranathan, Niru and Ganguli, Surya},
  booktitle={International conference on machine learning},
  pages={2256--2265},
  year={2015},
  organization={PMLR}
}
@article{hyvarinen2005estimation,
  title={Estimation of non-normalized statistical models by score matching.},
  author={Hyv{\"a}rinen, Aapo and Dayan, Peter},
  journal={Journal of Machine Learning Research},
  volume={6},
  number={4},
  year={2005}
}

@article{dhariwal2021diffusion,
  title={Diffusion models beat gans on image synthesis},
  author={Dhariwal, Prafulla and Nichol, Alexander},
  journal={Advances in neural information processing systems},
  volume={34},
  pages={8780--8794},
  year={2021}
}

@article{song2020score,
  title={Score-based generative modeling through stochastic differential equations},
  author={Song, Yang and Sohl-Dickstein, Jascha and Kingma, Diederik P and Kumar, Abhishek and Ermon, Stefano and Poole, Ben},
  journal={arXiv preprint arXiv:2011.13456},
  year={2020}
}

@inproceedings{guan20223d,
  title={3D Equivariant Diffusion for Target-Aware Molecule Generation and Affinity Prediction},
  author={Guan, Jiaqi and Qian, Wesley Wei and Peng, Xingang and Su, Yufeng and Peng, Jian and Ma, Jianzhu},
  booktitle={The Eleventh International Conference on Learning Representations},
  year={2022}
}
@article{schneuing2022structure,
  title={Structure-based drug design with equivariant diffusion models},
  author={Schneuing, Arne and Du, Yuanqi and Harris, Charles and Jamasb, Arian and Igashov, Ilia and Du, Weitao and Blundell, Tom and Li{\'o}, Pietro and Gomes, Carla and Welling, Max and others},
  journal={arXiv preprint arXiv:2210.13695},
  year={2022}
}

@misc{wu2024dexterous,
      title={Dexterous Functional Pre-Grasp Manipulation with Diffusion Policy}, 
      author={Tianhao Wu and Yunchong Gan and Mingdong Wu and Jingbo Cheng and Yaodong Yang and Yixin Zhu and Hao Dong},
      year={2024},
      eprint={2403.12421},
      archivePrefix={arXiv},
      primaryClass={cs.RO}
}

@misc{lin2024learning,
      title={Learning Visuotactile Skills with Two Multifingered Hands}, 
      author={Toru Lin and Yu Zhang and Qiyang Li and Haozhi Qi and Brent Yi and Sergey Levine and Jitendra Malik},
      year={2024},
      eprint={2404.16823},
      archivePrefix={arXiv},
      primaryClass={cs.RO}
}

@misc{zhang2024versatile,
      title={Versatile Navigation under Partial Observability via Value-guided Diffusion Policy}, 
      author={Gengyu Zhang and Hao Tang and Yan Yan},
      year={2024},
      eprint={2404.02176},
      archivePrefix={arXiv},
      primaryClass={cs.RO}
}

% ======================== diffusion for imitation learning ==========================%
@article{hussein2017imitation,
  title={Imitation learning: A survey of learning methods},
  author={Hussein, Ahmed and Gaber, Mohamed Medhat and Elyan, Eyad and Jayne, Chrisina},
  journal={ACM Computing Surveys (CSUR)},
  volume={50},
  number={2},
  pages={1--35},
  year={2017},
  publisher={ACM New York, NY, USA}
}

@article{he2024learning,
  title={Learning human-to-humanoid real-time whole-body teleoperation},
  author={He, Tairan and Luo, Zhengyi and Xiao, Wenli and Zhang, Chong and Kitani, Kris and Liu, Changliu and Shi, Guanya},
  journal={arXiv preprint arXiv:2403.04436},
  year={2024}
}
@article{10.1145/2816795.2818013,
author = {Loper, Matthew and Mahmood, Naureen and Romero, Javier and Pons-Moll, Gerard and Black, Michael J.},
title = {SMPL: a skinned multi-person linear model},
year = {2015},
issue_date = {November 2015},
publisher = {Association for Computing Machinery},
address = {New York, NY, USA},
volume = {34},
number = {6},
issn = {0730-0301},
url = {https://doi.org/10.1145/2816795.2818013},
doi = {10.1145/2816795.2818013},
abstract = {We present a learned model of human body shape and pose-dependent shape variation that is more accurate than previous models and is compatible with existing graphics pipelines. Our Skinned Multi-Person Linear model (SMPL) is a skinned vertex-based model that accurately represents a wide variety of body shapes in natural human poses. The parameters of the model are learned from data including the rest pose template, blend weights, pose-dependent blend shapes, identity-dependent blend shapes, and a regressor from vertices to joint locations. Unlike previous models, the pose-dependent blend shapes are a linear function of the elements of the pose rotation matrices. This simple formulation enables training the entire model from a relatively large number of aligned 3D meshes of different people in different poses. We quantitatively evaluate variants of SMPL using linear or dual-quaternion blend skinning and show that both are more accurate than a Blend-SCAPE model trained on the same data. We also extend SMPL to realistically model dynamic soft-tissue deformations. Because it is based on blend skinning, SMPL is compatible with existing rendering engines and we make it available for research purposes.},
journal = {ACM Trans. Graph.},
month = oct,
articleno = {248},
numpages = {16},
keywords = {blendshapes, body shape, skinning, soft-tissue}
}

@inbook{smpl,
author = {Loper, Matthew and Mahmood, Naureen and Romero, Javier and Pons-Moll, Gerard and Black, Michael J.},
title = {SMPL: A Skinned Multi-Person Linear Model},
year = {2023},
isbn = {9798400708978},
publisher = {Association for Computing Machinery},
address = {New York, NY, USA},
edition = {1},
url = {https://doi.org/10.1145/3596711.3596800},
abstract = {We present a learned model of human body shape and posedependent shape variation that is more accurate than previous models and is compatible with existing graphics pipelines. Our Skinned Multi-Person Linear model (SMPL) is a skinned vertexbased model that accurately represents a wide variety of body shapes in natural human poses. The parameters of the model are learned from data including the rest pose template, blend weights, pose-dependent blend shapes, identity-dependent blend shapes, and a regressor from vertices to joint locations. Unlike previous models, the pose-dependent blend shapes are a linear function of the elements of the pose rotation matrices. This simple formulation enables training the entire model from a relatively large number of aligned 3D meshes of different people in different poses. We quantitatively evaluate variants of SMPL using linear or dual-quaternion blend skinning and show that both are more accurate than a Blend- SCAPE model trained on the same data. We also extend SMPL to realistically model dynamic soft-tissue deformations. Because it is based on blend skinning, SMPL is compatible with existing rendering engines and we make it available for research purposes.},
booktitle = {Seminal Graphics Papers: Pushing the Boundaries, Volume 2},
articleno = {88},
numpages = {16}
}



@article{levine2020offline,
  title={Offline reinforcement learning: Tutorial, review, and perspectives on open problems},
  author={Levine, Sergey and Kumar, Aviral and Tucker, George and Fu, Justin},
  journal={arXiv preprint arXiv:2005.01643},
  year={2020}
}

@article{chi2023diffusion,
  title={Diffusion policy: Visuomotor policy learning via action diffusion},
  author={Chi, Cheng and Feng, Siyuan and Du, Yilun and Xu, Zhenjia and Cousineau, Eric and Burchfiel, Benjamin and Song, Shuran},
  journal={arXiv preprint arXiv:2303.04137},
  year={2023}
}

@article{li2023crossway,
  title={Crossway {D}iffusion: Improving diffusion-based visuomotor policy via self-supervised learning},
  author={Li, Xiang and Belagali, Varun and Shang, Jinghuan and Ryoo, Michael S},
  journal={arXiv preprint arXiv:2307.01849},
  year={2023}
}

@misc{pearce2023imitating,
      title={Imitating Human Behaviour with Diffusion Models}, 
      author={Tim Pearce and Tabish Rashid and Anssi Kanervisto and Dave Bignell and Mingfei Sun and Raluca Georgescu and Sergio Valcarcel Macua and Shan Zheng Tan and Ida Momennejad and Katja Hofmann and Sam Devlin},
      year={2023},
      eprint={2301.10677},
      archivePrefix={arXiv},
      primaryClass={cs.AI}
}

@article{reuss2023goal,
  title={Goal-conditioned imitation learning using score-based diffusion policies},
  author={Reuss, Moritz and Li, Maximilian and Jia, Xiaogang and Lioutikov, Rudolf},
  journal={arXiv preprint arXiv:2304.02532},
  year={2023}
}

@article{
rigter2024world,
title={World Models via Policy-Guided Trajectory Diffusion},
author={Marc Rigter and Jun Yamada and Ingmar Posner},
journal={Transactions on Machine Learning Research},
issn={2835-8856},
year={2024},
url={https://openreview.net/forum?id=9CcgO0LhKG},
note={}
}

@misc{ko2023learning,
      title={Learning to Act from Actionless Videos through Dense Correspondences}, 
      author={Po-Chen Ko and Jiayuan Mao and Yilun Du and Shao-Hua Sun and Joshua B. Tenenbaum},
      year={2023},
      eprint={2310.08576},
      archivePrefix={arXiv},
      primaryClass={cs.RO}
}


% ========================diffusion policies====================== %
@inproceedings{wang2022diffusion,
  title={Diffusion Policies as an Expressive Policy Class for Offline Reinforcement Learning},
  author={Wang, Zhendong and Hunt, Jonathan J and Zhou, Mingyuan},
  booktitle={The Eleventh International Conference on Learning Representations},
  year={2022}
}

@article{yang2023policy,
  title={Policy representation via diffusion probability model for reinforcement learning},
  author={Yang, Long and Huang, Zhixiong and Lei, Fenghao and Zhong, Yucun and Yang, Yiming and Fang, Cong and Wen, Shiting and Zhou, Binbin and Lin, Zhouchen},
  journal={arXiv preprint arXiv:2305.13122},
  year={2023}
}

@article{chen2022offline,
  title={Offline reinforcement learning via high-fidelity generative behavior modeling},
  author={Chen, Huayu and Lu, Cheng and Ying, Chengyang and Su, Hang and Zhu, Jun},
  journal={arXiv preprint arXiv:2209.14548},
  year={2022}
}

@inproceedings{lu2023contrastive,
  title={Contrastive energy prediction for exact energy-guided diffusion sampling in offline reinforcement learning},
  author={Lu, Cheng and Chen, Huayu and Chen, Jianfei and Su, Hang and Li, Chongxuan and Zhu, Jun},
  booktitle={International Conference on Machine Learning},
  pages={22825--22855},
  year={2023},
  organization={PMLR}
}

@article{hansen2023idql,
  title={Idql: Implicit q-learning as an actor-critic method with diffusion policies},
  author={Hansen-Estruch, Philippe and Kostrikov, Ilya and Janner, Michael and Kuba, Jakub Grudzien and Levine, Sergey},
  journal={arXiv preprint arXiv:2304.10573},
  year={2023}
}

@article{kang2024efficient,
  title={Efficient diffusion policies for offline reinforcement learning},
  author={Kang, Bingyi and Ma, Xiao and Du, Chao and Pang, Tianyu and Yan, Shuicheng},
  journal={Advances in Neural Information Processing Systems},
  volume={36},
  year={2024}
}

@article{psenka2023learning,
  title={Learning a Diffusion Model Policy from Rewards via Q-Score Matching},
  author={Psenka, Michael and Escontrela, Alejandro and Abbeel, Pieter and Ma, Yi},
  journal={arXiv preprint arXiv:2312.11752},
  year={2023}
}
@article{zhang2024entropy,
  title={Entropy-regularized Diffusion Policy with Q-Ensembles for Offline Reinforcement Learning},
  author={Zhang, Ruoqi and Luo, Ziwei and Sj{\"o}lund, Jens and Sch{\"o}n, Thomas B and Mattsson, Per},
  journal={arXiv preprint arXiv:2402.04080},
  year={2024}
}

@article{he2023diffcps,
  title={Diffcps: Diffusion model based constrained policy search for offline reinforcement learning},
  author={He, Longxiang and Zhang, Linrui and Tan, Junbo and Wang, Xueqian},
  journal={arXiv preprint arXiv:2310.05333},
  year={2023}
}

@misc{ke20243d,
      title={3D Diffuser Actor: Policy Diffusion with 3D Scene Representations}, 
      author={Tsung-Wei Ke and Nikolaos Gkanatsios and Katerina Fragkiadaki},
      year={2024},
      eprint={2402.10885},
      archivePrefix={arXiv},
      primaryClass={cs.RO}
}

@misc{ze20243d,
      title={3D Diffusion Policy: Generalizable Visuomotor Policy Learning via Simple 3D Representations}, 
      author={Yanjie Ze and Gu Zhang and Kangning Zhang and Chenyuan Hu and Muhan Wang and Huazhe Xu},
      year={2024},
      eprint={2403.03954},
      archivePrefix={arXiv},
      primaryClass={cs.RO}
}

@misc{liang2024dtg,
      title={DTG : Diffusion-based Trajectory Generation for Mapless Global Navigation}, 
      author={Jing Liang and Amirreza Payandeh and Daeun Song and Xuesu Xiao and Dinesh Manocha},
      year={2024},
      eprint={2403.09900},
      archivePrefix={arXiv},
      primaryClass={cs.RO}
}

@misc{sridhar2023nomad,
      title={NoMaD: Goal Masked Diffusion Policies for Navigation and Exploration}, 
      author={Ajay Sridhar and Dhruv Shah and Catherine Glossop and Sergey Levine},
      year={2023},
      eprint={2310.07896},
      archivePrefix={arXiv},
      primaryClass={cs.RO}
}

@misc{scheikl2023movement,
      title={Movement Primitive Diffusion: Learning Gentle Robotic Manipulation of Deformable Objects}, 
      author={Paul Maria Scheikl and Nicolas Schreiber and Christoph Haas and Niklas Freymuth and Gerhard Neumann and Rudolf Lioutikov and Franziska Mathis-Ullrich},
      year={2023},
      eprint={2312.10008},
      archivePrefix={arXiv},
      primaryClass={cs.RO}
}

@misc{huang2024diffuseloco,
      title={DiffuseLoco: Real-Time Legged Locomotion Control with Diffusion from Offline Datasets}, 
      author={Xiaoyu Huang and Yufeng Chi and Ruofeng Wang and Zhongyu Li and Xue Bin Peng and Sophia Shao and Borivoje Nikolic and Koushil Sreenath},
      year={2024},
      eprint={2404.19264},
      archivePrefix={arXiv},
      primaryClass={cs.RO}
}



% ========================diffusion planner====================== %

@article{janner2022planning,
  title={Planning with diffusion for flexible behavior synthesis},
  author={Janner, Michael and Du, Yilun and Tenenbaum, Joshua B and Levine, Sergey},
  journal={arXiv preprint arXiv:2205.09991},
  year={2022}
}

@article{ajay2022conditional,
  title={Is conditional generative modeling all you need for decision-making?},
  author={Ajay, Anurag and Du, Yilun and Gupta, Abhi and Tenenbaum, Joshua and Jaakkola, Tommi and Agrawal, Pulkit},
  journal={arXiv preprint arXiv:2211.15657},
  year={2022}
}

@article{chen2024simple,
  title={Simple hierarchical planning with diffusion},
  author={Chen, Chang and Deng, Fei and Kawaguchi, Kenji and Gulcehre, Caglar and Ahn, Sungjin},
  journal={arXiv preprint arXiv:2401.02644},
  year={2024}
}

@article{he2024diffusion,
  title={Diffusion model is an effective planner and data synthesizer for multi-task reinforcement learning},
  author={He, Haoran and Bai, Chenjia and Xu, Kang and Yang, Zhuoran and Zhang, Weinan and Wang, Dong and Zhao, Bin and Li, Xuelong},
  journal={Advances in neural information processing systems},
  volume={36},
  year={2024}
}
@article{dong2024diffuserlite,
  title={Diffuser{L}ite: Towards Real-time Diffusion Planning},
  author={Dong, Zibin and Hao, Jianye and Yuan, Yifu and Ni, Fei and Wang, Yitian and Li, Pengyi and Zheng, Yan},
  journal={arXiv preprint arXiv:2401.15443},
  year={2024}
}
@article{brehmer2024edgi,
  title={EDGI: Equivariant diffusion for planning with embodied agents},
  author={Brehmer, Johann and Bose, Joey and De Haan, Pim and Cohen, Taco S},
  journal={Advances in Neural Information Processing Systems},
  volume={36},
  year={2024}
}

@article{liang2023skilldiffuser,
  title={Skilldiffuser: Interpretable hierarchical planning via skill abstractions in diffusion-based task execution},
  author={Liang, Zhixuan and Mu, Yao and Ma, Hengbo and Tomizuka, Masayoshi and Ding, Mingyu and Luo, Ping},
  journal={arXiv preprint arXiv:2312.11598},
  year={2023}
}

@inproceedings{ni2023metadiffuser,
  title={Metadiffuser: Diffusion model as conditional planner for offline meta-rl},
  author={Ni, Fei and Hao, Jianye and Mu, Yao and Yuan, Yifu and Zheng, Yan and Wang, Bin and Liang, Zhixuan},
  booktitle={International Conference on Machine Learning},
  pages={26087--26105},
  year={2023},
  organization={PMLR}
}

@inproceedings{li2023hierarchical,
  title={Hierarchical diffusion for offline decision making},
  author={Li, Wenhao and Wang, Xiangfeng and Jin, Bo and Zha, Hongyuan},
  booktitle={International Conference on Machine Learning},
  pages={20035--20064},
  year={2023},
  organization={PMLR}
}

@article{li2023efficient,
  title={Efficient Planning with Latent Diffusion},
  author={Li, Wenhao},
  journal={arXiv preprint arXiv:2310.00311},
  year={2023}
}

@article{Ada_2024,
   title={Diffusion Policies for Out-of-Distribution Generalization in Offline Reinforcement Learning},
   volume={9},
   ISSN={2377-3774},
   url={http://dx.doi.org/10.1109/LRA.2024.3363530},
   DOI={10.1109/lra.2024.3363530},
   number={4},
   journal={IEEE Robotics and Automation Letters},
   publisher={Institute of Electrical and Electronics Engineers (IEEE)},
   author={Ada, Suzan Ece and Oztop, Erhan and Ugur, Emre},
   year={2024},
   month=apr, pages={3116–3123} }

@misc{zhu2023madiff,
      title={MADiff: Offline Multi-agent Learning with Diffusion Models}, 
      author={Zhengbang Zhu and Minghuan Liu and Liyuan Mao and Bingyi Kang and Minkai Xu and Yong Yu and Stefano Ermon and Weinan Zhang},
      year={2023},
      eprint={2305.17330},
      archivePrefix={arXiv},
      primaryClass={cs.AI}
}

%--------------------------Learn to optimize---------------------
@article{donti2021dc3,
  title={DC3: A learning method for optimization with hard constraints},
  author={Donti, Priya L and Rolnick, David and Kolter, J Zico},
  journal={arXiv preprint arXiv:2104.12225},
  year={2021}
}

@article{pan2024model,
  title={Model-based diffusion for trajectory optimization},
  author={Pan, Chaoyi and Yi, Zeji and Shi, Guanya and Qu, Guannan},
  journal={arXiv preprint arXiv:2407.01573},
  year={2024}
}

@inproceedings{park2023self,
  title={Self-supervised primal-dual learning for constrained optimization},
  author={Park, Seonho and Van Hentenryck, Pascal},
  booktitle={Proceedings of the AAAI Conference on Artificial Intelligence},
  volume={37},
  number={4},
  pages={4052--4060},
  year={2023}
}

@article{li2024diffusolve,
  title={Efficient and guaranteed-safe non-convex trajectory optimization with constrained diffusion model},
  author={Li, Anjian and Ding, Zihan and Bousso Dieng, Adji and Beeson, Ryne},
  journal={arXiv e-prints},
  pages={arXiv--2403},
  year={2024}
}

@article{briden2024compositional,
  title={Compositional Diffusion Models for Powered Descent Trajectory Generation with Flexible Constraints},
  author={Briden, Julia and Du, Yilun and Zucchelli, Enrico M and Linares, Richard},
  journal={arXiv preprint arXiv:2410.04261},
  year={2024}
}

@inproceedings{briden2025diffusion,
  title={Diffusion Policies for Generative Modeling of Spacecraft Trajectories},
  author={Briden, Julia and Johnson, Breanna J and Linares, Richard and Cauligi, Abhishek},
  booktitle={AIAA SCITECH 2025 Forum},
  pages={2775},
  year={2025}
}

@inproceedings{christopher2024constrained,
  title={Constrained synthesis with projected diffusion models},
  author={Christopher, Jacob K and Baek, Stephen and Fioretto, Ferdinando},
  booktitle={The Thirty-eighth Annual Conference on Neural Information Processing Systems},
  year={2024}
}

@article{graebner2024learning,
  title={Learning Optimal Control and Dynamical Structure of Global Trajectory Search Problems with Diffusion Models},
  author={Graebner, Jannik and Li, Anjian and Sinha, Amlan and Beeson, Ryne},
  journal={arXiv preprint arXiv:2410.02976},
  year={2024}
}

@article{huang2024toward,
  title={Toward Near-Globally Optimal Nonlinear Model Predictive Control via Diffusion Models},
  author={Huang, Tzu-Yuan and Lederer, Armin and Hoischen, Nicolas and Br{\"u}digam, Jan and Xiao, Xuehua and Sosnowski, Stefan and Hirche, Sandra},
  journal={arXiv preprint arXiv:2412.08278},
  year={2024}
}

@article{kondo2024cgd,
  title={CGD: Constraint-Guided Diffusion Policies for UAV Trajectory Planning},
  author={Kondo, Kota and Tagliabue, Andrea and Cai, Xiaoyi and Tewari, Claudius and Garcia, Olivia and Espitia-Alvarez, Marcos and How, Jonathan P},
  journal={arXiv preprint arXiv:2405.01758},
  year={2024}
}

@article{kong2024diffusion,
  title={Diffusion models as constrained samplers for optimization with unknown constraints},
  author={Kong, Lingkai and Du, Yuanqi and Mu, Wenhao and Neklyudov, Kirill and De Bortoli, Valentin and Wu, Dongxia and Wang, Haorui and Ferber, Aaron and Ma, Yi-An and Gomes, Carla P and others},
  journal={arXiv preprint arXiv:2402.18012},
  year={2024}
}

@inproceedings{krishnamoorthy2023diffusion,
  title={Diffusion models for black-box optimization},
  author={Krishnamoorthy, Siddarth and Mashkaria, Satvik Mehul and Grover, Aditya},
  booktitle={International Conference on Machine Learning},
  pages={17842--17857},
  year={2023},
  organization={PMLR}
}

@article{kurtz2024equality,
  title={Equality Constrained Diffusion for Direct Trajectory Optimization},
  author={Kurtz, Vince and Burdick, Joel W},
  journal={arXiv preprint arXiv:2410.01939},
  year={2024}
}

@article{li2024diffusion,
  title={Diffusion model for data-driven black-box optimization},
  author={Li, Zihao and Yuan, Hui and Huang, Kaixuan and Ni, Chengzhuo and Ye, Yinyu and Chen, Minshuo and Wang, Mengdi},
  journal={arXiv preprint arXiv:2403.13219},
  year={2024}
}

@inproceedings{liang2024generative,
  title={Generative Learning for Solving Non-Convex Problem with Multi-Valued Input-Solution Mapping},
  author={Liang, Enming and Chen, Minghua},
  booktitle={The Twelfth International Conference on Learning Representations},
  year={2024}
}

@article{sun2023difusco,
  title={Difusco: Graph-based diffusion solvers for combinatorial optimization},
  author={Sun, Zhiqing and Yang, Yiming},
  journal={Advances in Neural Information Processing Systems},
  volume={36},
  pages={3706--3731},
  year={2023}
}

@article{zhang2024diffusion,
  title={Diffusion Models are Evolutionary Algorithms},
  author={Zhang, Yanbo and Hartl, Benedikt and Hazan, Hananel and Levin, Michael},
  journal={arXiv preprint arXiv:2410.02543},
  year={2024}
}
%---------------------------------app-------------------------

@article{schneuing2024structure,
  title={Structure-based drug design with equivariant diffusion models},
  author={Schneuing, Arne and Harris, Charles and Du, Yuanqi and Didi, Kieran and Jamasb, Arian and Igashov, Ilia and Du, Weitao and Gomes, Carla and Blundell, Tom L and Lio, Pietro and others},
  journal={Nature Computational Science},
  volume={4},
  number={12},
  pages={899--909},
  year={2024},
  publisher={Nature Publishing Group}
}

@inproceedings{yangguidance,
  title={Guidance with Spherical Gaussian Constraint for Conditional Diffusion},
  author={Yang, Lingxiao and Ding, Shutong and Cai, Yifan and Yu, Jingyi and Wang, Jingya and Shi, Ye},
  booktitle={Forty-first International Conference on Machine Learning}
}

@article{pan2020deepopf,
  title={Deepopf: A deep neural network approach for security-constrained dc optimal power flow},
  author={Pan, Xiang and Zhao, Tianyu and Chen, Minghua and Zhang, Shengyu},
  journal={IEEE Transactions on Power Systems},
  volume={36},
  number={3},
  pages={1725--1735},
  year={2020},
  publisher={IEEE}
}

@article{du2024enhancing,
  title={Enhancing Deep Reinforcement Learning: A Tutorial on Generative Diffusion Models in Network Optimization},
  author={Du, Hongyang and Zhang, Ruichen and Liu, Yinqiu and Wang, Jiacheng and Lin, Yijing and Li, Zonghang and Niyato, Dusit and Kang, Jiawen and Xiong, Zehui and Cui, Shuguang and others},
  journal={IEEE Communications Surveys \& Tutorials},
  year={2024},
  publisher={IEEE}
}

@article{ding2024reduced,
  title={Reduced policy optimization for continuous control with hard constraints},
  author={Ding, Shutong and Wang, Jingya and Du, Yali and Shi, Ye},
  journal={Advances in Neural Information Processing Systems},
  volume={36},
  year={2024}
}

@article{he2024omnih2o,
  title={OmniH2O: Universal and Dexterous Human-to-Humanoid Whole-Body Teleoperation and Learning},
  author={He, Tairan and Luo, Zhengyi and He, Xialin and Xiao, Wenli and Zhang, Chong and Zhang, Weinan and Kitani, Kris and Liu, Changliu and Shi, Guanya},
  journal={arXiv preprint arXiv:2406.08858},
  year={2024}
}

@book{nocedal1999numerical,
  title={Numerical optimization},
  author={Nocedal, Jorge and Wright, Stephen J},
  year={1999},
  publisher={Springer}
}

%---------------------------------diffusion for optimization------------------------


@article{DBLP:journals/corr/abs-2403-05571,
  publtype={informal},
  author={Anjian Li and Zihan Ding and Adji Bousso Dieng and Ryne Beeson},
  title={Efficient and Guaranteed-Safe Non-Convex Trajectory Optimization with Constrained Diffusion Model},
  year={2024},
  cdate={1704067200000},
  journal={CoRR},
  volume={abs/2403.05571},
  url={https://doi.org/10.48550/arXiv.2403.05571}
}


@article{li2023amortized,
  title={Amortized Global Search for Efficient Preliminary Trajectory Design with Deep Generative Models},
  author={Li, Anjian and Sinha, Amlan and Beeson, Ryne},
  journal={CoRR},
  year={2023}
}

@article{salmona2022can,
  title={Can push-forward generative models fit multimodal distributions?},
  author={Salmona, Antoine and De Bortoli, Valentin and Delon, Julie and Desolneux, Agnes},
  journal={Advances in Neural Information Processing Systems},
  volume={35},
  pages={10766--10779},
  year={2022}
}

@ARTICLE{10529221,
  author={Du, Hongyang and Zhang, Ruichen and Liu, Yinqiu and Wang, Jiacheng and Lin, Yijing and Li, Zonghang and Niyato, Dusit and Kang, Jiawen and Xiong, Zehui and Cui, Shuguang and Ai, Bo and Zhou, Haibo and Kim, Dong In},
  journal={IEEE Communications Surveys \& Tutorials}, 
  title={Enhancing Deep Reinforcement Learning: A Tutorial on Generative Diffusion Models in Network Optimization}, 
  year={2024},
  volume={26},
  number={4},
  pages={2611-2646},
  keywords={Optimization;Tutorials;Computational modeling;Electronic mail;Task analysis;Data models;Artificial intelligence;Diffusion model;deep reinforcement learning;generative AI;AI-generated content;network optimization},
  doi={10.1109/COMST.2024.3400011}}
%-----------------------------Solver-------------------------------------

@ARTICLE{5491276,
  author={Zimmerman, Ray Daniel and Murillo-Sánchez, Carlos Edmundo and Thomas, Robert John},
  journal={IEEE Transactions on Power Systems}, 
  title={MATPOWER: Steady-State Operations, Planning, and Analysis Tools for Power Systems Research and Education}, 
  year={2011},
  volume={26},
  number={1},
  pages={12-19},
  keywords={Power system planning;Steady-state;Power system analysis computing;Power system simulation;Load flow;Open source software;Computer languages;Packaging;Costs;Mathematical model;Load flow analysis;optimal power flow;optimization methods;power engineering;power engineering education;power system economics;power system simulation;power systems;simulation software;software tools},
  doi={10.1109/TPWRS.2010.2051168}}

@article{wachter2006implementation,
  title={On the implementation of an interior-point filter line-search algorithm for large-scale nonlinear programming},
  author={W{\"a}chter, Andreas and Biegler, Lorenz T},
  journal={Mathematical programming},
  volume={106},
  pages={25--57},
  year={2006},
  publisher={Springer}
}
%----------------------------literature for acopf solved by ML----------------------------
@INPROCEEDINGS{10012237,
  author={Zhang, Ling and Zhang, Baosen},
  booktitle={2022 North American Power Symposium (NAPS)}, 
  title={Learning to Solve the AC Optimal Power Flow via a Lagrangian Approach}, 
  year={2022},
  volume={},
  number={},
  pages={1-6},
  keywords={Deep learning;Neural networks;Training data;Prediction algorithms;North America;Standards;Load flow;AC optimal power flow;deep learning;Lagrangian-based approach},
  doi={10.1109/NAPS56150.2022.10012237}}

@INPROCEEDINGS{9303008,
  author={Zamzam, Ahmed S. and Baker, Kyri},
  booktitle={2020 IEEE International Conference on Communications, Control, and Computing Technologies for Smart Grids (SmartGridComm)}, 
  title={Learning Optimal Solutions for Extremely Fast AC Optimal Power Flow}, 
  year={2020},
  volume={},
  number={},
  pages={1-6},
  keywords={Neural networks;Generators;Mathematical model;Training;Smart grids;Renewable energy sources;Real-time systems},
  doi={10.1109/SmartGridComm47815.2020.9303008}}

@article{jiang2024advancements,
  title={Advancements and Future Directions in the Application of Machine Learning to AC Optimal Power Flow: A Critical Review},
  author={Jiang, Bozhen and Wang, Qin and Wu, Shengyu and Wang, Yidi and Lu, Gang},
  journal={Energies},
  volume={17},
  number={6},
  pages={1381},
  year={2024},
  publisher={MDPI}
}


@article{li2024distribution,
  title={From distribution learning in training to gradient search in testing for combinatorial optimization},
  author={Li, Yang and Guo, Jinpei and Wang, Runzhong and Yan, Junchi},
  journal={Advances in Neural Information Processing Systems},
  volume={36},
  year={2024}
}
@inproceedings{li2024fast,
  title={Fast t2t: Optimization consistency speeds up diffusion-based training-to-testing solving for combinatorial optimization},
  author={Li, Yang and Guo, Jinpei and Wang, Runzhong and Zha, Hongyuan and Yan, Junchi},
  booktitle={The Thirty-eighth Annual Conference on Neural Information Processing Systems},
  year={2024}
}

@article{li2016learning,
  title={Learning to optimize},
  author={Li, Ke and Malik, Jitendra},
  journal={arXiv preprint arXiv:1606.01885},
  year={2016}
}

@misc{zhao2024synergizingmachinelearningacopf,
      title={Synergizing Machine Learning with ACOPF: A Comprehensive Overview}, 
      author={Meng Zhao and Masoud Barati},
      year={2024},
      eprint={2406.10428},
      archivePrefix={arXiv},
      primaryClass={math.OC},
      url={https://arxiv.org/abs/2406.10428}, 
}

@ARTICLE{8392367,
  author={Bingane, Christian and Anjos, Miguel F. and Le Digabel, Sébastien},
  journal={IEEE Transactions on Power Systems}, 
  title={Tight-and-Cheap Conic Relaxation for the AC Optimal Power Flow Problem}, 
  year={2018},
  volume={33},
  number={6},
  pages={7181-7188},
  keywords={Optimization;Mathematical model;Load flow;Relaxation methods;Conic optimization;optimal power flow;power systems;semidefinite programming},
  doi={10.1109/TPWRS.2018.2848965}}

@article{cain2012history,
  title={History of optimal power flow and formulations},
  author={Cain, Mary B and O’neill, Richard P and Castillo, Anya and others},
  journal={Federal Energy Regulatory Commission},
  volume={1},
  pages={1--36},
  year={2012},
  publisher={Citeseer}
}

@inproceedings{khalil2016learning,
  title={Learning to branch in mixed integer programming},
  author={Khalil, Elias and Le Bodic, Pierre and Song, Le and Nemhauser, George and Dilkina, Bistra},
  booktitle={Proceedings of the AAAI conference on artificial intelligence},
  volume={30},
  number={1},
  year={2016}
}

@inproceedings{tang2020reinforcement,
  title={Reinforcement learning for integer programming: Learning to cut},
  author={Tang, Yunhao and Agrawal, Shipra and Faenza, Yuri},
  booktitle={International conference on machine learning},
  pages={9367--9376},
  year={2020},
  organization={PMLR}
}

@inproceedings{liu2022learning,
  title={Learning to search in local branching},
  author={Liu, Defeng and Fischetti, Matteo and Lodi, Andrea},
  booktitle={Proceedings of the aaai conference on artificial intelligence},
  volume={36},
  number={4},
  pages={3796--3803},
  year={2022}
}

@inproceedings{baker2019learning,
  title={Learning warm-start points for AC optimal power flow},
  author={Baker, Kyri},
  booktitle={2019 IEEE 29th International Workshop on Machine Learning for Signal Processing (MLSP)},
  pages={1--6},
  year={2019},
  organization={IEEE}
}

@inproceedings{dong2020smart,
  title={Smart-PGSim: Using neural network to accelerate AC-OPF power grid simulation},
  author={Dong, Wenqian and Xie, Zhen and Kestor, Gokcen and Li, Dong},
  booktitle={SC20: International Conference for High Performance Computing, Networking, Storage and Analysis},
  pages={1--15},
  year={2020},
  organization={IEEE}
}

@inproceedings{fioretto2020predicting,
  title={Predicting ac optimal power flows: Combining deep learning and lagrangian dual methods},
  author={Fioretto, Ferdinando and Mak, Terrence WK and Van Hentenryck, Pascal},
  booktitle={Proceedings of the AAAI conference on artificial intelligence},
  volume={34},
  number={01},
  pages={630--637},
  year={2020}
}

@article{chatzos2020high,
  title={High-fidelity machine learning approximations of large-scale optimal power flow},
  author={Chatzos, Minas and Fioretto, Ferdinando and Mak, Terrence WK and Van Hentenryck, Pascal},
  journal={arXiv preprint arXiv:2006.16356},
  year={2020}
}

@article{emami2018learning,
  title={Learning permutations with sinkhorn policy gradient},
  author={Emami, Patrick and Ranka, Sanjay},
  journal={arXiv preprint arXiv:1805.07010},
  year={2018}
}

@book{cover1999elements,
  title={Elements of information theory},
  author={Cover, Thomas M},
  year={1999},
  publisher={John Wiley \& Sons}
}

%-------------------------------------------Neural Solver with Hard Constraints---------------------------------------------------
@inproceedings{wang2019learning,
  title={Learning combinatorial embedding networks for deep graph matching},
  author={Wang, Runzhong and Yan, Junchi and Yang, Xiaokang},
  booktitle={Proceedings of the IEEE/CVF international conference on computer vision},
  pages={3056--3065},
  year={2019}
}

@inproceedings{
Fey2020Deep,
title={Deep Graph Matching Consensus},
author={Matthias Fey and Jan E. Lenssen and Christopher Morris and Jonathan Masci and Nils M. Kriege},
booktitle={International Conference on Learning Representations},
year={2020},
url={https://openreview.net/forum?id=HyeJf1HKvS}
}

@inproceedings{brukhim2018predict,
  title={Predict and constrain: Modeling cardinality in deep structured prediction},
  author={Brukhim, Nataly and Globerson, Amir},
  booktitle={International Conference on Machine Learning},
  pages={659--667},
  year={2018},
  organization={PMLR}
}

@inproceedings{wang2023cardinality,
    title={Towards One-shot Neural Combinatorial Solvers: Theoretical and Empirical Notes on the Cardinality-Constrained Case}, 
    author={Runzhong Wang and Li Shen and Yiting Chen and Xiaokang Yang and Junchi Yan},
    year={2023},
    booktitle={ICLR}
}

@ARTICLE{10242155,
  author={Cao, Xinwei and Li, Shuai},
  journal={IEEE Transactions on Neural Networks and Learning Systems}, 
  title={Neural Networks for Portfolio Analysis With Cardinality Constraints}, 
  year={2024},
  volume={35},
  number={12},
  pages={17674-17687},
  keywords={Portfolios;Optimization;Costs;Investment;Machine learning;Neural networks;Mathematical models;Cardinality constraint;neural dynamics;neural networks;nonconvex optimization;portfolio analysis},
  doi={10.1109/TNNLS.2023.3307192}}
