
@misc{Authors14,
 author = {Authors},
 title = {The frobnicatable foo filter},
 note = {Face and Gesture  submission ID 324. Supplied as additional material {\tt fg324.pdf}},
 year = 2014
}

@misc{Authors14b,
 author = {Authors},
 title = {Frobnication tutorial},
 note = {Supplied as additional material {\tt tr.pdf}},
 year = 2014
}

@article{Alpher02,
author = {A. Alpher},
title = {Frobnication},
journal = {Journal of Foo},
volume = 12, 
number = 1, 
pages = {234--778}, 
year = 2002
}

@article{Alpher03,
author = {A. Alpher and  J.~P.~N. Fotheringham-Smythe},
title = {Frobnication revisited},
journal = {Journal of Foo},
volume = 13, 
number = 1, 
pages = {234--778}, 
year = 2003
}

@article{Alpher04,
author = {A. Alpher and J.~P.~N. Fotheringham-Smythe and G. Gamow},
title = {Can a machine frobnicate?},
journal = {Journal of Foo},
volume = 14, 
number = 1, 
pages = {234--778}, 
year = 2004
}

@article{Baig2024BadODDBA,
  title={BadODD: Bangladeshi Autonomous Driving Object Detection Dataset},
  author={Mirza Nihal Baig and Rony Hajong and Mahdi Murshed Patwary and Mohammad Shahidur Rahman and Husne Ara Chowdhury},
  journal={ArXiv},
  year={2024},
  volume={abs/2401.10659},
  url={https://api.semanticscholar.org/CorpusID:267061163}
}

@inproceedings{redmon2016yolo,
  title={You Only Look Once: Unified, Real-Time Object Detection},
  author={Redmon, Joseph and Divvala, S. and Girshick, Ross},
  booktitle={Proceedings of the IEEE conference on computer vision and pattern recognition},
  pages={779--788},
  year={2016}
}

@article{histogram-equilization,
  title={Adaptive histogram equalization and its variations},
  author={Pizer, Stephen M and Amburn, E Philip and Austin, John D and Cromartie, Robert and Geselowitz, Ari and Greer, Trey and ter Haar Romeny, Bart and Zimmerman, John B and Zuiderveld, Karel},
  journal={Computer vision, graphics, and image processing},
  volume={39},
  number={3},
  pages={355--368},
  year={1987},
  publisher={Elsevier}
}
@misc{yolov5-format,
  key = {Click},
  year={2020},
  howpublished={\url{https://roboflow.com/formats/yolov5-pytorch-txt}}  
}

@article{Redmon2016YOLO,
  title={You Only Look Once: Unified, Real-Time Object Detection},
  author={Joseph Redmon and Santosh Divvala and Ross B. Girshick and Ali Farhadi},
  journal={Proceedings of the IEEE Conference on Computer Vision and Pattern Recognition (CVPR)},
  year={2016},
  pages={779-788}
}

@inproceedings{Carion2020DETR,
  title={End-to-End Object Detection with Transformers},
  author={Nicolas Carion and Francisco Massa and Gabriel Synnaeve and Nicolas Usunier and Alexander Kirillov and Sergey Zagoruyko},
  booktitle={European Conference on Computer Vision (ECCV)},
  year={2020}
}

@inproceedings{Dosovitskiy2020ViT,
  title={An Image is Worth 16x16 Words: Transformers for Image Recognition at Scale},
  author={Alexey Dosovitskiy and Lucas Beyer and Alexander Kolesnikov and Dirk Weissenborn and Xiaohua Zhai and Thomas Unterthiner and Mostafa Dehghani and Matthias Minderer and Georg Heigold and Sylvain Gelly and Jakob Uszkoreit and Neil Houlsby},
  booktitle={International Conference on Learning Representations (ICLR)},
  year={2021}
}

@inproceedings{Lin2020SwinTransformer,
  title={Swin Transformer: Hierarchical Vision Transformer using Shifted Windows},
  author={Ze Liu and Yutong Lin and Yue Cao and Han Hu and Yixuan Wei and Zheng Zhang and Stephen Lin and Baining Guo},
  booktitle={International Conference on Computer Vision (ICCV)},
  year={2021}
}

@article{Everingham2010PascalVOC,
  title={The Pascal Visual Object Classes (VOC) Challenge},
  author={Mark Everingham and Luc Van Gool and Chris K. I. Williams and John Winn and Andrew Zisserman},
  journal={International Journal of Computer Vision},
  year={2010},
  volume={88},
  pages={303-338}
}

@article{Pizer1987HE,
  title={Adaptive histogram equalization and its variations},
  author={Stephen M. Pizer and E. Philip Amburn and John D. Austin and Robert Cromartie and Ari Geselowitz and Trey Greer and Bartter T. Hennessy and John H. Muller and E. Alan Gladney and Bruce C. Hanover},
  journal={Computer Vision, Graphics, and Image Processing},
  year={1987},
  volume={39},
  pages={355-368}
}

@article{Zuiderveld1994CLAHE,
  title={Contrast Limited Adaptive Histogram Equalization},
  author={Karel Zuiderveld},
  journal={Graphics Gems IV},
  year={1994},
  volume={474},
  pages={474-485}
}

@inproceedings{Fung1999GammaCorrection,
  title={Image quality enhancement using adaptive gamma correction},
  author={Wai-keung Fung and Wei Yu},
  booktitle={Proceedings 1999 International Conference on Image Processing (Cat. 99CH36348)},
  year={1999},
  volume={3},
  pages={173-176}
}

@inproceedings{Collobert2008CNN,
  title={A Convolutional Neural Network for Modelling Sentences},
  author={Ronan Collobert and Jason Weston},
  booktitle={Proceedings of the 25th International Conference on Machine Learning},
  year={2008},
  pages={160-167}
}

@inproceedings{Jiang2023BadODD,
  title={BadODD: A Large-Scale Benchmark Dataset for Object Detection in the Dark},
  author={Mengchen Jiang and Jing Zhang and Lei Liu and Dacheng Tao},
  booktitle={Proceedings of the IEEE/CVF Conference on Computer Vision and Pattern Recognition (CVPR)},
  year={2023}
}

@article{Chen2023YoloV8,
  title={YOLOv8: Advances in Object Detection},
  author={Yunsheng Chen and Han Xiao and Guodong Guo},
  journal={ArXiv preprint arXiv:2301.01180},
  year={2023}
}

@inproceedings{Wang2021SwinTransformer,
  title={Swin Transformer: Hierarchical Vision Transformer using Shifted Windows},
  author={Ze Liu and Yutong Lin and Yue Cao and Han Hu and Yixuan Wei and Zheng Zhang and Stephen Lin and Baining Guo},
  booktitle={Proceedings of the IEEE/CVF International Conference on Computer Vision (ICCV)},
  year={2021},
  pages={10012-10022}
}

@inproceedings{Ren2015FasterRCNN,
  title={Faster R-CNN: Towards Real-Time Object Detection with Region Proposal Networks},
  author={Shaoqing Ren and Kaiming He and Ross B. Girshick and Jian Sun},
  booktitle={Advances in Neural Information Processing Systems (NIPS)},
  year={2015},
  pages={91-99}
}

@article{Dosovitskiy2020ImageIsWorth,
  title={An Image is Worth 16x16 Words: Transformers for Image Recognition at Scale},
  author={Alexey Dosovitskiy and Lucas Beyer and Alexander Kolesnikov and Dirk Weissenborn and Xiaohua Zhai and Thomas Unterthiner and Mostafa Dehghani and Matthias Minderer and Georg Heigold and Sylvain Gelly and Jakob Uszkoreit and Neil Houlsby},
  journal={ArXiv preprint arXiv:2010.11929},
  year={2020}
}

@article{He2015ResNet,
  title={Deep Residual Learning for Image Recognition},
  author={Kaiming He and Xiangyu Zhang and Shaoqing Ren and Jian Sun},
  journal={ArXiv preprint arXiv:1512.03385},
  year={2015}
}

@article{Zong2022DETRsWC,
  title={DETRs with Collaborative Hybrid Assignments Training},
  author={Zhuofan Zong and Guanglu Song and Yu Liu},
  journal={2023 IEEE/CVF International Conference on Computer Vision (ICCV)},
  year={2023},
  pages={6725-6735},
  url={https://api.semanticscholar.org/CorpusID:253802116}
}

@inproceedings{krizhevsky2012imagenet,
  title={ImageNet classification with deep convolutional neural networks},
  author={Krizhevsky, Alex and Sutskever, Ilya and Hinton, Geoffrey E},
  booktitle={Advances in neural information processing systems},
  year={2012}
}

@article{ren2015faster,
  title={Faster R-CNN: Towards real-time object detection with region proposal networks},
  author={Ren, Shaoqing and He, Kaiming and Girshick, Ross and Sun, Jian},
  journal={IEEE Transactions on Pattern Analysis and Machine Intelligence},
  year={2015}
}

@inproceedings{redmon2016you,
  title={You Only Look Once: Unified, real-time object detection},
  author={Redmon, Joseph and Divvala, Santosh and Girshick, Ross and Farhadi, Ali},
  booktitle={Proceedings of the IEEE Conference on Computer Vision and Pattern Recognition},
  year={2016}
}

@inproceedings{liu2016ssd,
  title={SSD: Single shot multibox detector},
  author={Liu, Wei and Anguelov, Dragomir and Erhan, Dumitru and Szegedy, Christian and Reed, Scott and Fu, Cheng-Yang and Berg, Alexander C},
  booktitle={European Conference on Computer Vision},
  year={2016}
}

@inproceedings{vaswani2017attention,
  title={Attention is all you need},
  author={Vaswani, Ashish and Shazeer, Noam and Parmar, Niki and Uszkoreit, Jakob and Jones, Llion and Gomez, Aidan N and Kaiser, Lukasz and Polosukhin, Illia},
  booktitle={Advances in neural information processing systems},
  year={2017}
}

@article{zhu2020deformable,
  title={Deformable DETR: Deformable transformers for end-to-end object detection},
  author={Zhu, Xizhou and Su, Weijia and Lu, Lewei and Li, Bin and Wang, Xiaogang and Dai, Jifeng},
  journal={arXiv preprint arXiv:2010.04159},
  year={2020}
}

@article{gao2021road,
  title={Road Scene Object Detection and Classification Based on DETR},
  author={Gao, Jun and Han, Song and Yang, Jian and Xue, Xiaoliang},
  journal={International Journal of Computational Intelligence Systems},
  year={2021}
}

@article{dosovitskiy2020image,
  title={An image is worth 16x16 words: Transformers for image recognition at scale},
  author={Dosovitskiy, Alexey and Beyer, Lucas and Kolesnikov, Alexander and Weissenborn, Dirk and Zhai, Xiaohua and Unterthiner, Thomas and Dehghani, Mostafa and Minderer, Matthias and Heigold, Georg and Gelly, Sylvain and others},
  journal={arXiv preprint arXiv:2010.11929},
  year={2020}
}

@inproceedings{li2021relation,
  title={Relation-aware visual object detection with graph neural networks},
  author={Li, Bo and Yan, Junjie and Wu, Wei and Zhu, Xiaolin},
  booktitle={Proceedings of the IEEE Conference on Computer Vision and Pattern Recognition},
  year={2021}
}

@INPROCEEDINGS{10099639,
  author={Solunke, Babruvan R. and Gengaje, Sachin R.},
  booktitle={2023 International Conference on Emerging Smart Computing and Informatics (ESCI)}, 
  title={A Review on Traditional and Deep Learning based Object Detection Methods}, 
  year={2023},
  volume={},
  number={},
  pages={1-7},
  keywords={Deep learning;Training;Technological innovation;Military computing;Object detection;Video surveillance;Security;Object detection;classification;Machine learning;Deep learning;CNN;Datasets;Training;Testing;Evaluation},
  doi={10.1109/ESCI56872.2023.10099639}}

@INPROCEEDINGS{8901325,
  author={Zou, Xinrui},
  booktitle={2019 International Conference on Smart Grid and Electrical Automation (ICSGEA)}, 
  title={A Review of Object Detection Techniques}, 
  year={2019},
  volume={},
  number={},
  pages={251-254},
  keywords={Machine Learning;Target Detection;Computer Vision},
  doi={10.1109/ICSGEA.2019.00065}}

@ARTICLE{5255236,
  author={Felzenszwalb, Pedro F. and Girshick, Ross B. and McAllester, David and Ramanan, Deva},
  journal={IEEE Transactions on Pattern Analysis and Machine Intelligence}, 
  title={Object Detection with Discriminatively Trained Part-Based Models}, 
  year={2010},
  volume={32},
  number={9},
  pages={1627-1645},
  keywords={Object detection;Deformable models;Support vector machines;Bicycles;Computer vision;Shape;Speech recognition;Computer Society;Iterative algorithms;Lighting;Object recognition;deformable models;pictorial structures;discriminative training;latent SVM.},
  doi={10.1109/TPAMI.2009.167}}

@inproceedings{wang2021end,
  title={End-to-end object detection with fully convolutional network},
  author={Wang, Jianfeng and Song, Lin and Li, Zeming and Sun, Hongbin and Sun, Jian and Zheng, Nanning},
  booktitle={Proceedings of the IEEE/CVF conference on computer vision and pattern recognition},
  pages={15849--15858},
  year={2021}
}

@article{shalev2017formal,
  author    = {Shalev-Shwartz, Shai and Shammah, Shaked and Shashua, Amnon},
  title     = {On a formal model of safe and scalable self-driving cars},
  journal   = {arXiv preprint arXiv:1708.06374},
  year      = {2017}
}

@article{grigorescu2020survey,
  author    = {Grigorescu, Sorin and Trasnea, Bogdan and Cocias, Tiberiu and Macesanu, Gigel},
  title     = {A survey of deep learning techniques for autonomous driving},
  journal   = {Journal of Field Robotics},
  year      = {2020}
}

@inproceedings{viola2001rapid,
  author    = {Viola, Paul and Jones, Michael},
  title     = {Rapid object detection using a boosted cascade of simple features},
  booktitle = {Proceedings of the IEEE Conference on Computer Vision and Pattern Recognition (CVPR)},
  year      = {2001}
}

@inproceedings{dalal2005hog,
  author    = {Dalal, Navneet and Triggs, Bill},
  title     = {Histograms of oriented gradients for human detection},
  booktitle = {Proceedings of the IEEE Conference on Computer Vision and Pattern Recognition (CVPR)},
  year      = {2005}
}

@article{felzenszwalb2010object,
  author    = {Felzenszwalb, Pedro F. and Girshick, Ross B. and McAllester, David and Ramanan, Deva},
  title     = {Object detection with discriminatively trained part-based models},
  journal   = {IEEE Transactions on Pattern Analysis and Machine Intelligence (PAMI)},
  volume    = {32},
  number    = {9},
  pages     = {1627--1645},
  year      = {2010}
}

@inproceedings{redmon2016yolo,
  author    = {Redmon, Joseph and Divvala, Santosh and Girshick, Ross and Farhadi, Ali},
  title     = {You only look once: Unified, real-time object detection},
  booktitle = {Proceedings of the IEEE Conference on Computer Vision and Pattern Recognition (CVPR)},
  year      = {2016}
}

@inproceedings{zhu2019visdrone,
  author    = {Zhu, Pengfei and Wen, Longyin and Du, Dawei and Bian, Xuesong and Fan, Haibin and Hu, Qinghua and Hu, Weiming},
  title     = {VisDrone-2019: The vision meets drone object detection in image challenge results},
  booktitle = {ICCV Workshops},
  year      = {2019}
}

@inproceedings{geiger2012kitti,
  author    = {Geiger, Andreas and Lenz, Philip and Urtasun, Raquel},
  title     = {Are we ready for autonomous driving? The KITTI vision benchmark suite},
  booktitle = {Proceedings of the IEEE Conference on Computer Vision and Pattern Recognition (CVPR)},
  year      = {2012}
}

@inproceedings{caesar2020nuscenes,
  author    = {Caesar, Holger and Bankiti, Varun and Lang, Anthony H. and Vora, Sourabh and Liong, V.E. and Xu, Qiang and Krishnan, Amlan and Pan, Yu and Baldan, Giancarlo and Beijbom, Oscar},
  title     = {nuScenes: A multimodal dataset for autonomous driving},
  booktitle = {Proceedings of the IEEE Conference on Computer Vision and Pattern Recognition (CVPR)},
  year      = {2020}
}

@inproceedings{zong2023detrs,
  author    = {Zong, Zhanwei and Song, Guangming and Liu, Yang},
  title     = {DETRs with collaborative hybrid assignments training},
  booktitle = {Proceedings of the IEEE/CVF International Conference on Computer Vision (ICCV)},
  year      = {2023}
}

@article{yu2020bdd100k,
  author    = {Yu, Fisher and Xian, Wenqi and Chen, Yingying and Liu, Fangchen and Madhavan, Vashisht and Darrell, Trevor},
  title     = {BDD100K: A diverse driving dataset for heterogeneous multitask learning},
  journal   = {arXiv preprint arXiv:1805.04687},
  year      = {2020}
}

@misc{jocher2020yolov5,
  author    = {Jocher, Glenn and others},
  title     = {YOLOv5: Implementation of YOLO object detection in PyTorch},
  year      = {2020},
  url       = {https://github.com/ultralytics/yolov5}
}