@inproceedings{Carion2020DETR,
  title={End-to-End Object Detection with Transformers},
  author={Nicolas Carion and Francisco Massa and Gabriel Synnaeve and Nicolas Usunier and Alexander Kirillov and Sergey Zagoruyko},
  booktitle={European Conference on Computer Vision (ECCV)},
  year={2020}
}

@article{gao2021road,
  title={Road Scene Object Detection and Classification Based on DETR},
  author={Gao, Jun and Han, Song and Yang, Jian and Xue, Xiaoliang},
  journal={International Journal of Computational Intelligence Systems},
  year={2021}
}

@inproceedings{krizhevsky2012imagenet,
  title={ImageNet classification with deep convolutional neural networks},
  author={Krizhevsky, Alex and Sutskever, Ilya and Hinton, Geoffrey E},
  booktitle={Advances in neural information processing systems},
  year={2012}
}

@inproceedings{liu2016ssd,
  title={SSD: Single shot multibox detector},
  author={Liu, Wei and Anguelov, Dragomir and Erhan, Dumitru and Szegedy, Christian and Reed, Scott and Fu, Cheng-Yang and Berg, Alexander C},
  booktitle={European Conference on Computer Vision},
  year={2016}
}

@inproceedings{redmon2016you,
  title={You Only Look Once: Unified, real-time object detection},
  author={Redmon, Joseph and Divvala, Santosh and Girshick, Ross and Farhadi, Ali},
  booktitle={Proceedings of the IEEE Conference on Computer Vision and Pattern Recognition},
  year={2016}
}

@article{ren2015faster,
  title={Faster R-CNN: Towards real-time object detection with region proposal networks},
  author={Ren, Shaoqing and He, Kaiming and Girshick, Ross and Sun, Jian},
  journal={IEEE Transactions on Pattern Analysis and Machine Intelligence},
  year={2015}
}

@inproceedings{vaswani2017attention,
  title={Attention is all you need},
  author={Vaswani, Ashish and Shazeer, Noam and Parmar, Niki and Uszkoreit, Jakob and Jones, Llion and Gomez, Aidan N and Kaiser, Lukasz and Polosukhin, Illia},
  booktitle={Advances in neural information processing systems},
  year={2017}
}

@article{zhu2020deformable,
  title={Deformable DETR: Deformable transformers for end-to-end object detection},
  author={Zhu, Xizhou and Su, Weijia and Lu, Lewei and Li, Bin and Wang, Xiaogang and Dai, Jifeng},
  journal={arXiv preprint arXiv:2010.04159},
  year={2020}
}

