@article{team2024gemma,
  title={Gemma 2: Improving open language models at a practical size},
  author={Team, Gemma and Riviere, Morgane and Pathak, Shreya and Sessa, Pier Giuseppe and Hardin, Cassidy and Bhupatiraju, Surya and Hussenot, L{\'e}onard and Mesnard, Thomas and Shahriari, Bobak and Ram{\'e}, Alexandre and others},
  journal={arXiv preprint arXiv:2408.00118},
  year={2024}
}

@article{ge2022correlations,
  title={Correlations of valency alternations and morphological types: A typological perspective},
  author={Ge, Pingping and Comrie, Bernard},
  journal={Lingua},
  volume={273},
  pages={103304},
  year={2022},
  publisher={Elsevier}
}

@article{team2025fanar,
  title={Fanar: An Arabic-Centric Multimodal Generative AI Platform},
  author={FanarTeam and Abbas, Ummar and Ahmad, Mohammad Shahmeer and Alam, Firoj and Altinisik, Enes and Asgari, Ehsannedin and Boshmaf, Yazan and Boughorbel, Sabri and Chawla, Sanjay and Chowdhury, Shammur and others},
  journal={arXiv preprint arXiv:2501.13944},
  year={2025}
}

@article{touvron2023llama,
  title={Llama: Open and efficient foundation language models},
  author={Touvron, Hugo and Lavril, Thibaut and Izacard, Gautier and Martinet, Xavier and Lachaux, Marie-Anne and Lacroix, Timoth{\'e}e and Rozi{\`e}re, Baptiste and Goyal, Naman and Hambro, Eric and Azhar, Faisal and others},
  journal={arXiv preprint arXiv:2302.13971},
  year={2023}
}

@inproceedings{al2019character,
  title={Character-level language modeling with deeper self-attention},
  author={Al-Rfou, Rami and Choe, Dokook and Constant, Noah and Guo, Mandy and Jones, Llion},
  booktitle={Proceedings of the AAAI conference on artificial intelligence},
  volume={33},
  pages={3159--3166},
  year={2019}
}

@article{jabbar2023morphpiece,
  title={MorphPiece: Moving away from Statistical Language Representation},
  author={Jabbar, Haris},
  journal={arXiv preprint arXiv:2307.07262},
  year={2023}
}

@article{bi2024deepseek,
  title={Deepseek llm: Scaling open-source language models with longtermism},
  author={Bi, Xiao and Chen, Deli and Chen, Guanting and Chen, Shanhuang and Dai, Damai and Deng, Chengqi and Ding, Honghui and Dong, Kai and Du, Qiushi and Fu, Zhe and others},
  journal={arXiv preprint arXiv:2401.02954},
  year={2024}
}

@article{shibata1999byte,
  title={Byte pair encoding: A text compression scheme that accelerates pattern matching},
  author={Shibata, Yusuxke and Kida, Takuya and Fukamachi, Shuichi and Takeda, Masayuki and Shinohara, Ayumi and Shinohara, Takeshi and Arikawa, Setsuo},
  year={1999},
  journal={Technical Report DOI-TR-161, Department of Informatics, Kyushu University}}

@article{asgari2019probabilistic,
  title={Probabilistic variable-length segmentation of protein sequences for discriminative motif discovery ({DiMotif}) and sequence embedding ({ProtVecX})},
  author={Asgari, Ehsaneddin and McHardy, Alice C and Mofrad, Mohammad RK},
  journal={Scientific reports},
  volume={9},
  number={1},
  pages={3577},
  year={2019},
  publisher={Nature Publishing Group UK London}}
@article{asgari2020subword,
  title={Subword sampling for low resource word alignment},
  author={Asgari, Ehsaneddin and Sabet, Masoud Jalili and Dufter, Philipp and Ringlstetter, Christopher and Sch{\"u}tze, Hinrich},
  journal={arXiv preprint arXiv:2012.11657},
  year={2020}}

@article{clark2022canine,
  title={Canine: Pre-training an efficient tokenization-free encoder for language representation},
  author={Clark, Jonathan H and Garrette, Dan and Turc, Iulia and Wieting, John},
  journal={Transactions of the Association for Computational Linguistics},
  volume={10},
  pages={73--91},
  year={2022},
  publisher={MIT Press One Rogers Street, Cambridge, MA 02142-1209, USA}}
@article{dagan2024getting,
  title={Getting the most out of your tokenizer for pre-training and domain adaptation},
  author={Dagan, Gautier and Synnaeve, Gabriele and Rozi{\`e}re, Baptiste},
  journal={arXiv preprint arXiv:2402.01035},
  year={2024}}
@article{10.20944/preprints202402.1702.v1,
      title={Inference Acceleration for Large Language Models on {CPU}s}, 
      author={Ditto PS and Jithin VG and Adarsh MS},
      year={2024},
      eprint={2406.07553},
      archivePrefix={arXiv},
      journal={arXiv preprint arXiv:2406.07553},
      primaryClass={cs.DC},
      url={https://arxiv.org/abs/2406.07553}, 
}
@inproceedings{10.18653/v1/2023.emnlp-main.534,
    title = "Disentangling Transformer Language Models as Superposed Topic Models",
    author = "Lim, Jia Peng  and
      Lauw, Hady",
    editor = "Bouamor, Houda  and
      Pino, Juan  and
      Bali, Kalika",
    booktitle = "Proceedings of the 2023 Conference on Empirical Methods in Natural Language Processing",
    month = dec,
    year = "2023",
    address = "Singapore",
    publisher = "Association for Computational Linguistics",
    url = "https://aclanthology.org/2023.emnlp-main.534",
    doi = "10.18653/v1/2023.emnlp-main.534",
    pages = "8646--8666",
}

@article{10.48550/arxiv.2203.15556,
  author = {Hoffmann, J. and Borgeaud, S. and Arthur, M. and Buchatskaya, E. and Cai, T. and Rutherford, E. and Casas, D. and Hendricks, L. and Welbl, J. and Clark, A. and Hennigan, T. and Noland, E. and Millican, K. and Driessche, G. and Damoc, B. and Guy, A. and Osindero, S. and Simonyan, K. and Elsen, E. and Rae, J. and Vinyals, O. and Sifre, L.},
  title = {training compute-optimal large language models},
  year = {2022},
 journal = {Arxiv},
  doi = {10.48550/arxiv.2203.15556}
}

@article{penedo2024fineweb-2,
  author = {Penedo, Guilherme and Kydlíček, Hynek and Sabolčec, Vinko and Messmer, Bettina and Foroutan, Negar and Jaggi, Martin and von Werra, Leandro and Wolf, Thomas},
  title = {FineWeb2: A sparkling update with 1000s of languages},
  month = dec,
  year = 2024,
  doi = { },
 journal = {HuggingFace},
  url = {https://huggingface.co/datasets/HuggingFaceFW/fineweb-2}
}

@article{mcomber1995morpheme,
  title={Morpheme edges and Arabic infixation},
  author={McOmber, Michael L},
  journal={AMSTERDAM STUDIES IN THE THEORY AND HISTORY OF LINGUISTIC SCIENCE SERIES 4},
  pages={173--173},
  year={1995},
  publisher={JOHN BENJAMINS BV}}

@inproceedings{wang2020neural,
  title={Neural machine translation with byte-level subwords},
  author={Wang, Changhan and Cho, Kyunghyun and Gu, Jiatao},
  booktitle={Proceedings of the AAAI conference on artificial intelligence},
  volume={34},
  pages={9154--9160},
  year={2020}}
@inproceedings{adel2018overview,
  title={Overview of Character-Based Models for Natural Language Processing},
  author={Adel, Heike and Asgari, Ehsaneddin and Sch{\"u}tze, Hinrich},
  editor="Gelbukh, Alexander",
  booktitle={Computational Linguistics and Intelligent Text Processing: 18th International Conference, CICLing 2017, Budapest, Hungary, April 17--23, 2017, Revised Selected Papers, Part I 18},
  pages={3--16},
  year={2018},
  publisher="Springer International Publishing",
  address="Cham",

}
@inproceedings{smit2014morfessor,
  title={Morfessor 2.0: Toolkit for statistical morphological segmentation},
  author={Smit, Peter and Virpioja, Sami and Gr{\"o}nroos, Stig-Arne and Kurimo, Mikko and others},
  editor = "Wintner, Shuly  and
      Tadi{\'c}, Marko  and
      Babych, Bogdan",
  booktitle={Proceedings of the Demonstrations at the 14th Conference of the European Chapter of the Association for Computational Linguistics (EACL)},
  year={2014},
  organization={Aalto University},
  pages = "21--24",
  address = "Gothenburg, Sweden",
  publisher = "Association for Computational Linguistics",
}
@article{sengupta2023jais,
      title={{Jais and Jais-chat}: Arabic-Centric Foundation and Instruction-Tuned Open Generative Large Language Models}, 
      author={Neha Sengupta and Sunil Kumar Sahu and Bokang Jia and Satheesh Katipomu and Haonan Li and Fajri Koto and Osama Mohammed Afzal and Samta Kamboj and Onkar Pandit and Rahul Pal and Lalit Pradhan and Zain Muhammad Mujahid and Massa Baali and Alham Fikri Aji and Zhengzhong Liu and Andy Hock and Andrew Feldman and Jonathan Lee and Andrew Jackson and Preslav Nakov and Timothy Baldwin and Eric Xing},
      year={2023},
      journal={arXiv preprint arXiv:2308.16149},
      eprint={2308.16149},
      archivePrefix={arXiv},
      primaryClass={cs.CL}}

@book{versteegh2014arabic,
  title={Arabic language},
  author={Versteegh, Kees},
  year={2014},
  publisher={Edinburgh University Press}}


% Use this file for citations not found in the ACL Anthology (contained in "anthology.bib").

@book{Aho:72,
    author  = {Alfred V. Aho and Jeffrey D. Ullman},
    title   = {The Theory of Parsing, Translation and Compiling},
    year    = "1972",
    volume  = "1",
    publisher = {Prentice-Hall},
    address = {Englewood Cliffs, NJ}
}

@book{APA:83,
    author  = {{American Psychological Association}},
    title   = {Publications Manual},
    year    = "1983",
    publisher = {American Psychological Association},
    address = {Washington, DC}
}

@article{Chandra:81,
	author = {Ashok K. Chandra and Dexter C. Kozen and Larry J. Stockmeyer},
	year = "1981",
	title = {Alternation},
	journal = {Journal of the Association for Computing Machinery},
	volume = "28",
	number = "1",
	pages = "114--133",
	doi = "10.1145/322234.322243",
}

@inproceedings{andrew2007scalable,
  title={Scalable training of {L1}-regularized log-linear models},
  author={Andrew, Galen and Gao, Jianfeng},
  booktitle={Proceedings of the 24th International Conference on Machine Learning},
  pages={33--40},
  year={2007},
}

@book{Gusfield:97,
    author  = {Dan Gusfield},
    title   = {Algorithms on Strings, Trees and Sequences},
    year    = "1997",
    publisher = {Cambridge University Press},
    address = {Cambridge, UK}
}

@article{rasooli-tetrault-2015,
    author    = {Mohammad Sadegh Rasooli and Joel R. Tetreault},
    title     = {Yara Parser: {A} Fast and Accurate Dependency Parser},
    journal   = {Computing Research Repository},
    volume    = {arXiv:1503.06733},
    year      = {2015},
    url       = {http://arxiv.org/abs/1503.06733},
    note    = {version 2}
}

@article{Ando2005,
	Acmid = {1194905},
	Author = {Ando, Rie Kubota and Zhang, Tong},
	Issn = {1532-4435},
	Issue_Date = {12/1/2005},
	Journal = {Journal of Machine Learning Research},
	Month = dec,
	Numpages = {37},
	Pages = {1817--1853},
	Publisher = {JMLR.org},
	Title = {A Framework for Learning Predictive Structures from Multiple Tasks and Unlabeled Data},
	Volume = {6},
	Year = {2005}
}
