@article{asgari2019probabilistic,
  title={Probabilistic variable-length segmentation of protein sequences for discriminative motif discovery ({DiMotif}) and sequence embedding ({ProtVecX})},
  author={Asgari, Ehsaneddin and McHardy, Alice C and Mofrad, Mohammad RK},
  journal={Scientific reports},
  volume={9},
  number={1},
  pages={3577},
  year={2019},
  publisher={Nature Publishing Group UK London}}

@article{asgari2020subword,
  title={Subword sampling for low resource word alignment},
  author={Asgari, Ehsaneddin and Sabet, Masoud Jalili and Dufter, Philipp and Ringlstetter, Christopher and Sch{\"u}tze, Hinrich},
  journal={arXiv preprint arXiv:2012.11657},
  year={2020}}

@article{jabbar2023morphpiece,
  title={MorphPiece: Moving away from Statistical Language Representation},
  author={Jabbar, Haris},
  journal={arXiv preprint arXiv:2307.07262},
  year={2023}
}

@article{shibata1999byte,
  title={Byte pair encoding: A text compression scheme that accelerates pattern matching},
  author={Shibata, Yusuxke and Kida, Takuya and Fukamachi, Shuichi and Takeda, Masayuki and Shinohara, Ayumi and Shinohara, Takeshi and Arikawa, Setsuo},
  year={1999},
  journal={Technical Report DOI-TR-161, Department of Informatics, Kyushu University}}

@inproceedings{wang2020neural,
  title={Neural machine translation with byte-level subwords},
  author={Wang, Changhan and Cho, Kyunghyun and Gu, Jiatao},
  booktitle={Proceedings of the AAAI conference on artificial intelligence},
  volume={34},
  pages={9154--9160},
  year={2020}}

