@article{Canny1986ACA,
  title={A Computational Approach to Edge Detection},
  author={John F. Canny},
  journal={IEEE Trans. Pattern Anal. Mach. Intell.},
  year={1986},
  volume={8},
  pages={679-698},
}

@inproceedings{Bertasius2014DeepEdgeAM,
  title={DeepEdge: A multi-scale bifurcated deep network for top-down contour detection},
  author={Gedas Bertasius and Jianbo Shi and Lorenzo Torresani},
  booktitle={Proc. IEEE Conf. Comput. Vis. Pattern Recognit. },
  year={2014},
  pages={4380-4389},
}
@article{SoriaPoma2021DenseEI,
  title={Dense Extreme Inception Network for Edge Detection},
  author={Xavier Soria Poma and Angel Domingo Sappa and Patricio Humanante and Arash Akbarinia},
  journal={Pattern Recognit.},
  year={2021},
  volume={139},
  pages={109461}
}
@inproceedings{Zhou2023TheTB,
  title={The Treasure Beneath Multiple Annotations: An Uncertainty-Aware Edge Detector},
  author={Caixia Zhou and Yaping Huang and Mengyang Pu and Qingji Guan and Li Huang and Haibin Ling},
  booktitle={Proc. IEEE Conf. Comput. Vis. Pattern Recognit.},
  year={2023},
  pages={15507-15517}
}
@article{tabatabai1984edge,
  title={Edge location to subpixel values in digital imagery},
  author={Tabatabai, Ali J and Mitchell, O Robert},
  journal={IEEE Trans. Pattern Anal. Mach. Intell.},
  number={2},
  pages={188-201},
  year={1984},
  publisher={IEEE}
}

@article{lyvers1989subpixel,
  title={Subpixel measurements using a moment-based edge operator},
  author={Lyvers, Edward P. and Mitchell, Owen Robert and Akey, Mark L. and Reeves, Anthony P.},
  journal={IEEE Trans. Pattern Anal. Mach. Intell.},
  volume={11},
  number={12},
  pages={1293-1309},
  year={1989},
  publisher={IEEE}
}
@article{Ghosal1993OrthogonalMO,
  title={Orthogonal moment operators for subpixel edge detection},
  author={Sugata Ghosal and Rajiv Mehrotra},
  journal={Pattern Recognit.},
  year={1993},
  volume={26},
  pages={295-306},
}
@article{Bin2008SubpixelEL,
  title={Subpixel edge location based on orthogonal Fourier-Mellin moments},
  author={T. J. Bin and Ao Lei and Jiwen Cui and Wenjing Kang and Dandan Liu},
  journal={Image Vis. Comput.},
  year={2008},
  volume={26},
  pages={563-569},
}
@article{Kaur2011,
    author = {Kaur, Amandeep and Singh, C.},
    year = {2011},
    pages = {107-118},
    title = {Sub-pixel edge detection using pseudo Zernike moment},
    volume = {4},
    journal = {Int. J. Signal Process., Image Process. Pattern Recognit.}
}

@article{Shan2000SubpixelLO,
  title={Sub-pixel location of edges with non-uniform blurring: a finite closed-form approach},
  author={Ying Shan and Goh Wooi Boon},
  journal={Image Vision Comput.},
  year={2000},
  volume={18},
  pages={1015-1023},
}

@article{Sun2014ARE,
  title={A robust edge detection method with sub-pixel accuracy},
  author={Qiucheng Sun and Yueqian Hou and Qingchang Tan and Chunjing Li and Ming Hui Liu},
  journal={Optik, Int. J. Light Electron Opt.},
  year={2014},
  volume={125},
  pages={3449-3453},
}

@ARTICLE{Jensen,
  author={Jensen, K. and Anastassiou, D.},
  journal={IEEE Trans. Image Process.}, 
  title={Subpixel edge localization and the interpolation of still images}, 
  year={1995},
  volume={4},
  number={3},
  pages={285-295},
}

@article{Jing2022RecentAO,
  title={Recent advances on image edge detection: A comprehensive review},
  author={Junfeng Jing and Shenjuan Liu and G. Wang and Weichuan Zhang and Changming Sun},
  journal={Neurocomputing},
  year={2022},
  volume={503},
  pages={259-271}
}

@article{Liu2023ANS,
  title={A Novel Subpixel Industrial Chip Detection Method Based on the Dual-Edge Model for Surface Mount Equipment},
  author={Weihua Liu and Yuanming Zhang and Xinghu Yu},
  journal={IEEE Trans. Industr. Inform.},
  year={2023},
  volume={19},
  pages={232-242},
  }
@article{Lu2021AutomaticWM,
  title={Automatic Wear Measurement of Pantograph Slider Based on Multiview Analysis},
  author={Shengfang Lu and Zhen Liu and Dong Li and Yuan Shen},
  journal={IEEE Trans. Industr. Inform.},
  year={2021},
  volume={17},
  pages={3111-3121},
  }

@article{Lu2022ANS,
  title={A Novel Subpixel Edge Detection Method of Pantograph Slide in Complicated Surroundings},
  author={Shengfang Lu and Zhen Liu and Ye Chen and Yang Gao},
  journal={IEEE Trans. Ind. Electron.},
  year={2022},
  volume={69},
  pages={3172-3182},}

@article{LI2022Visual,
title = {Visual measurement of valve opening area with improved subpixel edge location},
journal = {Measurement},
volume = {198},
pages = {111410},
year = {2022},
author = {Dingyu Li and Zijian Ye and Jixiang Tang and Xuanyin Wang},
}

@article{poyraz2024sub,
  title={Sub-Pixel counting based diameter measurement algorithm for industrial Machine vision},
  author={Poyraz, Ahmet G{\"o}khan and Ka{\c{c}}maz, Mehmet and G{\"u}rkan, Hakan and Dirik, Ahmet Emir},
  journal={Measurement},
  volume={225},
  pages={114063},
  year={2024},
}

@article{Hu2022CannySE,
  title={Canny Sub-pixel Edge Detection Method Based on Threshold Segmentation and Markov Field Correction},
  author={Chenxi Hu and Kun Ding and Da Li and Xuan Wang and Jiangtao Ge},
  journal={Lect. Notes Comput. Sci.},
  year={2022},
  pages={1091-1096}
}
@article{Zhang2019RockringDA,
  title={Rock-ring detection accuracy improvement in infrared satellite image with sub-pixel edge detection},
  author={Huan Zhang and Cai Meng and Xiangzhi Bai and Zhaoxi Li},
  journal={IET Image Process.},
  year={2019},
  volume={13},
  pages={729-735}
}
@article{HERMOSILLA20081240,
title = {Non-linear fourth-order image interpolation for subpixel edge detection and localization},
journal = {Image Vision Comput.},
volume = {26},
number = {9},
pages = {1240-1248},
year = {2008},
author = {T. Hermosilla and E. Bermejo and A. Balaguer and L.A. Ruiz},
}
@article{Shi2010ANM,
  title={A Novel Method of Sub-Pixel Linear Edge Detection Based on First Derivative Approach},
  author={Xue-chao Shi and Zhen-zhong Sun and Shengtao Lu},
  journal={Adv. Mater. Res.},
  year={2010},
  volume={139-141},
  pages={2107-2111},
}
@article{Chen201611,
title = {Sub-pixel detection algorithm based on cubic B-spline curve and multi-scale adaptive wavelet transform},
journal = {Optik},
volume = {127},
number = {1},
pages = {11-14},
year = {2016},
author = {Yuming Chen and Yongzhi Li and Yingkai Zhao},
}

@article{Single-Pixel-Multi-Point,
  title={Enhancement of Contour Smoothness by Substitution of Interpolated Sub-Pixel Points for Edge Pixels},
  author={Tianhu Liu and Guiqi Li and Xiangning Nie and Hongjun Wang and Di Zhang and Jinmeng Wu and Wei Liu},
  journal={IEEE Access},
  year={2021},
  volume={9},
  pages={44236-44246},
}



@ARTICLE{Nalwa1986699,
author = {Nalwa, Vishvjit S. and Binford, Thomas O.},
title = {On Detecting Edges},
year = {1986},
journal = {IEEE Trans. Pattern Anal. Mach. Intell.},
volume = {8},
number = {6},
pages = {699–714},
}

@article{YE2005453,
title = {High-accuracy edge detection with Blurred Edge Model},
journal = {Image Vision Comput.},
volume = {23},
number = {5},
pages = {453-467},
year = {2005},
issn = {0262-8856},
author = {Jian Ye and Gongkang Fu and Upendra P. Poudel},
}
@article{2011Edge,
  title={Edge Detection with Sub-pixel Accuracy Based on Approximation of Edge with Erf Function},
  author={ Hagara, M  and  Kulla, P },
  journal={Telecommun. Radio Eng.},
  volume={20},
  number={2},
  pages={516-524},
  year={2011},
}
@article{Fabijaska2015SubpixelED,
  title={Subpixel Edge Detection in Blurry and Noisy Images},
  author={Anna Fabijańska},
  journal={Int. J. Comput. Sci. Appl.},
  year={2015},
  volume={12},
  pages={1-19},
}
@article{Duan2018High,
author = {Zhenyun Duan and Ning Wang and Jingshun Fu and Wenhui Zhao and Boqiang Duan and Jungui Zhao},
title = {High Precision Edge Detection Algorithm for Mechanical Parts},
journal = {Measurement Sci. Review},
number = {2},
volume = {18},
year = {2018},
pages = {65-71}
}
@article{Gioi2017ASE,
  title={A Sub-Pixel Edge Detector: an Implementation of the Canny/Devernay Algorithm},
  author={Rafael Grompone von Gioi and Gregory Randall},
  journal={Image Process. On Line},
  year={2017},
  volume={7},
  pages={347-372},
}
@article{Seo2018SubpixelEL,
      title={Subpixel Edge Localization Based on Adaptive Weighting of Gradients},
      author={Suyoung Seo},
      journal={IEEE Trans. Image Process.},
      year={2018},
      volume={27},
      pages={5501-5513}
      }
@article{TrujilloPino2013AccurateSE,
  title={Accurate subpixel edge location based on partial area effect},
  author={Agust{\'i}n Trujillo-Pino and Karl Krissian and Miguel Alem{\'a}n-Flores and Daniel Santana-Cedr{\'e}s},
  journal={Image Vis. Comput.},
  year={2013},
  volume={31},
  pages={72-90},
}
@article{Chu2020SubpixelDM,
      title={Sub-pixel dimensional measurement algorithm based on intensity integration threshold},
      author={Menglin Chu and Wei Huang and Mingfei Xu and Shuqiang Jia and Xiaofei Zhang and Yongnan Lu},
      journal={OSA Continuum},
      year={2020},
      volume={3},
      pages={2912}
      }

@article{Snchez2017ComparisonOM,
      title={Comparison of Motion Smoothing Strategies for Video Stabilization using Parametric Models},
      author={Javier S{\'a}nchez},
      journal={Image Process. On Line},
      year={2017},
      volume={7},
      pages={309-346}
}
@article{XIE1992647,
title = {Edge linking by using causal neighborhood window},
journal = {Pattern Recognit. Lett.},
volume = {13},
number = {9},
pages = {647-656},
year = {1992},
author = {Ming Xie},
}
@article{FaragandDelp,
author = {Aly A. Farag and Edward J. Delp},
title = {Edge linking by sequential search},
journal = {Pattern Recognit.},
volume = {28},
number = {5},
pages = {611-633},
year = {1995},
}
@INPROCEEDINGS{Miller1993TemplateBM,
  title={Template based method of edge linking using a weighted decision},
  author={Fredrick R. Miller and Junji Maeda and Hiroshi Kubo},
  booktitle={Proc. IEEE. Int. Conf. Intell. Rob. Syst.},
  volume={3},
  pages={1808-1815},
year={1993},
}
@ARTICLE{Ghita2002479,
	author = {Ghita, Ovidiu and Whelan, Paul F.},
	title = {Computational approach for edge linking},
	year = {2002},
	journal = {J. Electron. Imaging},
	volume = {11},
	number = {4},
	pages = {479–485}
}
@ARTICLE{Wang,
  author={Zhijie Wang and Hong Zhang},
  journal={Proc. IEEE/ASME Int. Conf. Adv. Intellig. Mechatron.}, 
  title={Edge linking using geodesic distance and neighborhood information}, 
  year={2008},
  pages={151-155},
}

@article{Topal2012EdgeDA,
  title={Edge Drawing: A combined real-time edge and segment detector},
  author={Cihan Topal and Cuneyt Akinlar},
  journal={J. Vis. Commun. Image Represent.},
  year={2012},
  volume={23},
  pages={862-872}
}

@article{Akinlar2016PELAP,
  title={PEL: A Predictive Edge Linking algorithm},
  author={Cuneyt Akinlar and Edward Chome},
  journal={J. Vis. Commun. Image Represent.},
  year={2016},
  volume={36},
  pages={159-171}
}
@article{2009Digital,
  title={Digital Image Processing, Third Edition},
  author={ Gonzalez, Rafael C., and  Woods, Richard E.  and  Masters, Barry R. },
  journal={J. Biomed. Opt.},
  volume={14},
  number={2},
  pages={029901},
  year={2009},
}

@article{Steger1998AnUD,
  title={An Unbiased Detector of Curvilinear Structures},
  author={Carsten Steger},
  journal={IEEE Trans. Pattern Anal. Mach. Intell.},
  year={1998},
  volume={20},
  pages={113-125}
}
@article{Seo2019SubpixelLL,
      title={Subpixel Line Localization With Normalized Sums of Gradients and Location Linking With Straightness and Omni-Directionality},
      author={Suyoung Seo},
      journal={IEEE Access},
      year={2019},
      volume={7},
      pages={180155-180167}
      }

@article{Arbelez2011ContourDA,
  title={Contour Detection and Hierarchical Image Segmentation},
  author={Pablo Arbel{\'a}ez and Michael Maire and Charless C. Fowlkes and Jitendra Malik},
  journal={IEEE Trans. Pattern Anal. Mach. Intell.},
  year={2011},
  volume={33},
  pages={898-916},
}

@article{Ponomarenko2015ImageDT,
  title={Image database TID2013: Peculiarities, results and perspectives},
  author={Nikolay N. Ponomarenko and Lina Jin and Oleg Ieremeiev and Vladimir V. Lukin and Karen O. Egiazarian and Jaakko Astola and Beno{\^i}t Vozel and Kacem Chehdi and Marco Carli and Federica Battisti and C.-C. Jay Kuo},
  journal={Signal Process. Image Commun.},
  year={2015},
  volume={30},
  pages={57-77},
}
@article{Liu2020AnAA,
      title={An Adaptive and Robust Edge Detection Method Based on Edge Proportion Statistics},
      author={Yang Liu and Zongwu Xie and Hong Liu},
      journal={IEEE Trans. Image Process.},
      year={2020},
      volume={29},
      pages={5206-5215}
      }
@article{Qingli2003AIS,
   title={A improved subpixel edge detecting algorithm based on polynomial interpolation},
  author={Li, Qingli and Zhang, Shaojun and Li, Zhongfu and Bai, Yinjiu and Jin, Jian and Gou, ZhongKui},
  journal={Chinese Journal of Engineering},
  volume={25},
  number={3},
  pages={280-283},
  year={2003},
}
@article{Liu2022ANS,
  title={A Novel Subpixel Circle Detection Method Based on the Blurred Edge Model},
  author={Weihua Liu and Xianqiang Yang and Hao Sun and Xuebo Yang and Xinghu Yu and Huijun Gao},
  journal={IEEE Trans. Instrum. Meas.},
  year={2022},
  volume={71},
  pages={1-11}
}



@article{Fadaei2021AFF,
title={A Framework for Hexagonal Image Processing Using Hexagonal Pixel-Perfect Approximations in Subpixel Resolution},
author={Sadegh Fadaei and Abdolreza Rashno},
journal={IEEE Trans. Image Process.},
year={2021},
volume={30},
pages={4555-4570}
}

@INPROCEEDINGS{zhou2024muge,
  author={Zhou, Caixia and Huang, Yaping and Pu, Mengyang and Guan, Qingji and Deng, Ruoxi and Ling, Haibin},
  booktitle={Proc. IEEE/CVF Conf. Comput. Vis. Pattern Recognit.}, 
  title={MuGE: Multiple Granularity Edge Detection}, 
  year={2024},
  pages={25952-25962},
  }
  
@INPROCEEDINGS{Su2021pixel,
  author={Su, Zhuo and Liu, Wenzhe and Yu, Zitong and Hu, Dewen and Liao, Qing and Tian, Qi and Pietikäinen, Matti and Liu, Li},
  booktitle={Proc. IEEE/CVF Int. Conf. Comput. Vis.}, 
  title={Pixel Difference Networks for Efficient Edge Detection}, 
  year={2021},
  pages={5097-5107},
  }
  
  
%However, these methods fail to satisfy the sectors requiring high precision\cite{Zhang2019RockringDA,Lu2021AutomaticWM,Jing2022RecentAO,zhang2023noncontact,Liu2023ANS,Li2024Flexible}, such as industrial inspection, remote sensing, and medical imaging. 

%In response, researchers\cite{Hu2022CannySE,He2023AUA, Du2022SubpixelDM} have extended the task of edge detection to the subpixel localization, with an emphasis on enhancing measurement accuracy, and the difference between them illustrated in Fig. \ref{fig1}.
%In the past decade, as the rapid development of AI technology, a variety of deep learning methods \cite{Bertasius2014DeepEdgeAM,Li2022RealTimeAD,Zhou2023TheTB} have shown remarkable success in identifying pixel-level edges with distinct boundaries. Nevertheless, traditional methods maintain dominance in localizing subpixel edges.

@article{Zhang2022StitchingBO,
  title={Stitching Based on Corrections to Obtain a Flat Image on a Curved-Edge OLED Display},
  author={Yao Zhang and Jianxu Mao and Yaonan Wang and Caiping Liu and Hui Zhang and Haoran Tan and Kai Zeng},
  journal={IEEE Trans. Instrum. Meas.},
  year={2022},
  volume={71},
  pages={1-12},}

@article{Li2022RealTimeAD,
  title={Real-Time Accurate Deep Learning-Based Edge Detection for 3-D Pantograph Pose Status Inspection},
  author={Dong Li and Xiao Pan and Zhenzhou Fu and Luonan Chang and Guangjun Zhang},
  journal={IEEE Trans. Instrum. Meas.},
  year={2022},
  volume={71},
  pages={1-12},
}
@article{Zhang2022StitchingBO,
  title={Stitching Based on Corrections to Obtain a Flat Image on a Curved-Edge OLED Display},
  author={Yao Zhang and Jianxu Mao and Yaonan Wang and Caiping Liu and Hui Zhang and Haoran Tan and Kai Zeng},
  journal={IEEE Trans. Instrum. Meas.},
  year={2022},
  volume={71},
  pages={1-12},}

@article{Li2022RealTimeAD,
  title={Real-Time Accurate Deep Learning-Based Edge Detection for 3-D Pantograph Pose Status Inspection},
  author={Dong Li and Xiao Pan and Zhenzhou Fu and Luonan Chang and Guangjun Zhang},
  journal={IEEE Trans. Instrum. Meas.},
  year={2022},
  volume={71},
  pages={1-12},
}
@ARTICLE{Chen2024Machining,
  author={Chen, Peiwen and Yu, Jianbo},
  journal={IEEE Trans. Instrum. Meas.}, 
  title={Machining Tool Wear Detection and Measurement Based on Edge Extraction and Subpixel Fitting}, 
  year={2024},
  volume={73},
  pages={1-11}}
@article{Du2020TheSR,
  title={The Spatial Resolution Enhancement for a Thermogram Enabled by Controlled Subpixel Movements},
  author={Weixiang Du and Sri Addepalli and Yifan Zhao},
  journal={IEEE Trans. Instrum. Meas.},
  year={2020},
  volume={69},
  pages={3566-3575}
}
@article{He2023AUA,
  title={A Unified and Accurate Subpixel Detector of Control Points for Camera Calibration},
  author={Qing He and Zhiwen Ji and Peng Yu and Dongyue Chen},
  journal={IEEE Trans. Instrum. Meas.},
  year={2023},
  volume={72},
  pages={1-12}
}







