@article{2011Edge,
  title={Edge Detection with Sub-pixel Accuracy Based on Approximation of Edge with Erf Function},
  author={ Hagara, M  and  Kulla, P },
  journal={Telecommun. Radio Eng.},
  volume={20},
  number={2},
  pages={516-524},
  year={2011},
}

@article{Akinlar2016PELAP,
  title={PEL: A Predictive Edge Linking algorithm},
  author={Cuneyt Akinlar and Edward Chome},
  journal={J. Vis. Commun. Image Represent.},
  year={2016},
  volume={36},
  pages={159-171}
}

@article{Bin2008SubpixelEL,
  title={Subpixel edge location based on orthogonal Fourier-Mellin moments},
  author={T. J. Bin and Ao Lei and Jiwen Cui and Wenjing Kang and Dandan Liu},
  journal={Image Vis. Comput.},
  year={2008},
  volume={26},
  pages={563-569},
}

@article{Chen201611,
title = {Sub-pixel detection algorithm based on cubic B-spline curve and multi-scale adaptive wavelet transform},
journal = {Optik},
volume = {127},
number = {1},
pages = {11-14},
year = {2016},
author = {Yuming Chen and Yongzhi Li and Yingkai Zhao},
}

@article{Chu2020SubpixelDM,
      title={Sub-pixel dimensional measurement algorithm based on intensity integration threshold},
      author={Menglin Chu and Wei Huang and Mingfei Xu and Shuqiang Jia and Xiaofei Zhang and Yongnan Lu},
      journal={OSA Continuum},
      year={2020},
      volume={3},
      pages={2912}
      }

@article{Duan2018High,
author = {Zhenyun Duan and Ning Wang and Jingshun Fu and Wenhui Zhao and Boqiang Duan and Jungui Zhao},
title = {High Precision Edge Detection Algorithm for Mechanical Parts},
journal = {Measurement Sci. Review},
number = {2},
volume = {18},
year = {2018},
pages = {65-71}
}

@article{Fabijaska2015SubpixelED,
  title={Subpixel Edge Detection in Blurry and Noisy Images},
  author={Anna Fabijańska},
  journal={Int. J. Comput. Sci. Appl.},
  year={2015},
  volume={12},
  pages={1-19},
}

@article{FaragandDelp,
author = {Aly A. Farag and Edward J. Delp},
title = {Edge linking by sequential search},
journal = {Pattern Recognit.},
volume = {28},
number = {5},
pages = {611-633},
year = {1995},
}

@ARTICLE{Ghita2002479,
	author = {Ghita, Ovidiu and Whelan, Paul F.},
	title = {Computational approach for edge linking},
	year = {2002},
	journal = {J. Electron. Imaging},
	volume = {11},
	number = {4},
	pages = {479–485}
}

@article{Ghosal1993OrthogonalMO,
  title={Orthogonal moment operators for subpixel edge detection},
  author={Sugata Ghosal and Rajiv Mehrotra},
  journal={Pattern Recognit.},
  year={1993},
  volume={26},
  pages={295-306},
}

@article{Gioi2017ASE,
  title={A Sub-Pixel Edge Detector: an Implementation of the Canny/Devernay Algorithm},
  author={Rafael Grompone von Gioi and Gregory Randall},
  journal={Image Process. On Line},
  year={2017},
  volume={7},
  pages={347-372},
}

@ARTICLE{Jensen,
  author={Jensen, K. and Anastassiou, D.},
  journal={IEEE Trans. Image Process.}, 
  title={Subpixel edge localization and the interpolation of still images}, 
  year={1995},
  volume={4},
  number={3},
  pages={285-295},
}

@article{LI2022Visual,
title = {Visual measurement of valve opening area with improved subpixel edge location},
journal = {Measurement},
volume = {198},
pages = {111410},
year = {2022},
author = {Dingyu Li and Zijian Ye and Jixiang Tang and Xuanyin Wang},
}

@article{Liu2022ANS,
  title={A Novel Subpixel Circle Detection Method Based on the Blurred Edge Model},
  author={Weihua Liu and Xianqiang Yang and Hao Sun and Xuebo Yang and Xinghu Yu and Huijun Gao},
  journal={IEEE Trans. Instrum. Meas.},
  year={2022},
  volume={71},
  pages={1-11}
}

@article{Lu2022ANS,
  title={A Novel Subpixel Edge Detection Method of Pantograph Slide in Complicated Surroundings},
  author={Shengfang Lu and Zhen Liu and Ye Chen and Yang Gao},
  journal={IEEE Trans. Ind. Electron.},
  year={2022},
  volume={69},
  pages={3172-3182},}

@ARTICLE{Nalwa1986699,
author = {Nalwa, Vishvjit S. and Binford, Thomas O.},
title = {On Detecting Edges},
year = {1986},
journal = {IEEE Trans. Pattern Anal. Mach. Intell.},
volume = {8},
number = {6},
pages = {699–714},
}

@article{Qingli2003AIS,
   title={A improved subpixel edge detecting algorithm based on polynomial interpolation},
  author={Li, Qingli and Zhang, Shaojun and Li, Zhongfu and Bai, Yinjiu and Jin, Jian and Gou, ZhongKui},
  journal={Chinese Journal of Engineering},
  volume={25},
  number={3},
  pages={280-283},
  year={2003},
}

@article{Seo2018SubpixelEL,
      title={Subpixel Edge Localization Based on Adaptive Weighting of Gradients},
      author={Suyoung Seo},
      journal={IEEE Trans. Image Process.},
      year={2018},
      volume={27},
      pages={5501-5513}
      }

@article{Seo2019SubpixelLL,
      title={Subpixel Line Localization With Normalized Sums of Gradients and Location Linking With Straightness and Omni-Directionality},
      author={Suyoung Seo},
      journal={IEEE Access},
      year={2019},
      volume={7},
      pages={180155-180167}
      }

@article{Single-Pixel-Multi-Point,
  title={Enhancement of Contour Smoothness by Substitution of Interpolated Sub-Pixel Points for Edge Pixels},
  author={Tianhu Liu and Guiqi Li and Xiangning Nie and Hongjun Wang and Di Zhang and Jinmeng Wu and Wei Liu},
  journal={IEEE Access},
  year={2021},
  volume={9},
  pages={44236-44246},
}

@article{Sun2014ARE,
  title={A robust edge detection method with sub-pixel accuracy},
  author={Qiucheng Sun and Yueqian Hou and Qingchang Tan and Chunjing Li and Ming Hui Liu},
  journal={Optik, Int. J. Light Electron Opt.},
  year={2014},
  volume={125},
  pages={3449-3453},
}

@article{Topal2012EdgeDA,
  title={Edge Drawing: A combined real-time edge and segment detector},
  author={Cihan Topal and Cuneyt Akinlar},
  journal={J. Vis. Commun. Image Represent.},
  year={2012},
  volume={23},
  pages={862-872}
}

@article{TrujilloPino2013AccurateSE,
  title={Accurate subpixel edge location based on partial area effect},
  author={Agust{\'i}n Trujillo-Pino and Karl Krissian and Miguel Alem{\'a}n-Flores and Daniel Santana-Cedr{\'e}s},
  journal={Image Vis. Comput.},
  year={2013},
  volume={31},
  pages={72-90},
}

@ARTICLE{Wang,
  author={Zhijie Wang and Hong Zhang},
  journal={Proc. IEEE/ASME Int. Conf. Adv. Intellig. Mechatron.}, 
  title={Edge linking using geodesic distance and neighborhood information}, 
  year={2008},
  pages={151-155},
}

@article{XIE1992647,
title = {Edge linking by using causal neighborhood window},
journal = {Pattern Recognit. Lett.},
volume = {13},
number = {9},
pages = {647-656},
year = {1992},
author = {Ming Xie},
}

@article{YE2005453,
title = {High-accuracy edge detection with Blurred Edge Model},
journal = {Image Vision Comput.},
volume = {23},
number = {5},
pages = {453-467},
year = {2005},
issn = {0262-8856},
author = {Jian Ye and Gongkang Fu and Upendra P. Poudel},
}

@article{poyraz2024sub,
  title={Sub-Pixel counting based diameter measurement algorithm for industrial Machine vision},
  author={Poyraz, Ahmet G{\"o}khan and Ka{\c{c}}maz, Mehmet and G{\"u}rkan, Hakan and Dirik, Ahmet Emir},
  journal={Measurement},
  volume={225},
  pages={114063},
  year={2024},
}

@article{tabatabai1984edge,
  title={Edge location to subpixel values in digital imagery},
  author={Tabatabai, Ali J and Mitchell, O Robert},
  journal={IEEE Trans. Pattern Anal. Mach. Intell.},
  number={2},
  pages={188-201},
  year={1984},
  publisher={IEEE}
}

