@inproceedings{cheraghian2021semantic,
  title={Semantic-aware knowledge distillation for few-shot class-incremental learning},
  author={Cheraghian, Ali and Rahman, Shafin and Fang, Pengfei and Roy, Soumava Kumar and Petersson, Lars and Harandi, Mehrtash},
  booktitle={Proceedings of the IEEE/CVF conference on computer vision and pattern recognition},
  pages={2534--2543},
  year={2021}
}
%%============================================================================%%
%% while using chicago reference style, both abbreviated and expanded form of %%
%% author name format is acceptable. Refer below example for expanded form    %%
%%============================================================================%%

%%  author		= "{Cameron, Deborah}", - single author
%%  author		= "{Saito, Yukio} and {Hyuga, Hiroyuki}", - double author 

%%======================================%%
%% Example for author names with suffix %%
%%======================================%%

%%  author		= "{Price, R. A. Jr} and {Curry, N. {III}} and McCann, K. E. and 
%%					Fielding, J. L. and {Abercrombie, E. Jr}

@inproceedings{dong2021few,
  title={Few-shot class-incremental learning via relation knowledge distillation},
  author={Dong, Songlin and Hong, Xiaopeng and Tao, Xiaoyu and Chang, Xinyuan and Wei, Xing and Gong, Yihong},
  booktitle={Proceedings of the AAAI Conference on Artificial Intelligence},
  volume={35},
  number={2},
  pages={1255--1263},
  year={2021}
}

@inproceedings{goswami2024calibrating,
  title={Calibrating Higher-Order Statistics for Few-Shot Class-Incremental Learning with Pre-trained Vision Transformers},
  author={Goswami, Dipam and Twardowski, Bart{\l}omiej and Van De Weijer, Joost},
  booktitle={Proceedings of the IEEE/CVF Conference on Computer Vision and Pattern Recognition},
  pages={4075--4084},
  year={2024}
}

@article{goswami2024fecam,
  title={Fecam: Exploiting the heterogeneity of class distributions in exemplar-free continual learning},
  author={Goswami, Dipam and Liu, Yuyang and Twardowski, Bart{\l}omiej and van de Weijer, Joost},
  journal={Advances in Neural Information Processing Systems},
  volume={36},
  year={2024}
}

@inproceedings{hersche2022constrained,
  title={Constrained few-shot class-incremental learning},
  author={Hersche, Michael and Karunaratne, Geethan and Cherubini, Giovanni and Benini, Luca and Sebastian, Abu and Rahimi, Abbas},
  booktitle={Proceedings of the IEEE/CVF conference on computer vision and pattern recognition},
  pages={9057--9067},
  year={2022}
}

@inproceedings{kukleva2021generalized,
  title={Generalized and incremental few-shot learning by explicit learning and calibration without forgetting},
  author={Kukleva, Anna and Kuehne, Hilde and Schiele, Bernt},
  booktitle={Proceedings of the IEEE/CVF international conference on computer vision},
  pages={9020--9029},
  year={2021}
}

@inproceedings{liu2022few,
  title={Few-shot class-incremental learning via entropy-regularized data-free replay},
  author={Liu, Huan and Gu, Li and Chi, Zhixiang and Wang, Yang and Yu, Yuanhao and Chen, Jun and Tang, Jin},
  booktitle={European Conference on Computer Vision},
  pages={146--162},
  year={2022},
  organization={Springer}
}

@inproceedings{mazumder2021few,
  title={Few-shot lifelong learning},
  author={Mazumder, Pratik and Singh, Pravendra and Rai, Piyush},
  booktitle={Proceedings of the AAAI Conference on Artificial Intelligence},
  volume={35},
  number={3},
  pages={2337--2345},
  year={2021}
}

@article{mcdonnell2024ranpac,
  title={Ranpac: Random projections and pre-trained models for continual learning},
  author={McDonnell, Mark D and Gong, Dong and Parvaneh, Amin and Abbasnejad, Ehsan and van den Hengel, Anton},
  journal={Advances in Neural Information Processing Systems},
  volume={36},
  year={2024}
}

@inproceedings{park2024pre,
  title={Pre-trained Vision and Language Transformers Are Few-Shot Incremental Learners},
  author={Park, Keon-Hee and Song, Kyungwoo and Park, Gyeong-Moon},
  booktitle={Proceedings of the IEEE/CVF Conference on Computer Vision and Pattern Recognition},
  pages={23881--23890},
  year={2024}
}

@inproceedings{peng2022few,
  title={Few-shot class-incremental learning from an open-set perspective},
  author={Peng, Can and Zhao, Kun and Wang, Tianren and Li, Meng and Lovell, Brian C},
  booktitle={European Conference on Computer Vision},
  pages={382--397},
  year={2022},
  organization={Springer}
}

@inproceedings{qiu2023semantic,
  title={Semantic-visual guided transformer for few-shot class-incremental learning},
  author={Qiu, Wenhao and Fu, Sichao and Zhang, Jingyi and Lei, Chengxiang and Peng, Qinmu},
  booktitle={2023 IEEE International Conference on Multimedia and Expo (ICME)},
  pages={2885--2890},
  year={2023},
  organization={IEEE}
}

@article{ran2024brain,
  title={Brain-inspired fast-and slow-update prompt tuning for few-shot class-incremental learning},
  author={Ran, Hang and Gao, Xingyu and Li, Lusi and Li, Weijun and Tian, Songsong and Wang, Gang and Shi, Hailong and Ning, Xin},
  journal={IEEE Transactions on Neural Networks and Learning Systems},
  year={2024},
  publisher={IEEE}
}

@inproceedings{shankarampeta2021few,
  title={Few-Shot Class Incremental Learning with Generative Feature Replay.},
  author={Shankarampeta, Abhilash Reddy and Yamauchi, Koichiro},
  booktitle={ICPRAM},
  pages={259--267},
  year={2021}
}

@inproceedings{tao2020few,
  title={Few-shot class-incremental learning},
  author={Tao, Xiaoyu and Hong, Xiaopeng and Chang, Xinyuan and Dong, Songlin and Wei, Xing and Gong, Yihong},
  booktitle={Proceedings of the IEEE/CVF conference on computer vision and pattern recognition},
  pages={12183--12192},
  year={2020}
}

@article{tian2024survey,
  title={A survey on few-shot class-incremental learning},
  author={Tian, Songsong and Li, Lusi and Li, Weijun and Ran, Hang and Ning, Xin and Tiwari, Prayag},
  journal={Neural Networks},
  volume={169},
  pages={307--324},
  year={2024},
  publisher={Elsevier}
}

@article{wang2021few,
  title={Few-shot Continual Learning: a Brain-inspired Approach},
  author={Wang, Liyuan and Li, Qian and Zhong, Yi and Zhu, Jun},
  journal={arXiv preprint arXiv:2104.09034},
  year={2021}
}

@article{yang2022dynamic,
  title={Dynamic support network for few-shot class incremental learning},
  author={Yang, Boyu and Lin, Mingbao and Zhang, Yunxiao and Liu, Binghao and Liang, Xiaodan and Ji, Rongrong and Ye, Qixiang},
  journal={IEEE Transactions on Pattern Analysis and Machine Intelligence},
  volume={45},
  number={3},
  pages={2945--2951},
  year={2022},
  publisher={IEEE}
}

@inproceedings{zhang2021few,
  title={Few-shot incremental learning with continually evolved classifiers},
  author={Zhang, Chi and Song, Nan and Lin, Guosheng and Zheng, Yun and Pan, Pan and Xu, Yinghui},
  booktitle={Proceedings of the IEEE/CVF conference on computer vision and pattern recognition},
  pages={12455--12464},
  year={2021}
}

@article{zhang2025few,
  title={Few-Shot Class-Incremental Learning for Classification and Object Detection: A Survey},
  author={Zhang, Jinghua and Liu, Li and Silv{\'e}n, Olli and Pietik{\"a}inen, Matti and Hu, Dewen},
  journal={IEEE Transactions on Pattern Analysis and Machine Intelligence},
  year={2025},
  publisher={IEEE}
}

@article{zhao2021mgsvf,
  title={Mgsvf: Multi-grained slow versus fast framework for few-shot class-incremental learning},
  author={Zhao, Hanbin and Fu, Yongjian and Kang, Mintong and Tian, Qi and Wu, Fei and Li, Xi},
  journal={IEEE Transactions on Pattern Analysis and Machine Intelligence},
  volume={46},
  number={3},
  pages={1576--1588},
  year={2021},
  publisher={IEEE}
}

@inproceedings{zhao2023few,
  title={Few-shot class-incremental learning via class-aware bilateral distillation},
  author={Zhao, Linglan and Lu, Jing and Xu, Yunlu and Cheng, Zhanzhan and Guo, Dashan and Niu, Yi and Fang, Xiangzhong},
  booktitle={Proceedings of the IEEE/CVF conference on computer vision and pattern recognition},
  pages={11838--11847},
  year={2023}
}

@inproceedings{zheng2021few,
  title={Few-shot class-incremental learning with meta-learned class structures},
  author={Zheng, Guangtao and Zhang, Aidong},
  booktitle={2021 International Conference on Data Mining Workshops (ICDMW)},
  pages={421--430},
  year={2021},
  organization={IEEE}
}

@article{zhou2022few,
  title={Few-shot class-incremental learning by sampling multi-phase tasks},
  author={Zhou, Da-Wei and Ye, Han-Jia and Ma, Liang and Xie, Di and Pu, Shiliang and Zhan, De-Chuan},
  journal={IEEE Transactions on Pattern Analysis and Machine Intelligence},
  volume={45},
  number={11},
  pages={12816--12831},
  year={2022},
  publisher={IEEE}
}

@inproceedings{zhou2022forward,
  title={Forward compatible few-shot class-incremental learning},
  author={Zhou, Da-Wei and Wang, Fu-Yun and Ye, Han-Jia and Ma, Liang and Pu, Shiliang and Zhan, De-Chuan},
  booktitle={Proceedings of the IEEE/CVF conference on computer vision and pattern recognition},
  pages={9046--9056},
  year={2022}
}

@inproceedings{zhu2021self,
  title={Self-promoted prototype refinement for few-shot class-incremental learning},
  author={Zhu, Kai and Cao, Yang and Zhai, Wei and Cheng, Jie and Zha, Zheng-Jun},
  booktitle={Proceedings of the IEEE/CVF conference on computer vision and pattern recognition},
  pages={6801--6810},
  year={2021}
}

@inproceedings{zhu2022feature,
  title={Feature distribution distillation-based few shot class incremental learning},
  author={Zhu, Juntao and Yao, Guangle and Zhou, Wenlong and Zhang, Guiyu and Ping, Wang and Zhang, Wei},
  booktitle={2022 5th International Conference on Pattern Recognition and Artificial Intelligence (PRAI)},
  pages={108--113},
  year={2022},
  organization={IEEE}
}

