


%% Journal article
@article{lu2024learning_iclr,
  title={Learning with mixture of prototypes for out-of-distribution detection},
  author={Lu, Haodong and Gong, Dong and Wang, Shuo and Xue, Jason and Yao, Lina and Moore, Kristen},
  journal={arXiv preprint arXiv:2402.02653},
  year={2024}
}
%% Journal article
@Article{ijcv_2024_Revisiting,
  author   = {Zhou, Da-Wei and Cai, Zi-Wen and Ye, Han-Jia and Zhan, De-Chuan and Liu, Ziwei},
  title    = {Revisiting Class-Incremental Learning with Pre-Trained Models: Generalizability and Adaptivity are All You Need},
  journal  = {International Journal of Computer Vision},
  year     = {2024}, 
  issn     = {1573-1405},
  refid    = {Zhou2024},
  url      = {https://doi.org/10.1007/s11263-024-02218-0},
}


@article{wang2024few,
  title={Few-shot class-incremental learning via training-free prototype calibration},
  author={Wang, Qi-Wei and Zhou, Da-Wei and Zhang, Yi-Kai and Zhan, De-Chuan and Ye, Han-Jia},
  journal={Advances in Neural Information Processing Systems},
  volume={36},
  year={2024}
}

@inproceedings{goswami2024calibrating,
  title={Calibrating Higher-Order Statistics for Few-Shot Class-Incremental Learning with Pre-trained Vision Transformers},
  author={Goswami, Dipam and Twardowski, Bart{\l}omiej and Van De Weijer, Joost},
  booktitle={Proceedings of the IEEE/CVF Conference on Computer Vision and Pattern Recognition},
  pages={4075--4084},
  year={2024}
}

@article{goswami2024fecam,
  title={Fecam: Exploiting the heterogeneity of class distributions in exemplar-free continual learning},
  author={Goswami, Dipam and Liu, Yuyang and Twardowski, Bart{\l}omiej and van de Weijer, Joost},
  journal={Advances in Neural Information Processing Systems},
  volume={36},
  year={2024}
}

@article{mcdonnell2024ranpac,
  title={Ranpac: Random projections and pre-trained models for continual learning},
  author={McDonnell, Mark D and Gong, Dong and Parvaneh, Amin and Abbasnejad, Ehsan and van den Hengel, Anton},
  journal={Advances in Neural Information Processing Systems},
  volume={36},
  year={2024}
}

@inproceedings{opfer2005varying,
  title={A Varying Abstraction Model for Categorization},
  author={Opfer, John E and Siegler, Robert S},
  booktitle={Proceedings of the Annual Meeting of the Cognitive Science Society},
  volume={27},
  number={27},
  year={2005}
}

@article{gentner2017analogy,
  title={Analogy and abstraction},
  author={Gentner, Dedre and Hoyos, Christian},
  journal={Topics in cognitive science},
  volume={9},
  number={3},
  pages={672--693},
  year={2017},
  publisher={Wiley Online Library}
}
@mastersthesis{krizhevsky2009learning,
    author = {Krizhevsky, Alex and Hinton, Geoffrey and others},
    title = {Learning multiple layers of features from tiny images},
    school = {Univ. Toronto},
    year = {2009}
}

@misc{wah2011caltech,
  author		= "Wah, Catherine and Branson, Steve and Welinder, Peter and Perona, Pietro and Belongie, Serge",
  title			= "The caltech-ucsd birds-200-2011 dataset", 
  year			= "2011",
  note			= "Available: \url{http://www.vision.caltech.edu/visipedia/CUB-200.html}"
}

@article{maji2013fine,
  title={Fine-grained visual classification of aircraft},
  author={Maji, Subhransu and Rahtu, Esa and Kannala, Juho and Blaschko, Matthew and Vedaldi, Andrea},
  journal={arXiv preprint arXiv:1306.5151},
  year={2013}
}

@inproceedings{krause20133d,
  title={3d object representations for fine-grained categorization},
  author={Krause, Jonathan and Stark, Michael and Deng, Jia and Fei-Fei, Li},
  booktitle={Proceedings of the IEEE international conference on computer vision workshops},
  pages={554--561},
  year={2013}
}

@article{helber2019eurosat,
  title={Eurosat: A novel dataset and deep learning benchmark for land use and land cover classification},
  author={Helber, Patrick and Bischke, Benjamin and Dengel, Andreas and Borth, Damian},
  journal={IEEE Journal of Selected Topics in Applied Earth Observations and Remote Sensing},
  volume={12},
  number={7},
  pages={2217--2226},
  year={2019},
  publisher={IEEE}
}

@article{cheng2017remote,
  title={Remote sensing image scene classification: Benchmark and state of the art},
  author={Cheng, Gong and Han, Junwei and Lu, Xiaoqiang},
  journal={Proceedings of the IEEE},
  volume={105},
  number={10},
  pages={1865--1883},
  year={2017},
  publisher={IEEE}
}

@conference{dosovitskiy2020image,
    author = {Dosovitskiy, Alexey},
    booktitle = {ICLR},
    title = {An image is worth 16x16 words: Transformers for image recognition at scale},
    year = {2020}
}

@article{chen2022adaptformer,
  title={Adaptformer: Adapting vision transformers for scalable visual recognition},
  author={Chen, Shoufa and Ge, Chongjian and Tong, Zhan and Wang, Jiangliu and Song, Yibing and Wang, Jue and Luo, Ping},
  journal={Advances in Neural Information Processing Systems},
  volume={35},
  pages={16664--16678},
  year={2022}
}

@book{mardia2000directional,
  title={Directional Statistics},
  author={Mardia, Kanti V. and Jupp, Peter E.},
  volume={2},
  year={2000},
  publisher={Wiley Online Library}
}

@inproceedings{wang2020understanding,
  title={Understanding contrastive representation learning through alignment and uniformity on the hypersphere},
  author={Wang, Tongzhou and Isola, Phillip},
  booktitle={International Conference on Machine Learning},
  pages={9929--9939},
  year={2020},
  organization={PMLR}
}

@misc{timm_library,
  author       = {Ross Wightman},
  title        = {{Timm: PyTorch Image Models}},
  year         = {2020},
  publisher    = {GitHub},
  journal      = {GitHub repository},
  howpublished = {\url{https://github.com/rwightman/pytorch-image-models}}  
}

@inproceedings{qiu2023semantic,
  title={Semantic-visual guided transformer for few-shot class-incremental learning},
  author={Qiu, Wenhao and Fu, Sichao and Zhang, Jingyi and Lei, Chengxiang and Peng, Qinmu},
  booktitle={2023 IEEE International Conference on Multimedia and Expo (ICME)},
  pages={2885--2890},
  year={2023},
  organization={IEEE}
}

@inproceedings{park2024pre,
  title={Pre-trained Vision and Language Transformers Are Few-Shot Incremental Learners},
  author={Park, Keon-Hee and Song, Kyungwoo and Park, Gyeong-Moon},
  booktitle={Proceedings of the IEEE/CVF Conference on Computer Vision and Pattern Recognition},
  pages={23881--23890},
  year={2024}
}

@article{ran2024brain,
  title={Brain-inspired fast-and slow-update prompt tuning for few-shot class-incremental learning},
  author={Ran, Hang and Gao, Xingyu and Li, Lusi and Li, Weijun and Tian, Songsong and Wang, Gang and Shi, Hailong and Ning, Xin},
  journal={IEEE Transactions on Neural Networks and Learning Systems},
  year={2024},
  publisher={IEEE}
}

@article{wang2021few,
  title={Few-shot Continual Learning: a Brain-inspired Approach},
  author={Wang, Liyuan and Li, Qian and Zhong, Yi and Zhu, Jun},
  journal={arXiv preprint arXiv:2104.09034},
  year={2021}
}

@article{zhao2021mgsvf,
  title={Mgsvf: Multi-grained slow versus fast framework for few-shot class-incremental learning},
  author={Zhao, Hanbin and Fu, Yongjian and Kang, Mintong and Tian, Qi and Wu, Fei and Li, Xi},
  journal={IEEE Transactions on Pattern Analysis and Machine Intelligence},
  volume={46},
  number={3},
  pages={1576--1588},
  year={2021},
  publisher={IEEE}
}

@article{tian2024survey,
  title={A survey on few-shot class-incremental learning},
  author={Tian, Songsong and Li, Lusi and Li, Weijun and Ran, Hang and Ning, Xin and Tiwari, Prayag},
  journal={Neural Networks},
  volume={169},
  pages={307--324},
  year={2024},
  publisher={Elsevier}
}

@article{zhang2025few,
  title={Few-Shot Class-Incremental Learning for Classification and Object Detection: A Survey},
  author={Zhang, Jinghua and Liu, Li and Silv{\'e}n, Olli and Pietik{\"a}inen, Matti and Hu, Dewen},
  journal={IEEE Transactions on Pattern Analysis and Machine Intelligence},
  year={2025},
  publisher={IEEE}
}

@inproceedings{kukleva2021generalized,
  title={Generalized and incremental few-shot learning by explicit learning and calibration without forgetting},
  author={Kukleva, Anna and Kuehne, Hilde and Schiele, Bernt},
  booktitle={Proceedings of the IEEE/CVF international conference on computer vision},
  pages={9020--9029},
  year={2021}
}

@inproceedings{zhu2022feature,
  title={Feature distribution distillation-based few shot class incremental learning},
  author={Zhu, Juntao and Yao, Guangle and Zhou, Wenlong and Zhang, Guiyu and Ping, Wang and Zhang, Wei},
  booktitle={2022 5th International Conference on Pattern Recognition and Artificial Intelligence (PRAI)},
  pages={108--113},
  year={2022},
  organization={IEEE}
}

@inproceedings{liu2022few,
  title={Few-shot class-incremental learning via entropy-regularized data-free replay},
  author={Liu, Huan and Gu, Li and Chi, Zhixiang and Wang, Yang and Yu, Yuanhao and Chen, Jun and Tang, Jin},
  booktitle={European Conference on Computer Vision},
  pages={146--162},
  year={2022},
  organization={Springer}
}

@inproceedings{shankarampeta2021few,
  title={Few-Shot Class Incremental Learning with Generative Feature Replay.},
  author={Shankarampeta, Abhilash Reddy and Yamauchi, Koichiro},
  booktitle={ICPRAM},
  pages={259--267},
  year={2021}
}

@inproceedings{zhou2022forward,
  title={Forward compatible few-shot class-incremental learning},
  author={Zhou, Da-Wei and Wang, Fu-Yun and Ye, Han-Jia and Ma, Liang and Pu, Shiliang and Zhan, De-Chuan},
  booktitle={Proceedings of the IEEE/CVF conference on computer vision and pattern recognition},
  pages={9046--9056},
  year={2022}
}

@inproceedings{peng2022few,
  title={Few-shot class-incremental learning from an open-set perspective},
  author={Peng, Can and Zhao, Kun and Wang, Tianren and Li, Meng and Lovell, Brian C},
  booktitle={European Conference on Computer Vision},
  pages={382--397},
  year={2022},
  organization={Springer}
}

@inproceedings{zhang2021few,
  title={Few-shot incremental learning with continually evolved classifiers},
  author={Zhang, Chi and Song, Nan and Lin, Guosheng and Zheng, Yun and Pan, Pan and Xu, Yinghui},
  booktitle={Proceedings of the IEEE/CVF conference on computer vision and pattern recognition},
  pages={12455--12464},
  year={2021}
}

@inproceedings{zhu2021self,
  title={Self-promoted prototype refinement for few-shot class-incremental learning},
  author={Zhu, Kai and Cao, Yang and Zhai, Wei and Cheng, Jie and Zha, Zheng-Jun},
  booktitle={Proceedings of the IEEE/CVF conference on computer vision and pattern recognition},
  pages={6801--6810},
  year={2021}
}

@inproceedings{tao2020few,
  title={Few-shot class-incremental learning},
  author={Tao, Xiaoyu and Hong, Xiaopeng and Chang, Xinyuan and Dong, Songlin and Wei, Xing and Gong, Yihong},
  booktitle={Proceedings of the IEEE/CVF conference on computer vision and pattern recognition},
  pages={12183--12192},
  year={2020}
}

@article{yang2022dynamic,
  title={Dynamic support network for few-shot class incremental learning},
  author={Yang, Boyu and Lin, Mingbao and Zhang, Yunxiao and Liu, Binghao and Liang, Xiaodan and Ji, Rongrong and Ye, Qixiang},
  journal={IEEE Transactions on Pattern Analysis and Machine Intelligence},
  volume={45},
  number={3},
  pages={2945--2951},
  year={2022},
  publisher={IEEE}
}

@inproceedings{zhao2023few,
  title={Few-shot class-incremental learning via class-aware bilateral distillation},
  author={Zhao, Linglan and Lu, Jing and Xu, Yunlu and Cheng, Zhanzhan and Guo, Dashan and Niu, Yi and Fang, Xiangzhong},
  booktitle={Proceedings of the IEEE/CVF conference on computer vision and pattern recognition},
  pages={11838--11847},
  year={2023}
}

@article{zhou2022few,
  title={Few-shot class-incremental learning by sampling multi-phase tasks},
  author={Zhou, Da-Wei and Ye, Han-Jia and Ma, Liang and Xie, Di and Pu, Shiliang and Zhan, De-Chuan},
  journal={IEEE Transactions on Pattern Analysis and Machine Intelligence},
  volume={45},
  number={11},
  pages={12816--12831},
  year={2022},
  publisher={IEEE}
}

@inproceedings{mazumder2021few,
  title={Few-shot lifelong learning},
  author={Mazumder, Pratik and Singh, Pravendra and Rai, Piyush},
  booktitle={Proceedings of the AAAI Conference on Artificial Intelligence},
  volume={35},
  number={3},
  pages={2337--2345},
  year={2021}
}

@inproceedings{hersche2022constrained,
  title={Constrained few-shot class-incremental learning},
  author={Hersche, Michael and Karunaratne, Geethan and Cherubini, Giovanni and Benini, Luca and Sebastian, Abu and Rahimi, Abbas},
  booktitle={Proceedings of the IEEE/CVF conference on computer vision and pattern recognition},
  pages={9057--9067},
  year={2022}
}
@inproceedings{zheng2021few,
  title={Few-shot class-incremental learning with meta-learned class structures},
  author={Zheng, Guangtao and Zhang, Aidong},
  booktitle={2021 International Conference on Data Mining Workshops (ICDMW)},
  pages={421--430},
  year={2021},
  organization={IEEE}
}

@inproceedings{dong2021few,
  title={Few-shot class-incremental learning via relation knowledge distillation},
  author={Dong, Songlin and Hong, Xiaopeng and Tao, Xiaoyu and Chang, Xinyuan and Wei, Xing and Gong, Yihong},
  booktitle={Proceedings of the AAAI Conference on Artificial Intelligence},
  volume={35},
  number={2},
  pages={1255--1263},
  year={2021}
}

@inproceedings{cheraghian2021semantic,
  title={Semantic-aware knowledge distillation for few-shot class-incremental learning},
  author={Cheraghian, Ali and Rahman, Shafin and Fang, Pengfei and Roy, Soumava Kumar and Petersson, Lars and Harandi, Mehrtash},
  booktitle={Proceedings of the IEEE/CVF conference on computer vision and pattern recognition},
  pages={2534--2543},
  year={2021}
}
%%============================================================================%%
%% while using chicago reference style, both abbreviated and expanded form of %%
%% author name format is acceptable. Refer below example for expanded form    %%
%%============================================================================%%

%%  author		= "{Cameron, Deborah}", - single author
%%  author		= "{Saito, Yukio} and {Hyuga, Hiroyuki}", - double author 

%%======================================%%
%% Example for author names with suffix %%
%%======================================%%

%%  author		= "{Price, R. A. Jr} and {Curry, N. {III}} and McCann, K. E. and 
%%					Fielding, J. L. and {Abercrombie, E. Jr}",
