@misc{openai2024gpt4technicalreport,
      title={GPT-4 Technical Report}, 
      author={OpenAI and Josh Achiam and Steven Adler and Sandhini Agarwal and Lama Ahmad and Ilge Akkaya and Florencia Leoni Aleman and Diogo Almeida and Janko Altenschmidt and Sam Altman and Shyamal Anadkat and Red Avila and Igor Babuschkin and Suchir Balaji and Valerie Balcom and Paul Baltescu and Haiming Bao and Mohammad Bavarian and Jeff Belgum and Irwan Bello and Jake Berdine and Gabriel Bernadett-Shapiro and Christopher Berner and Lenny Bogdonoff and Oleg Boiko and Madelaine Boyd and Anna-Luisa Brakman and Greg Brockman and Tim Brooks and Miles Brundage and Kevin Button and Trevor Cai and Rosie Campbell and Andrew Cann and Brittany Carey and Chelsea Carlson and Rory Carmichael and Brooke Chan and Che Chang and Fotis Chantzis and Derek Chen and Sully Chen and Ruby Chen and Jason Chen and Mark Chen and Ben Chess and Chester Cho and Casey Chu and Hyung Won Chung and Dave Cummings and Jeremiah Currier and Yunxing Dai and Cory Decareaux and Thomas Degry and Noah Deutsch and Damien Deville and Arka Dhar and David Dohan and Steve Dowling and Sheila Dunning and Adrien Ecoffet and Atty Eleti and Tyna Eloundou and David Farhi and Liam Fedus and Niko Felix and Simón Posada Fishman and Juston Forte and Isabella Fulford and Leo Gao and Elie Georges and Christian Gibson and Vik Goel and Tarun Gogineni and Gabriel Goh and Rapha Gontijo-Lopes and Jonathan Gordon and Morgan Grafstein and Scott Gray and Ryan Greene and Joshua Gross and Shixiang Shane Gu and Yufei Guo and Chris Hallacy and Jesse Han and Jeff Harris and Yuchen He and Mike Heaton and Johannes Heidecke and Chris Hesse and Alan Hickey and Wade Hickey and Peter Hoeschele and Brandon Houghton and Kenny Hsu and Shengli Hu and Xin Hu and Joost Huizinga and Shantanu Jain and Shawn Jain and Joanne Jang and Angela Jiang and Roger Jiang and Haozhun Jin and Denny Jin and Shino Jomoto and Billie Jonn and Heewoo Jun and Tomer Kaftan and Łukasz Kaiser and Ali Kamali and Ingmar Kanitscheider and Nitish Shirish Keskar and Tabarak Khan and Logan Kilpatrick and Jong Wook Kim and Christina Kim and Yongjik Kim and Jan Hendrik Kirchner and Jamie Kiros and Matt Knight and Daniel Kokotajlo and Łukasz Kondraciuk and Andrew Kondrich and Aris Konstantinidis and Kyle Kosic and Gretchen Krueger and Vishal Kuo and Michael Lampe and Ikai Lan and Teddy Lee and Jan Leike and Jade Leung and Daniel Levy and Chak Ming Li and Rachel Lim and Molly Lin and Stephanie Lin and Mateusz Litwin and Theresa Lopez and Ryan Lowe and Patricia Lue and Anna Makanju and Kim Malfacini and Sam Manning and Todor Markov and Yaniv Markovski and Bianca Martin and Katie Mayer and Andrew Mayne and Bob McGrew and Scott Mayer McKinney and Christine McLeavey and Paul McMillan and Jake McNeil and David Medina and Aalok Mehta and Jacob Menick and Luke Metz and Andrey Mishchenko and Pamela Mishkin and Vinnie Monaco and Evan Morikawa and Daniel Mossing and Tong Mu and Mira Murati and Oleg Murk and David Mély and Ashvin Nair and Reiichiro Nakano and Rajeev Nayak and Arvind Neelakantan and Richard Ngo and Hyeonwoo Noh and Long Ouyang and Cullen O'Keefe and Jakub Pachocki and Alex Paino and Joe Palermo and Ashley Pantuliano and Giambattista Parascandolo and Joel Parish and Emy Parparita and Alex Passos and Mikhail Pavlov and Andrew Peng and Adam Perelman and Filipe de Avila Belbute Peres and Michael Petrov and Henrique Ponde de Oliveira Pinto and Michael and Pokorny and Michelle Pokrass and Vitchyr H. Pong and Tolly Powell and Alethea Power and Boris Power and Elizabeth Proehl and Raul Puri and Alec Radford and Jack Rae and Aditya Ramesh and Cameron Raymond and Francis Real and Kendra Rimbach and Carl Ross and Bob Rotsted and Henri Roussez and Nick Ryder and Mario Saltarelli and Ted Sanders and Shibani Santurkar and Girish Sastry and Heather Schmidt and David Schnurr and John Schulman and Daniel Selsam and Kyla Sheppard and Toki Sherbakov and Jessica Shieh and Sarah Shoker and Pranav Shyam and Szymon Sidor and Eric Sigler and Maddie Simens and Jordan Sitkin and Katarina Slama and Ian Sohl and Benjamin Sokolowsky and Yang Song and Natalie Staudacher and Felipe Petroski Such and Natalie Summers and Ilya Sutskever and Jie Tang and Nikolas Tezak and Madeleine B. Thompson and Phil Tillet and Amin Tootoonchian and Elizabeth Tseng and Preston Tuggle and Nick Turley and Jerry Tworek and Juan Felipe Cerón Uribe and Andrea Vallone and Arun Vijayvergiya and Chelsea Voss and Carroll Wainwright and Justin Jay Wang and Alvin Wang and Ben Wang and Jonathan Ward and Jason Wei and CJ Weinmann and Akila Welihinda and Peter Welinder and Jiayi Weng and Lilian Weng and Matt Wiethoff and Dave Willner and Clemens Winter and Samuel Wolrich and Hannah Wong and Lauren Workman and Sherwin Wu and Jeff Wu and Michael Wu and Kai Xiao and Tao Xu and Sarah Yoo and Kevin Yu and Qiming Yuan and Wojciech Zaremba and Rowan Zellers and Chong Zhang and Marvin Zhang and Shengjia Zhao and Tianhao Zheng and Juntang Zhuang and William Zhuk and Barret Zoph},
      year={2024},
      eprint={2303.08774},
      archivePrefix={arXiv},
      primaryClass={cs.CL},
      url={https://arxiv.org/abs/2303.08774}, 
}

@inproceedings{petroni-etal-2019-language,
    address = {Hong Kong, China},
    author = {Petroni, Fabio  and
Rockt{\"a}schel, Tim  and
Riedel, Sebastian  and
Lewis, Patrick  and
Bakhtin, Anton  and
Wu, Yuxiang  and
Miller, Alexander},
    booktitle = {Proceedings of the 2019 Conference on Empirical Methods in Natural Language Processing and the 9th International Joint Conference on Natural Language Processing (EMNLP-IJCNLP)},
    doi = {10.18653/v1/D19-1250},
    pages = {2463--2473},
    publisher = {Association for Computational Linguistics},
    title = {Language Models as Knowledge Bases?},
    url = {https://aclanthology.org/D19-1250},
    year = {2019}
}

@misc{llama3,
    author = {MetaAI},
    title = {Introducing Meta Llama 3: The most capable openly available LLM to date},
    url = {https://ai.meta.com/blog/meta-llama-3/},
    year = {2024}
}
@article{yao2024knowledge,
  title={Knowledge Circuits in Pretrained Transformers},
  author={Yao, Yunzhi and Zhang, Ningyu and Xi, Zekun and Wang, Mengru and Xu, Ziwen and Deng, Shumin and Chen, Huajun},
  journal={arXiv preprint arXiv:2405.17969},
  year={2024}
}
@article{elhage2021mathematical,
   title={A Mathematical Framework for Transformer Circuits},
   author={Elhage, Nelson and Nanda, Neel and Olsson, Catherine and Henighan, Tom and Joseph, Nicholas and Mann, Ben and Askell, Amanda and Bai, Yuntao and Chen, Anna and Conerly, Tom and DasSarma, Nova and Drain, Dawn and Ganguli, Deep and Hatfield-Dodds, Zac and Hernandez, Danny and Jones, Andy and Kernion, Jackson and Lovitt, Liane and Ndousse, Kamal and Amodei, Dario and Brown, Tom and Clark, Jack and Kaplan, Jared and McCandlish, Sam and Olah, Chris},
   year={2021},
   journal={Transformer Circuits Thread},
   note={https://transformer-circuits.pub/2021/framework/index.html}
}
@inproceedings{geva2021key-value,
    address = {Online and Punta Cana, Dominican Republic},
    author = {Geva, Mor  and
Schuster, Roei  and
Berant, Jonathan  and
Levy, Omer},
    booktitle = {Proceedings of the 2021 Conference on Empirical Methods in Natural Language Processing},
    doi = {10.18653/v1/2021.emnlp-main.446},
    pages = {5484--5495},
    publisher = {Association for Computational Linguistics},
    title = {Transformer Feed-Forward Layers Are Key-Value Memories},
    url = {https://aclanthology.org/2021.emnlp-main.446},
    year = {2021}
}
@inproceedings{dai2022knowledge,
    address = {Dublin, Ireland},
    author = {Dai, Damai  and
Dong, Li  and
Hao, Yaru  and
Sui, Zhifang  and
Chang, Baobao  and
Wei, Furu},
    booktitle = {Proceedings of the 60th Annual Meeting of the Association for Computational Linguistics (Volume 1: Long Papers)},
    doi = {10.18653/v1/2022.acl-long.581},
    pages = {8493--8502},
    publisher = {Association for Computational Linguistics},
    title = {Knowledge Neurons in Pretrained Transformers},
    url = {https://aclanthology.org/2022.acl-long.581},
    year = {2022}
}
@inproceedings{chen2024journey,
    author = {Chen, Yuheng and Cao, Pengfei and Chen, Yubo and Liu, Kang and Zhao, Jun},
    booktitle = {Proceedings of the AAAI Conference on Artificial Intelligence},
    number = {16},
    pages = {17817--17825},
    title = {Journey to the center of the knowledge neurons: Discoveries of language-independent knowledge neurons and degenerate knowledge neurons},
    url = {https://ojs.aaai.org/index.php/AAAI/article/view/29735},
    volume = {38},
    year = {2024}
}
@misc{chen2024crackingfactualknowledgecomprehensive,
      title={Cracking Factual Knowledge: A Comprehensive Analysis of Degenerate Knowledge Neurons in Large Language Models}, 
      author={Yuheng Chen and Pengfei Cao and Yubo Chen and Yining Wang and Shengping Liu and Kang Liu and Jun Zhao},
      year={2024},
      eprint={2402.13731},
      archivePrefix={arXiv},
      primaryClass={cs.CL},
      url={https://arxiv.org/abs/2402.13731}, 
}


@inproceedings{niu2024what,
    author = {Jingcheng Niu and Andrew Liu and Zining Zhu and Gerald Penn},
    booktitle = {The Twelfth International Conference on Learning Representations},
    title = {What does the Knowledge Neuron Thesis Have to do with Knowledge?},
    url = {https://openreview.net/forum?id=2HJRwwbV3G},
    year = {2024}
}
@inproceedings{hase2023does,
    author = {Peter Hase and Mohit Bansal and Been Kim and Asma Ghandeharioun},
    booktitle = {Thirty-seventh Conference on Neural Information Processing Systems},
    title = {Does Localization Inform Editing? Surprising Differences in Causality-Based Localization vs. Knowledge Editing in Language Models},
    url = {https://openreview.net/forum?id=EldbUlZtbd},
    year = {2023}
}
@misc{chen2024knowledgelocalizationmissionaccomplished,
      title={Knowledge Localization: Mission Not Accomplished? Enter Query Localization!}, 
      author={Yuheng Chen and Pengfei Cao and Yubo Chen and Kang Liu and Jun Zhao},
      year={2024},
      eprint={2405.14117},
      archivePrefix={arXiv},
      primaryClass={cs.CL},
      url={https://arxiv.org/abs/2405.14117}, 
}
    @article{bricken2023monosemanticity,
       title={Towards Monosemanticity: Decomposing Language Models With Dictionary Learning},
       author={Bricken, Trenton and Templeton, Adly and Batson, Joshua and Chen, Brian and Jermyn, Adam and Conerly, Tom and Turner, Nick and Anil, Cem and Denison, Carson and Askell, Amanda and Lasenby, Robert and Wu, Yifan and Kravec, Shauna and Schiefer, Nicholas and Maxwell, Tim and Joseph, Nicholas and Hatfield-Dodds, Zac and Tamkin, Alex and Nguyen, Karina and McLean, Brayden and Burke, Josiah E and Hume, Tristan and Carter, Shan and Henighan, Tom and Olah, Christopher},
       year={2023},
       journal={Transformer Circuits Thread},
       url={https://transformer-circuits.pub/2023/monosemantic-features/index.html}
    }
@article{Cunningham2023SparseAF,
  title={Sparse Autoencoders Find Highly Interpretable Features in Language Models},
  author={Hoagy Cunningham and Aidan Ewart and Logan Riggs and Robert Huben and Lee Sharkey},
  journal={ArXiv},
  year={2023},
  volume={abs/2309.08600},
  url={https://api.semanticscholar.org/CorpusID:261934663}
}
@misc{bills2023language,
         title={Language models can explain neurons in language models},
         author={
            Bills, Steven and Cammarata, Nick and Mossing, Dan and Tillman, Henk and Gao, Leo and Goh, Gabriel and Sutskever, Ilya and Leike, Jan and Wu, Jeff and Saunders, William
         },
         year={2023},
         howpublished = {\url{https://openaipublic.blob.core.windows.net/neuron-explainer/paper/index.html}}
      }

@inproceedings{TheC3,
  title={The Claude 3 Model Family: Opus, Sonnet, Haiku},
  author={Anthropic},
  url={https://api.semanticscholar.org/CorpusID:268232499},
         year={2024},
}
@inproceedings{NEURIPS2023_fd661313,
 author = {Wei, Alexander and Haghtalab, Nika and Steinhardt, Jacob},
 booktitle = {Advances in Neural Information Processing Systems},
 editor = {A. Oh and T. Naumann and A. Globerson and K. Saenko and M. Hardt and S. Levine},
 pages = {80079--80110},
 publisher = {Curran Associates, Inc.},
 title = {Jailbroken: How Does LLM Safety Training Fail?},
 url = {https://proceedings.neurips.cc/paper_files/paper/2023/file/fd6613131889a4b656206c50a8bd7790-Paper-Conference.pdf},
 volume = {36},
 year = {2023}
}
@article{radford2019language,
  title={Language models are unsupervised multitask learners},
  author={Radford, Alec and Wu, Jeffrey and Child, Rewon and Luan, David and Amodei, Dario and Sutskever, Ilya and others},
  journal={OpenAI blog},
  volume={1},
  number={8},
  pages={9},
  year={2019}
}

@article{elazar2021measuring-dataset,
    address = {Cambridge, MA},
    author = {Elazar, Yanai  and
Kassner, Nora  and
Ravfogel, Shauli  and
Ravichander, Abhilasha  and
Hovy, Eduard  and
Sch{\"u}tze, Hinrich  and
Goldberg, Yoav},
    doi = {10.1162/tacl_a_00410},
    journal = {Transactions of the Association for Computational Linguistics},
    pages = {1012--1031},
    publisher = {MIT Press},
    title = {Measuring and Improving Consistency in Pretrained Language Models},
    url = {https://aclanthology.org/2021.tacl-1.60},
    volume = {9},
    year = {2021}
}

@inproceedings{geva-etal-2021-transformer,
    title = "Transformer Feed-Forward Layers Are Key-Value Memories",
    author = "Geva, Mor  and
      Schuster, Roei  and
      Berant, Jonathan  and
      Levy, Omer",
    editor = "Moens, Marie-Francine  and
      Huang, Xuanjing  and
      Specia, Lucia  and
      Yih, Scott Wen-tau",
    booktitle = "Proceedings of the 2021 Conference on Empirical Methods in Natural Language Processing",
    month = nov,
    year = "2021",
    address = "Online and Punta Cana, Dominican Republic",
    publisher = "Association for Computational Linguistics",
    url = "https://aclanthology.org/2021.emnlp-main.446",
    doi = "10.18653/v1/2021.emnlp-main.446",
    pages = "5484--5495",
}

@article{meng2022locating,
  title={Locating and Editing Factual Associations in {GPT}},
  author={Kevin Meng and David Bau and Alex Andonian and Yonatan Belinkov},
  journal={Advances in Neural Information Processing Systems},
  volume={36},
  year={2022}
}
@inproceedings{meng2023massediting,
    author = {Kevin Meng and Arnab Sen Sharma and Alex J Andonian and Yonatan Belinkov and David Bau},
    booktitle = {The Eleventh International Conference on Learning Representations },
    title = {Mass-Editing Memory in a Transformer},
    url = {https://openreview.net/forum?id=MkbcAHIYgyS},
    year = {2023}
}

@inproceedings{li2024unveiling,
    author = {Zhoubo Li and Ningyu Zhang and Yunzhi Yao and Mengru Wang and Xi Chen and Huajun Chen},
    booktitle = {The Twelfth International Conference on Learning Representations},
    title = {Unveiling the Pitfalls of Knowledge Editing for Large Language Models},
    url = {https://openreview.net/forum?id=fNktD3ib16},
    year = {2024}
}
@inproceedings{yao-etal-2023-editing,
    address = {Singapore},
    author = {Yao, Yunzhi  and
Wang, Peng  and
Tian, Bozhong  and
Cheng, Siyuan  and
Li, Zhoubo  and
Deng, Shumin  and
Chen, Huajun  and
Zhang, Ningyu},
    booktitle = {Proceedings of the 2023 Conference on Empirical Methods in Natural Language Processing},
    doi = {10.18653/v1/2023.emnlp-main.632},
    editor = {Bouamor, Houda  and
Pino, Juan  and
Bali, Kalika},
    pages = {10222--10240},
    publisher = {Association for Computational Linguistics},
    title = {Editing Large Language Models: Problems, Methods, and Opportunities},
    url = {https://aclanthology.org/2023.emnlp-main.632},
    year = {2023}
}

@article{cohen2024evaluating,
  author={Roi Cohen and Eden Biran and Ori Yoran and Amir Globerson and Mor Geva},
  title={Evaluating the Ripple Effects of Knowledge Editing in Language Models},
  year={2024},
  cdate={1704067200000},
  journal={Trans. Assoc. Comput. Linguistics},
  volume={12},
  pages={283-298},
  url={https://doi.org/10.1162/tacl_a_00644}
}
@inproceedings{hoelscher2023detecting,
    address = {Toronto, Canada},
    author = {Hoelscher-Obermaier, Jason  and
Persson, Julia  and
Kran, Esben  and
Konstas, Ioannis  and
Barez, Fazl},
    booktitle = {Findings of the Association for Computational Linguistics: ACL 2023},
    doi = {10.18653/v1/2023.findings-acl.733},
    editor = {Rogers, Anna  and
Boyd-Graber, Jordan  and
Okazaki, Naoaki},
    pages = {11548--11559},
    publisher = {Association for Computational Linguistics},
    title = {Detecting Edit Failures In Large Language Models: An Improved Specificity Benchmark},
    url = {https://aclanthology.org/2023.findings-acl.733},
    year = {2023}
}
@inproceedings{zhao2023unveiling,
    title = "Unveiling Linguistic Regions in Large Language Models",
    author = "Zhang, Zhihao  and
      Zhao, Jun  and
      Zhang, Qi  and
      Gui, Tao  and
      Huang, Xuanjing",
    editor = "Ku, Lun-Wei  and
      Martins, Andre  and
      Srikumar, Vivek",
    booktitle = "Proceedings of the 62nd Annual Meeting of the Association for Computational Linguistics (Volume 1: Long Papers)",
    month = aug,
    year = "2024",
    address = "Bangkok, Thailand",
    publisher = "Association for Computational Linguistics",
    url = "https://aclanthology.org/2024.acl-long.338",
    doi = "10.18653/v1/2024.acl-long.338",
    pages = "6228--6247",
    
}

@inproceedings{pinter2023emptying,
    author = {Yuval Pinter and Michael Elhadad},
    booktitle = {The 2023 Conference on Empirical Methods in Natural Language Processing},
    title = {Emptying the Ocean with a Spoon: Should We Edit Models?},
    url = {https://openreview.net/forum?id=2wFVkTDGOZ},
    year = {2023}
}

@article{elhage2022superposition,
   title={Toy Models of Superposition},
   author={Elhage, Nelson and Hume, Tristan and Olsson, Catherine and Schiefer, Nicholas and Henighan, Tom and Kravec, Shauna and Hatfield-Dodds, Zac and Lasenby, Robert and Drain, Dawn and Chen, Carol and Grosse, Roger and McCandlish, Sam and Kaplan, Jared and Amodei, Dario and Wattenberg, Martin and Olah, Christopher},
   year={2022},
   journal={Transformer Circuits Thread},
   url={https://transformer-circuits.pub/2022/toy_model/index.html}
}


@article{rajamanoharan2024improving,
  title={Improving dictionary learning with gated sparse autoencoders},
  author={Rajamanoharan, Senthooran and Conmy, Arthur and Smith, Lewis and Lieberum, Tom and Varma, Vikrant and Kram{\'a}r, J{\'a}nos and Shah, Rohin and Nanda, Neel},
  journal={arXiv preprint arXiv:2404.16014},
  year={2024}
}
@article{gao2024scaling,
  title={Scaling and evaluating sparse autoencoders},
  author={Gao, Leo and la Tour, Tom Dupr{\'e} and Tillman, Henk and Goh, Gabriel and Troll, Rajan and Radford, Alec and Sutskever, Ilya and Leike, Jan and Wu, Jeffrey},
  journal={arXiv preprint arXiv:2406.04093},
  year={2024}
}
@inproceedings{huben2024sparse,
title={Sparse Autoencoders Find Highly Interpretable Features in Language Models},
author={Robert Huben and Hoagy Cunningham and Logan Riggs Smith and Aidan Ewart and Lee Sharkey},
booktitle={The Twelfth International Conference on Learning Representations},
year={2024},
url={https://openreview.net/forum?id=F76bwRSLeK}
}
    @article{templeton2024scaling,
       title={Scaling Monosemanticity: Extracting Interpretable Features from Claude 3 Sonnet},
       author={Templeton, Adly and Conerly, Tom and Marcus, Jonathan and Lindsey, Jack and Bricken, Trenton and Chen, Brian and Pearce, Adam and Citro, Craig and Ameisen, Emmanuel and Jones, Andy and Cunningham, Hoagy and Turner, Nicholas L and McDougall, Callum and MacDiarmid, Monte and Freeman, C. Daniel and Sumers, Theodore R. and Rees, Edward and Batson, Joshua and Jermyn, Adam and Carter, Shan and Olah, Chris and Henighan, Tom},
       year={2024},
       journal={Transformer Circuits Thread},
       url={https://transformer-circuits.pub/2024/scaling-monosemanticity/index.html}
    }

@inproceedings{lieberum-etal-2024-gemma,
    title = "Gemma Scope: Open Sparse Autoencoders Everywhere All At Once on Gemma 2",
    author = "Lieberum, Tom  and
      Rajamanoharan, Senthooran  and
      Conmy, Arthur  and
      Smith, Lewis  and
      Sonnerat, Nicolas  and
      Varma, Vikrant  and
      Kramar, Janos  and
      Dragan, Anca  and
      Shah, Rohin  and
      Nanda, Neel",
    editor = "Belinkov, Yonatan  and
      Kim, Najoung  and
      Jumelet, Jaap  and
      Mohebbi, Hosein  and
      Mueller, Aaron  and
      Chen, Hanjie",
    booktitle = "Proceedings of the 7th BlackboxNLP Workshop: Analyzing and Interpreting Neural Networks for NLP",
    month = nov,
    year = "2024",
    address = "Miami, Florida, US",
    publisher = "Association for Computational Linguistics",
    url = "https://aclanthology.org/2024.blackboxnlp-1.19",
    doi = "10.18653/v1/2024.blackboxnlp-1.19",
    pages = "278--300",
}
@misc{gemmateam2024gemma2improvingopen,
      title={Gemma 2: Improving Open Language Models at a Practical Size}, 
      author={Gemma Team and Morgane Riviere and Shreya Pathak and Pier Giuseppe Sessa and Cassidy Hardin and Surya Bhupatiraju and Léonard Hussenot and Thomas Mesnard and Bobak Shahriari and Alexandre Ramé and Johan Ferret and Peter Liu and Pouya Tafti and Abe Friesen and Michelle Casbon and Sabela Ramos and Ravin Kumar and Charline Le Lan and Sammy Jerome and Anton Tsitsulin and Nino Vieillard and Piotr Stanczyk and Sertan Girgin and Nikola Momchev and Matt Hoffman and Shantanu Thakoor and Jean-Bastien Grill and Behnam Neyshabur and Olivier Bachem and Alanna Walton and Aliaksei Severyn and Alicia Parrish and Aliya Ahmad and Allen Hutchison and Alvin Abdagic and Amanda Carl and Amy Shen and Andy Brock and Andy Coenen and Anthony Laforge and Antonia Paterson and Ben Bastian and Bilal Piot and Bo Wu and Brandon Royal and Charlie Chen and Chintu Kumar and Chris Perry and Chris Welty and Christopher A. Choquette-Choo and Danila Sinopalnikov and David Weinberger and Dimple Vijaykumar and Dominika Rogozińska and Dustin Herbison and Elisa Bandy and Emma Wang and Eric Noland and Erica Moreira and Evan Senter and Evgenii Eltyshev and Francesco Visin and Gabriel Rasskin and Gary Wei and Glenn Cameron and Gus Martins and Hadi Hashemi and Hanna Klimczak-Plucińska and Harleen Batra and Harsh Dhand and Ivan Nardini and Jacinda Mein and Jack Zhou and James Svensson and Jeff Stanway and Jetha Chan and Jin Peng Zhou and Joana Carrasqueira and Joana Iljazi and Jocelyn Becker and Joe Fernandez and Joost van Amersfoort and Josh Gordon and Josh Lipschultz and Josh Newlan and Ju-yeong Ji and Kareem Mohamed and Kartikeya Badola and Kat Black and Katie Millican and Keelin McDonell and Kelvin Nguyen and Kiranbir Sodhia and Kish Greene and Lars Lowe Sjoesund and Lauren Usui and Laurent Sifre and Lena Heuermann and Leticia Lago and Lilly McNealus and Livio Baldini Soares and Logan Kilpatrick and Lucas Dixon and Luciano Martins and Machel Reid and Manvinder Singh and Mark Iverson and Martin Görner and Mat Velloso and Mateo Wirth and Matt Davidow and Matt Miller and Matthew Rahtz and Matthew Watson and Meg Risdal and Mehran Kazemi and Michael Moynihan and Ming Zhang and Minsuk Kahng and Minwoo Park and Mofi Rahman and Mohit Khatwani and Natalie Dao and Nenshad Bardoliwalla and Nesh Devanathan and Neta Dumai and Nilay Chauhan and Oscar Wahltinez and Pankil Botarda and Parker Barnes and Paul Barham and Paul Michel and Pengchong Jin and Petko Georgiev and Phil Culliton and Pradeep Kuppala and Ramona Comanescu and Ramona Merhej and Reena Jana and Reza Ardeshir Rokni and Rishabh Agarwal and Ryan Mullins and Samaneh Saadat and Sara Mc Carthy and Sarah Cogan and Sarah Perrin and Sébastien M. R. Arnold and Sebastian Krause and Shengyang Dai and Shruti Garg and Shruti Sheth and Sue Ronstrom and Susan Chan and Timothy Jordan and Ting Yu and Tom Eccles and Tom Hennigan and Tomas Kocisky and Tulsee Doshi and Vihan Jain and Vikas Yadav and Vilobh Meshram and Vishal Dharmadhikari and Warren Barkley and Wei Wei and Wenming Ye and Woohyun Han and Woosuk Kwon and Xiang Xu and Zhe Shen and Zhitao Gong and Zichuan Wei and Victor Cotruta and Phoebe Kirk and Anand Rao and Minh Giang and Ludovic Peran and Tris Warkentin and Eli Collins and Joelle Barral and Zoubin Ghahramani and Raia Hadsell and D. Sculley and Jeanine Banks and Anca Dragan and Slav Petrov and Oriol Vinyals and Jeff Dean and Demis Hassabis and Koray Kavukcuoglu and Clement Farabet and Elena Buchatskaya and Sebastian Borgeaud and Noah Fiedel and Armand Joulin and Kathleen Kenealy and Robert Dadashi and Alek Andreev},
      year={2024},
      eprint={2408.00118},
      archivePrefix={arXiv},
      primaryClass={cs.CL},
      url={https://arxiv.org/abs/2408.00118}, 
}