@article{bricken2023monosemanticity,
       title={Towards Monosemanticity: Decomposing Language Models With Dictionary Learning},
       author={Bricken, Trenton and Templeton, Adly and Batson, Joshua and Chen, Brian and Jermyn, Adam and Conerly, Tom and Turner, Nick and Anil, Cem and Denison, Carson and Askell, Amanda and Lasenby, Robert and Wu, Yifan and Kravec, Shauna and Schiefer, Nicholas and Maxwell, Tim and Joseph, Nicholas and Hatfield-Dodds, Zac and Tamkin, Alex and Nguyen, Karina and McLean, Brayden and Burke, Josiah E and Hume, Tristan and Carter, Shan and Henighan, Tom and Olah, Christopher},
       year={2023},
       journal={Transformer Circuits Thread},
       url={https://transformer-circuits.pub/2023/monosemantic-features/index.html}
    }

@misc{chen2024knowledgelocalizationmissionaccomplished,
      title={Knowledge Localization: Mission Not Accomplished? Enter Query Localization!}, 
      author={Yuheng Chen and Pengfei Cao and Yubo Chen and Kang Liu and Jun Zhao},
      year={2024},
      eprint={2405.14117},
      archivePrefix={arXiv},
      primaryClass={cs.CL},
      url={https://arxiv.org/abs/2405.14117}, 
}

@article{cohen2024evaluating,
  author={Roi Cohen and Eden Biran and Ori Yoran and Amir Globerson and Mor Geva},
  title={Evaluating the Ripple Effects of Knowledge Editing in Language Models},
  year={2024},
  cdate={1704067200000},
  journal={Trans. Assoc. Comput. Linguistics},
  volume={12},
  pages={283-298},
  url={https://doi.org/10.1162/tacl_a_00644}
}

@inproceedings{dai2022knowledge,
    address = {Dublin, Ireland},
    author = {Dai, Damai  and
Dong, Li  and
Hao, Yaru  and
Sui, Zhifang  and
Chang, Baobao  and
Wei, Furu},
    booktitle = {Proceedings of the 60th Annual Meeting of the Association for Computational Linguistics (Volume 1: Long Papers)},
    doi = {10.18653/v1/2022.acl-long.581},
    pages = {8493--8502},
    publisher = {Association for Computational Linguistics},
    title = {Knowledge Neurons in Pretrained Transformers},
    url = {https://aclanthology.org/2022.acl-long.581},
    year = {2022}
}

@article{elhage2022superposition,
   title={Toy Models of Superposition},
   author={Elhage, Nelson and Hume, Tristan and Olsson, Catherine and Schiefer, Nicholas and Henighan, Tom and Kravec, Shauna and Hatfield-Dodds, Zac and Lasenby, Robert and Drain, Dawn and Chen, Carol and Grosse, Roger and McCandlish, Sam and Kaplan, Jared and Amodei, Dario and Wattenberg, Martin and Olah, Christopher},
   year={2022},
   journal={Transformer Circuits Thread},
   url={https://transformer-circuits.pub/2022/toy_model/index.html}
}

@article{gao2024scaling,
  title={Scaling and evaluating sparse autoencoders},
  author={Gao, Leo and la Tour, Tom Dupr{\'e} and Tillman, Henk and Goh, Gabriel and Troll, Rajan and Radford, Alec and Sutskever, Ilya and Leike, Jan and Wu, Jeffrey},
  journal={arXiv preprint arXiv:2406.04093},
  year={2024}
}

@inproceedings{geva-etal-2021-transformer,
    title = "Transformer Feed-Forward Layers Are Key-Value Memories",
    author = "Geva, Mor  and
      Schuster, Roei  and
      Berant, Jonathan  and
      Levy, Omer",
    editor = "Moens, Marie-Francine  and
      Huang, Xuanjing  and
      Specia, Lucia  and
      Yih, Scott Wen-tau",
    booktitle = "Proceedings of the 2021 Conference on Empirical Methods in Natural Language Processing",
    month = nov,
    year = "2021",
    address = "Online and Punta Cana, Dominican Republic",
    publisher = "Association for Computational Linguistics",
    url = "https://aclanthology.org/2021.emnlp-main.446",
    doi = "10.18653/v1/2021.emnlp-main.446",
    pages = "5484--5495",
}

@inproceedings{hase2023does,
    author = {Peter Hase and Mohit Bansal and Been Kim and Asma Ghandeharioun},
    booktitle = {Thirty-seventh Conference on Neural Information Processing Systems},
    title = {Does Localization Inform Editing? Surprising Differences in Causality-Based Localization vs. Knowledge Editing in Language Models},
    url = {https://openreview.net/forum?id=EldbUlZtbd},
    year = {2023}
}

@inproceedings{hoelscher2023detecting,
    address = {Toronto, Canada},
    author = {Hoelscher-Obermaier, Jason  and
Persson, Julia  and
Kran, Esben  and
Konstas, Ioannis  and
Barez, Fazl},
    booktitle = {Findings of the Association for Computational Linguistics: ACL 2023},
    doi = {10.18653/v1/2023.findings-acl.733},
    editor = {Rogers, Anna  and
Boyd-Graber, Jordan  and
Okazaki, Naoaki},
    pages = {11548--11559},
    publisher = {Association for Computational Linguistics},
    title = {Detecting Edit Failures In Large Language Models: An Improved Specificity Benchmark},
    url = {https://aclanthology.org/2023.findings-acl.733},
    year = {2023}
}

@inproceedings{huben2024sparse,
title={Sparse Autoencoders Find Highly Interpretable Features in Language Models},
author={Robert Huben and Hoagy Cunningham and Logan Riggs Smith and Aidan Ewart and Lee Sharkey},
booktitle={The Twelfth International Conference on Learning Representations},
year={2024},
url={https://openreview.net/forum?id=F76bwRSLeK}
}

@inproceedings{li2024unveiling,
    author = {Zhoubo Li and Ningyu Zhang and Yunzhi Yao and Mengru Wang and Xi Chen and Huajun Chen},
    booktitle = {The Twelfth International Conference on Learning Representations},
    title = {Unveiling the Pitfalls of Knowledge Editing for Large Language Models},
    url = {https://openreview.net/forum?id=fNktD3ib16},
    year = {2024}
}

@article{meng2022locating,
  title={Locating and Editing Factual Associations in {GPT}},
  author={Kevin Meng and David Bau and Alex Andonian and Yonatan Belinkov},
  journal={Advances in Neural Information Processing Systems},
  volume={36},
  year={2022}
}

@inproceedings{meng2023massediting,
    author = {Kevin Meng and Arnab Sen Sharma and Alex J Andonian and Yonatan Belinkov and David Bau},
    booktitle = {The Eleventh International Conference on Learning Representations },
    title = {Mass-Editing Memory in a Transformer},
    url = {https://openreview.net/forum?id=MkbcAHIYgyS},
    year = {2023}
}

@inproceedings{niu2024what,
    author = {Jingcheng Niu and Andrew Liu and Zining Zhu and Gerald Penn},
    booktitle = {The Twelfth International Conference on Learning Representations},
    title = {What does the Knowledge Neuron Thesis Have to do with Knowledge?},
    url = {https://openreview.net/forum?id=2HJRwwbV3G},
    year = {2024}
}

@inproceedings{pinter2023emptying,
    author = {Yuval Pinter and Michael Elhadad},
    booktitle = {The 2023 Conference on Empirical Methods in Natural Language Processing},
    title = {Emptying the Ocean with a Spoon: Should We Edit Models?},
    url = {https://openreview.net/forum?id=2wFVkTDGOZ},
    year = {2023}
}

@article{rajamanoharan2024improving,
  title={Improving dictionary learning with gated sparse autoencoders},
  author={Rajamanoharan, Senthooran and Conmy, Arthur and Smith, Lewis and Lieberum, Tom and Varma, Vikrant and Kram{\'a}r, J{\'a}nos and Shah, Rohin and Nanda, Neel},
  journal={arXiv preprint arXiv:2404.16014},
  year={2024}
}

@article{templeton2024scaling,
       title={Scaling Monosemanticity: Extracting Interpretable Features from Claude 3 Sonnet},
       author={Templeton, Adly and Conerly, Tom and Marcus, Jonathan and Lindsey, Jack and Bricken, Trenton and Chen, Brian and Pearce, Adam and Citro, Craig and Ameisen, Emmanuel and Jones, Andy and Cunningham, Hoagy and Turner, Nicholas L and McDougall, Callum and MacDiarmid, Monte and Freeman, C. Daniel and Sumers, Theodore R. and Rees, Edward and Batson, Joshua and Jermyn, Adam and Carter, Shan and Olah, Chris and Henighan, Tom},
       year={2024},
       journal={Transformer Circuits Thread},
       url={https://transformer-circuits.pub/2024/scaling-monosemanticity/index.html}
    }

@inproceedings{yao-etal-2023-editing,
    address = {Singapore},
    author = {Yao, Yunzhi  and
Wang, Peng  and
Tian, Bozhong  and
Cheng, Siyuan  and
Li, Zhoubo  and
Deng, Shumin  and
Chen, Huajun  and
Zhang, Ningyu},
    booktitle = {Proceedings of the 2023 Conference on Empirical Methods in Natural Language Processing},
    doi = {10.18653/v1/2023.emnlp-main.632},
    editor = {Bouamor, Houda  and
Pino, Juan  and
Bali, Kalika},
    pages = {10222--10240},
    publisher = {Association for Computational Linguistics},
    title = {Editing Large Language Models: Problems, Methods, and Opportunities},
    url = {https://aclanthology.org/2023.emnlp-main.632},
    year = {2023}
}

@inproceedings{zhao2023unveiling,
    title = "Unveiling Linguistic Regions in Large Language Models",
    author = "Zhang, Zhihao  and
      Zhao, Jun  and
      Zhang, Qi  and
      Gui, Tao  and
      Huang, Xuanjing",
    editor = "Ku, Lun-Wei  and
      Martins, Andre  and
      Srikumar, Vivek",
    booktitle = "Proceedings of the 62nd Annual Meeting of the Association for Computational Linguistics (Volume 1: Long Papers)",
    month = aug,
    year = "2024",
    address = "Bangkok, Thailand",
    publisher = "Association for Computational Linguistics",
    url = "https://aclanthology.org/2024.acl-long.338",
    doi = "10.18653/v1/2024.acl-long.338",
    pages = "6228--6247",
    
}

