@InProceedings{10.1007/978-3-319-46475-6_1,
author="Pinto, Lerrel
and Gandhi, Dhiraj
and Han, Yuanfeng
and Park, Yong-Lae
and Gupta, Abhinav",
editor="Leibe, Bastian
and Matas, Jiri
and Sebe, Nicu
and Welling, Max",
title="The Curious Robot: Learning Visual Representations via Physical Interactions",
booktitle="Computer Vision -- ECCV 2016",
year="2016",
publisher="Springer International Publishing",
address="Cham",
pages="3--18"
}

@INPROCEEDINGS{10160731,
  author={Yao, Shaoxiong and Hauser, Kris},
  booktitle={2023 IEEE International Conference on Robotics and Automation (ICRA)}, 
  title={Estimating Tactile Models of Heterogeneous Deformable Objects in Real Time}, 
  year={2023},
  volume={},
  number={},
  pages={12583-12589},
  keywords={Deformable models;Visualization;Torque;Deformation;Force;Tactile sensors;Real-time systems},
  doi={10.1109/ICRA48891.2023.10160731}}

@inproceedings{Huang2DGS2024,
    title={2D Gaussian Splatting for Geometrically Accurate Radiance Fields},
    author={Huang, Binbin and Yu, Zehao and Chen, Anpei and Geiger, Andreas and Gao, Shenghua},
    publisher = {Association for Computing Machinery},
    booktitle = {SIGGRAPH 2024 Conference Papers},
    year      = {2024},
    doi       = {10.1145/3641519.3657428}
}

@inproceedings{NIPS2015_d09bf415,
 author = {Wu, Jiajun and Yildirim, Ilker and Lim, Joseph J and Freeman, Bill and Tenenbaum, Josh},
 booktitle = {Advances in Neural Information Processing Systems},
 editor = {C. Cortes and N. Lawrence and D. Lee and M. Sugiyama and R. Garnett},
 pages = {},
 publisher = {Curran Associates, Inc.},
 title = {Galileo: Perceiving Physical Object Properties by Integrating a Physics Engine with Deep Learning},
 url = {https://proceedings.neurips.cc/paper_files/paper/2015/file/d09bf41544a3365a46c9077ebb5e35c3-Paper.pdf},
 volume = {28},
 year = {2015}
}

@inproceedings{Yuan_2024,
   title={SlimmeRF: Slimmable Radiance Fields},
   url={http://dx.doi.org/10.1109/3DV62453.2024.00143},
   DOI={10.1109/3dv62453.2024.00143},
   booktitle={2024 International Conference on 3D Vision (3DV)},
   publisher={IEEE},
   author={Yuan, Shiran and Zhao, Hao},
   year={2024},
   month=mar, pages={64â€“74} }

@misc{chen2023nerrf3dreconstructionview,
      title={NeRRF: 3D Reconstruction and View Synthesis for Transparent and Specular Objects with Neural Refractive-Reflective Fields}, 
      author={Xiaoxue Chen and Junchen Liu and Hao Zhao and Guyue Zhou and Ya-Qin Zhang},
      year={2023},
      eprint={2309.13039},
      archivePrefix={arXiv},
      primaryClass={cs.CV},
      url={https://arxiv.org/abs/2309.13039}, 
}

@article{chen2024pgsr,
title={PGSR: Planar-based Gaussian Splatting for Efficient and High-Fidelity Surface Reconstruction},
author={Danpeng Chen and Hai Li and Weicai Ye and Yifan Wang and Weijian Xie and Shangjin Zhai and Nan Wang and Haomin Liu and Hujun Bao and Guofeng Zhang},
  booktitle={arxiv preprint arxiv:2406.06521}, 
  year={2024}
}

@inproceedings{chen23polarnet,
    author    = {Shizhe Chen and Ricardo Garcia and Cordelia Schmid and Ivan Laptev},
    title     = {PolarNet: 3D Point Clouds for Language-Guided Robotic Manipulation},
    booktitle = {Conference on Robotic Learning (CoRL)},
    year      = {2023}
}

@article{guedon2023sugar,
        title={SuGaR: Surface-Aligned Gaussian Splatting for Efficient 3D Mesh Reconstruction and High-Quality Mesh Rendering},
        author={Gu{\'e}don, Antoine and Lepetit, Vincent},
        journal={CVPR},
        year={2024}
}

@article{huang2023voxposer,
      title={VoxPoser: Composable 3D Value Maps for Robotic Manipulation with Language Models},
      author={Huang, Wenlong and Wang, Chen and Zhang, Ruohan and Li, Yunzhu and Wu, Jiajun and Fei-Fei, Li},
      journal={arXiv preprint arXiv:2307.05973},
      year={2023}
}

@software{ilharco_gabriel_2021_5143773,
  author       = {Ilharco, Gabriel and
                  Wortsman, Mitchell and
                  Wightman, Ross and
                  Gordon, Cade and
                  Carlini, Nicholas and
                  Taori, Rohan and
                  Dave, Achal and
                  Shankar, Vaishaal and
                  Namkoong, Hongseok and
                  Miller, John and
                  Hajishirzi, Hannaneh and
                  Farhadi, Ali and
                  Schmidt, Ludwig},
  title        = {OpenCLIP},
  month        = jul,
  year         = 2021,
  note         = {If you use this software, please cite it as below.},
  publisher    = {Zenodo},
  version      = {0.1},
  doi          = {10.5281/zenodo.5143773},
  url          = {https://doi.org/10.5281/zenodo.5143773}
}

@Article{kerbl3Dgaussians,
      author       = {Kerbl, Bernhard and Kopanas, Georgios and Leimk{\"u}hler, Thomas and Drettakis, George},
      title        = {3D Gaussian Splatting for Real-Time Radiance Field Rendering},
      journal      = {ACM Transactions on Graphics},
      number       = {4},
      volume       = {42},
      month        = {July},
      year         = {2023},
      url          = {https://repo-sam.inria.fr/fungraph/3d-gaussian-splatting/}
}

@inproceedings{kerr2023lerf,
  title={Lerf: Language embedded radiance fields},
  author={Kerr, Justin and Kim, Chung Min and Goldberg, Ken and Kanazawa, Angjoo and Tancik, Matthew},
  booktitle={Proceedings of the IEEE/CVF International Conference on Computer Vision},
  pages={19729--19739},
  year={2023}
}

@inproceedings{li2018learning,
    Title={Learning Particle Dynamics for Manipulating Rigid Bodies, Deformable Objects, and Fluids},
    Author={Li, Yunzhu and Wu, Jiajun and Tedrake, Russ and Tenenbaum, Joshua B and Torralba, Antonio},
    Booktitle = {ICLR},
    Year = {2019}
}

@inproceedings{li2023blip,
  title={Blip-2: Bootstrapping language-image pre-training with frozen image encoders and large language models},
  author={Li, Junnan and Li, Dongxu and Savarese, Silvio and Hoi, Steven},
  booktitle={International conference on machine learning},
  pages={19730--19742},
  year={2023},
  organization={PMLR}
}

@inproceedings{liu2024ripnerf,
    title={Rip-NeRF: Anti-aliasing Radiance Fields with Ripmap-Encoded Platonic Solids},
    author={Liu, Junchen and Hu, Wenbo and Yang, Zhuo and Chen, Jianteng and Wang, Guoliang and Chen, Xiaoxue and Cai, Yantong and Gao, Huan-ang and Zhao, Hao},
    year={2024},
    booktitle={SIGGRAPH'24 Conference Proceedings},
}

@inproceedings{mildenhall2020nerf,
 title={NeRF: Representing Scenes as Neural Radiance Fields for View Synthesis},
 author={Ben Mildenhall and Pratul P. Srinivasan and Matthew Tancik and Jonathan T. Barron and Ravi Ramamoorthi and Ren Ng},
 year={2020},
 booktitle={ECCV},
}

@inproceedings{moo2023arxiv,
    title={Open-World Object Manipulation using Pre-Trained Vision-Language Models},
    author={Austin Stone and Ted Xiao and Yao Lu and Keerthana Gopalakrishnan and Kuang-Huei Lee and Quan Vuong and Paul Wohlhart and Sean Kirmani and Brianna Zitkovich and Fei Xia and Chelsea Finn and Karol Hausman},
    booktitle={Conference on Robotic Learning (CoRL)},
    year={2023}
}

@inproceedings{peng2024synctalk,
  title={Synctalk: The devil is in the synchronization for talking head synthesis},
  author={Peng, Ziqiao and Hu, Wentao and Shi, Yue and Zhu, Xiangyu and Zhang, Xiaomei and Zhao, Hao and He, Jun and Liu, Hongyan and Fan, Zhaoxin},
  booktitle={Proceedings of the IEEE/CVF Conference on Computer Vision and Pattern Recognition},
  pages={666--676},
  year={2024}
}

@inproceedings{qin2024langsplat,
  title={Langsplat: 3d language gaussian splatting},
  author={Qin, Minghan and Li, Wanhua and Zhou, Jiawei and Wang, Haoqian and Pfister, Hanspeter},
  booktitle={Proceedings of the IEEE/CVF Conference on Computer Vision and Pattern Recognition},
  pages={20051--20060},
  year={2024}
}

@inproceedings{rt22023arxiv,
    title={RT-2: Vision-Language-Action Models Transfer Web Knowledge to Robotic Control},
    author={Anthony Brohan and Noah Brown and Justice Carbajal and Yevgen Chebotar and Xi Chen and Krzysztof Choromanski and Tianli Ding and Danny Driess and Avinava Dubey and Chelsea Finn and Pete Florence and Chuyuan Fu and Montse Gonzalez Arenas and Keerthana Gopalakrishnan and Kehang Han and Karol Hausman and Alex Herzog and Jasmine Hsu and Brian Ichter and Alex Irpan and Nikhil Joshi and Ryan Julian and Dmitry Kalashnikov and Yuheng Kuang and Isabel Leal  and Lisa Lee and Tsang-Wei Edward Lee and Sergey Levine and Yao Lu and Henryk Michalewski and Igor Mordatch and Karl Pertsch and Kanishka Rao and Krista Reymann and Michael Ryoo and Grecia Salazar and Pannag Sanketi and Pierre Sermanet and Jaspiar Singh and Anikait Singh and Radu Soricut and Huong Tran and Vincent Vanhoucke and Quan Vuong and Ayzaan Wahid and Stefan Welker and Paul Wohlhart and  Jialin Wu and Fei Xia and Ted Xiao and Peng Xu and Sichun Xu and Tianhe Yu and Brianna Zitkovich},
    booktitle={arXiv preprint arXiv:2307.15818},
    year={2023}
}

@inproceedings{shi2023robocook,
  Title={RoboCook: Long-Horizon Elasto-Plastic Object Manipulation with Diverse Tools}, 
  Author={Shi, Haochen and Xu, Huazhe and Clarke, Samuel and Li, Yunzhu and Wu, Jiajun},
  Booktitle = {Conference on Robotic Learning (CoRL)},
  Year = {2023},
}

@article{song2024sa,
  title={SA-GS: Scale-Adaptive Gaussian Splatting for Training-Free Anti-Aliasing},
  author={Song, Xiaowei and Zheng, Jv and Yuan, Shiran and Gao, Huan-ang and Zhao, Jingwei and He, Xiang and Gu, Weihao and Zhao, Hao},
  journal={arXiv preprint arXiv:2403.19615},
  year={2024}
}

@article{wu2023mars,
  author    = {Wu, Zirui and Liu, Tianyu and Luo, Liyi and Zhong, Zhide and Chen, Jianteng and Xiao, Hongmin and Hou, Chao and Lou, Haozhe and Chen, Yuantao and Yang, Runyi and Huang, Yuxin and Ye, Xiaoyu and Yan, Zike and Shi, Yongliang and Liao, Yiyi and Zhao, Hao},
  title     = {MARS: An Instance-aware, Modular and Realistic Simulator for Autonomous Driving},
  journal   = {CICAI},
  year      = {2023},
}

@article{yu2024octopi,
    title={Octopi: Object Property Reasoning with Large Tactile-Language Models},
    author={Yu, Samson and Lin, Kelvin and Xiao, Anxing and Duan, Jiafei and Soh, Harold},
    journal={arXiv preprint arXiv:2405.02794},
    year={2024}
}

@inproceedings{zhai2024physical,
  title={Physical Property Understanding from Language-Embedded Feature Fields},
  author={Zhai, Albert J and Shen, Yuan and Chen, Emily Y and Wang, Gloria X and Wang, Xinlei and Wang, Sheng and Guan, Kaiyu and Wang, Shenlong},
  booktitle={Proceedings of the IEEE/CVF Conference on Computer Vision and Pattern Recognition},
  pages={28296--28305},
  year={2024}
}

@inproceedings{zhang2024adaptigraph,
      title={AdaptiGraph: Material-Adaptive Graph-Based Neural Dynamics for Robotic Manipulation},
      author={Zhang, Kaifeng and Li, Baoyu and Hauser, Kris and Li, Yunzhu},
      booktitle={Proceedings of Robotics: Science and Systems (RSS)},
      year={2024}
}

@misc{zhang2024droneassistedroadgaussiansplatting,
      title={Drone-assisted Road Gaussian Splatting with Cross-view Uncertainty}, 
      author={Saining Zhang and Baijun Ye and Xiaoxue Chen and Yuantao Chen and Zongzheng Zhang and Cheng Peng and Yongliang Shi and Hao Zhao},
      year={2024},
      eprint={2408.15242},
      archivePrefix={arXiv},
      primaryClass={cs.CV},
      url={https://arxiv.org/abs/2408.15242}, 
}

@misc{zhang2024radegsrasterizingdepthgaussian,
      title={RaDe-GS: Rasterizing Depth in Gaussian Splatting}, 
      author={Baowen Zhang and Chuan Fang and Rakesh Shrestha and Yixun Liang and Xiaoxiao Long and Ping Tan},
      year={2024},
      eprint={2406.01467},
      archivePrefix={arXiv},
      primaryClass={cs.GR},
      url={https://arxiv.org/abs/2406.01467}, 
}

@inproceedings{zhou2024feature,
  title={Feature 3dgs: Supercharging 3d gaussian splatting to enable distilled feature fields},
  author={Zhou, Shijie and Chang, Haoran and Jiang, Sicheng and Fan, Zhiwen and Zhu, Zehao and Xu, Dejia and Chari, Pradyumna and You, Suya and Wang, Zhangyang and Kadambi, Achuta},
  booktitle={Proceedings of the IEEE/CVF Conference on Computer Vision and Pattern Recognition},
  pages={21676--21685},
  year={2024}
}

@inproceedings{zhou2024navgpt,
  title={Navgpt: Explicit reasoning in vision-and-language navigation with large language models},
  author={Zhou, Gengze and Hong, Yicong and Wu, Qi},
  booktitle={Proceedings of the AAAI Conference on Artificial Intelligence},
  volume={38},
  number={7},
  pages={7641--7649},
  year={2024}
}

@article{zhu2023minigpt,
  title={Minigpt-4: Enhancing vision-language understanding with advanced large language models},
  author={Zhu, Deyao and Chen, Jun and Shen, Xiaoqian and Li, Xiang and Elhoseiny, Mohamed},
  journal={arXiv preprint arXiv:2304.10592},
  year={2023}
}

