@inproceedings{DBLP:conf/ipco/CardinalS23,
  author       = {Jean Cardinal and
                  Raphael Steiner},
  editor       = {Alberto Del Pia and
                  Volker Kaibel},
  title        = {Inapproximability of Shortest Paths on Perfect Matching Polytopes},
  booktitle    = {Integer Programming and Combinatorial Optimization - 24th International
                  Conference, {IPCO} 2023, Madison, WI, USA, June 21-23, 2023, Proceedings},
  series       = {Lecture Notes in Computer Science},
  volume       = {13904},
  pages        = {72--86},
  publisher    = {Springer},
  year         = {2023},
  url          = {https://doi.org/10.1007/978-3-031-32726-1\_6},
  doi          = {10.1007/978-3-031-32726-1\_6},
  timestamp    = {Fri, 02 Jun 2023 21:23:59 +0200},
  biburl       = {https://dblp.org/rec/conf/ipco/CardinalS23.bib},
  bibsource    = {dblp computer science bibliography, https://dblp.org}
}

@inproceedings{DBLP:conf/sofsem/GuptaKM19,
  author       = {Manoj Gupta and
                  Hitesh Kumar and
                  Neeldhara Misra},
  editor       = {Barbara Catania and
                  Rastislav Kr{\'{a}}lovic and
                  Jerzy R. Nawrocki and
                  Giovanni Pighizzini},
  title        = {On the Complexity of Optimal Matching Reconfiguration},
  booktitle    = {{SOFSEM} 2019: Theory and Practice of Computer Science - 45th International
                  Conference on Current Trends in Theory and Practice of Computer Science,
                  Nov{\'{y}} Smokovec, Slovakia, January 27-30, 2019, Proceedings},
  series       = {Lecture Notes in Computer Science},
  volume       = {11376},
  pages        = {221--233},
  publisher    = {Springer},
  year         = {2019},
  url          = {https://doi.org/10.1007/978-3-030-10801-4\_18},
  doi          = {10.1007/978-3-030-10801-4\_18},
  timestamp    = {Mon, 30 Mar 2020 13:31:11 +0200},
  biburl       = {https://dblp.org/rec/conf/sofsem/GuptaKM19.bib},
  bibsource    = {dblp computer science bibliography, https://dblp.org}
}

@inproceedings{DBLP:conf/wg/BousquetHIM19,
  author       = {Nicolas Bousquet and
                  Tatsuhiko Hatanaka and
                  Takehiro Ito and
                  Moritz M{\"{u}}hlenthaler},
  editor       = {Ignasi Sau and
                  Dimitrios M. Thilikos},
  title        = {Shortest Reconfiguration of Matchings},
  booktitle    = {Graph-Theoretic Concepts in Computer Science - 45th International
                  Workshop, {WG} 2019, Vall de N{\'{u}}ria, Spain, June 19-21,
                  2019, Revised Papers},
  series       = {Lecture Notes in Computer Science},
  volume       = {11789},
  pages        = {162--174},
  publisher    = {Springer},
  year         = {2019},
  url          = {https://doi.org/10.1007/978-3-030-30786-8\_13},
  doi          = {10.1007/978-3-030-30786-8\_13},
  timestamp    = {Tue, 29 Dec 2020 18:38:49 +0100},
  biburl       = {https://dblp.org/rec/conf/wg/BousquetHIM19.bib},
  bibsource    = {dblp computer science bibliography, https://dblp.org}
}

@article{DBLP:journals/algorithmica/AichholzerCHKMS21,
  author       = {Oswin Aichholzer and
                  Jean Cardinal and
                  Tony Huynh and
                  Kolja Knauer and
                  Torsten M{\"{u}}tze and
                  Raphael Steiner and
                  Birgit Vogtenhuber},
  title        = {Flip Distances Between Graph Orientations},
  journal      = {Algorithmica},
  volume       = {83},
  number       = {1},
  pages        = {116--143},
  year         = {2021},
  url          = {https://doi.org/10.1007/s00453-020-00751-1},
  doi          = {10.1007/S00453-020-00751-1},
  timestamp    = {Tue, 07 May 2024 20:19:52 +0200},
  biburl       = {https://dblp.org/rec/journals/algorithmica/AichholzerCHKMS21.bib},
  bibsource    = {dblp computer science bibliography, https://dblp.org}
}

@article{DBLP:journals/siamdm/ItoKKKO22,
  author       = {Takehiro Ito and
                  Naonori Kakimura and
                  Naoyuki Kamiyama and
                  Yusuke Kobayashi and
                  Yoshio Okamoto},
  title        = {Shortest Reconfiguration of Perfect Matchings via Alternating Cycles},
  journal      = {{SIAM} J. Discret. Math.},
  volume       = {36},
  number       = {2},
  pages        = {1102--1123},
  year         = {2022},
  url          = {https://doi.org/10.1137/20m1364370},
  doi          = {10.1137/20M1364370},
  timestamp    = {Mon, 25 Jul 2022 08:40:36 +0200},
  biburl       = {https://dblp.org/rec/journals/siamdm/ItoKKKO22.bib},
  bibsource    = {dblp computer science bibliography, https://dblp.org}
}

@article{DBLP:journals/tcs/ItoDHPSUU11,
  author       = {Takehiro Ito and
                  Erik D. Demaine and
                  Nicholas J. A. Harvey and
                  Christos H. Papadimitriou and
                  Martha Sideri and
                  Ryuhei Uehara and
                  Yushi Uno},
  title        = {On the complexity of reconfiguration problems},
  journal      = {Theor. Comput. Sci.},
  volume       = {412},
  number       = {12-14},
  pages        = {1054--1065},
  year         = {2011},
  url          = {https://doi.org/10.1016/j.tcs.2010.12.005},
  doi          = {10.1016/J.TCS.2010.12.005},
  timestamp    = {Mon, 28 Aug 2023 21:31:25 +0200},
  biburl       = {https://dblp.org/rec/journals/tcs/ItoDHPSUU11.bib},
  bibsource    = {dblp computer science bibliography, https://dblp.org}
}

@article{binucci2025flipping,
  title={Flipping Matchings is Hard},
  author={Binucci, Carla and Montecchiani, Fabrizio and Perz, Daniel and Tappini, Alessandra},
  journal={arXiv preprint arXiv:2503.02842},
  year={2025}
}

@inproceedings{bonamy2019perfect,
  title={The Perfect Matching Reconfiguration Problem},
  author={Bonamy, Marthe and Bousquet, Nicolas and Heinrich, Marc and Ito, Takehiro and Kobayashi, Yusuke and Mary, Arnaud and M{\"u}hlenthaler, Moritz and Wasa, Kunihiro},
  booktitle={44th International Symposium on Mathematical Foundations of Computer Science (MFCS 2019)},
  year={2019},
  organization={Schloss Dagstuhl--Leibniz-Zentrum f{\"u}r Informatik}
}

@article{borgwardt2025hardness,
  title={On the hardness of short and sign-compatible circuit walks},
  author={Borgwardt, Steffen and Grewe, Weston and Kafer, Sean and Lee, Jon and Sanit{\`a}, Laura},
  journal={Discrete Applied Mathematics},
  volume={367},
  pages={129--149},
  year={2025},
  publisher={Elsevier}
}

@article{cardinal2023shortest,
  title={Shortest paths on polymatroids and hypergraphic polytopes},
  author={Cardinal, Jean and Steiner, Raphael},
  journal={arXiv preprint arXiv:2311.00779},
  year={2023}
}

@article{kaminski2012complexity,
  title={Complexity of independent set reconfigurability problems},
  author={Kami{\'n}ski, Marcin and Medvedev, Paul and Milani{\v{c}}, Martin},
  journal={Theoretical computer science},
  volume={439},
  pages={9--15},
  year={2012},
  publisher={Elsevier}
}

@inproceedings{nobel2025complexity,
  title={Complexity of polytope diameters via perfect matchings},
  author={N{\"o}bel, Christian and Steiner, Raphael},
  booktitle={Proceedings of the 2025 Annual ACM-SIAM Symposium on Discrete Algorithms (SODA)},
  pages={2234--2251},
  year={2025},
  organization={SIAM}
}

