@inproceedings{DBLP:conf/focs/Sanita18,
  author       = {Laura Sanit{\`{a}}},
  editor       = {Mikkel Thorup},
  title        = {The Diameter of the Fractional Matching Polytope and Its Hardness
                  Implications},
  booktitle    = {59th {IEEE} Annual Symposium on Foundations of Computer Science, {FOCS}
                  2018, Paris, France, October 7-9, 2018},
  pages        = {910--921},
  publisher    = {{IEEE} Computer Society},
  year         = {2018},
  url          = {https://doi.org/10.1109/FOCS.2018.00090},
  doi          = {10.1109/FOCS.2018.00090},
  timestamp    = {Thu, 23 Mar 2023 23:57:54 +0100},
  biburl       = {https://dblp.org/rec/conf/focs/Sanita18.bib},
  bibsource    = {dblp computer science bibliography, https://dblp.org}
}

@inproceedings{nobel2025complexity,
  title={Complexity of polytope diameters via perfect matchings},
  author={N{\"o}bel, Christian and Steiner, Raphael},
  booktitle={Proceedings of the 2025 Annual ACM-SIAM Symposium on Discrete Algorithms (SODA)},
  pages={2234--2251},
  year={2025},
  organization={SIAM}
}

@inproceedings{DBLP:conf/dagstuhl/KaibelP03,
  author       = {Volker Kaibel and
                  Marc E. Pfetsch},
  editor       = {Michael Joswig and
                  Nobuki Takayama},
  title        = {Some Algorithmic Problems in Polytope Theory},
  booktitle    = {Algebra, Geometry, and Software Systems [outcome of a Dagstuhl seminar]},
  pages        = {23--47},
  publisher    = {Springer},
  year         = {2003},
  timestamp    = {Tue, 15 Jul 2003 15:28:46 +0200},
  biburl       = {https://dblp.org/rec/conf/dagstuhl/KaibelP03.bib},
  bibsource    = {dblp computer science bibliography, https://dblp.org}
}

@article{grune2024completeness,
  title={Completeness in the Polynomial Hierarchy for many natural Problems in Bilevel and Robust Optimization},
  author={Gr{\"u}ne, Christoph and Wulf, Lasse},
  journal={arXiv preprint arXiv:2311.10540},
  year={2024}
}

@article{DBLP:journals/tcs/Stockmeyer76,
  author       = {Larry J. Stockmeyer},
  title        = {The Polynomial-Time Hierarchy},
  journal      = {Theor. Comput. Sci.},
  volume       = {3},
  number       = {1},
  pages        = {1--22},
  year         = {1976},
  url          = {https://doi.org/10.1016/0304-3975(76)90061-X},
  doi          = {10.1016/0304-3975(76)90061-X},
  timestamp    = {Wed, 17 Feb 2021 21:57:23 +0100},
  biburl       = {https://dblp.org/rec/journals/tcs/Stockmeyer76.bib},
  bibsource    = {dblp computer science bibliography, https://dblp.org}
}

@article{plesn1979np,
  author       = {J{\'{a}}n Plesn{\'{\i}}k},
  title        = {The {NP}-Completeness of the {Hamiltonian} Cycle Problem in Planar Digraphs
                  with Degree Bound Two},
  journal      = {Inf. Process. Lett.},
  volume       = {8},
  number       = {4},
  pages        = {199--201},
  year         = {1979},
  url          = {https://doi.org/10.1016/0020-0190(79)90023-1},
  doi          = {10.1016/0020-0190(79)90023-1},
  timestamp    = {Wed, 14 Nov 2018 10:49:27 +0100},
  biburl       = {https://dblp.org/rec/journals/ipl/Plesnik79.bib},
  bibsource    = {dblp computer science bibliography, https://dblp.org}
}

@article{DBLP:journals/eccc/ECCC-TR04-065,
  author       = {Luca Trevisan},
  title        = {Inapproximability of Combinatorial Optimization Problems},
  journal      = {Electron. Colloquium Comput. Complex.},
  volume       = {{TR04-065}},
  year         = {2004},
  url          = {https://eccc.weizmann.ac.il/eccc-reports/2004/TR04-065/index.html},
  eprinttype    = {ECCC},
  eprint       = {TR04-065},
  timestamp    = {Wed, 28 Sep 2022 15:27:24 +0200},
  biburl       = {https://dblp.org/rec/journals/eccc/ECCC-TR04-065.bib},
  bibsource    = {dblp computer science bibliography, https://dblp.org}
}

@book{arora1994probabilistic,
  title={Probabilistic checking of proofs and hardness of approximation problems},
  author={Arora, Sanjeev},
  year={1994},
  publisher={University of California, Berkeley}
}

@article{arora1998proof,
  title={Proof verification and the hardness of approximation problems},
  author={Arora, Sanjeev and Lund, Carsten and Motwani, Rajeev and Sudan, Madhu and Szegedy, Mario},
  journal={Journal of the ACM (JACM)},
  volume={45},
  number={3},
  pages={501--555},
  year={1998},
  publisher={ACM New York, NY, USA}
}

@article{DBLP:journals/mp/Jeroslow85,
  author       = {Robert G. Jeroslow},
  title        = {The polynomial hierarchy and a simple model for competitive analysis},
  journal      = {Math. Program.},
  volume       = {32},
  number       = {2},
  pages        = {146--164},
  year         = {1985},
  url          = {https://doi.org/10.1007/BF01586088},
  doi          = {10.1007/BF01586088},
  timestamp    = {Sat, 27 May 2017 14:25:33 +0200},
  biburl       = {https://dblp.org/rec/journals/mp/Jeroslow85.bib},
  bibsource    = {dblp computer science bibliography, https://dblp.org}
}

@book{DBLP:books/daglib/0072413,
  author       = {Christos H. Papadimitriou},
  title        = {Computational complexity},
  publisher    = {Addison-Wesley},
  year         = {1994},
  isbn         = {978-0-201-53082-7},
  timestamp    = {Fri, 08 Apr 2011 18:21:01 +0200},
  biburl       = {https://dblp.org/rec/books/daglib/0072413.bib},
  bibsource    = {dblp computer science bibliography, https://dblp.org}
}

@article{DBLP:journals/4or/Woeginger21,
  author       = {Gerhard J. Woeginger},
  title        = {The trouble with the second quantifier},
  journal      = {4OR},
  volume       = {19},
  number       = {2},
  pages        = {157--181},
  year         = {2021},
  url          = {https://doi.org/10.1007/s10288-021-00477-y},
  doi          = {10.1007/s10288-021-00477-y},
  timestamp    = {Sun, 16 May 2021 00:12:55 +0200},
  biburl       = {https://dblp.org/rec/journals/4or/Woeginger21.bib},
  bibsource    = {dblp computer science bibliography, https://dblp.org}
}

@article{DBLP:journals/cc/FriezeT94,
  author       = {Alan M. Frieze and
                  Shang{-}Hua Teng},
  title        = {On the Complexity of Computing the Diameter of a Polytope},
  journal      = {Comput. Complex.},
  volume       = {4},
  pages        = {207--219},
  year         = {1994},
  url          = {https://doi.org/10.1007/BF01206636},
  doi          = {10.1007/BF01206636},
  timestamp    = {Sun, 15 Mar 2020 19:46:53 +0100},
  biburl       = {https://dblp.org/rec/journals/cc/FriezeT94.bib},
  bibsource    = {dblp computer science bibliography, https://dblp.org}
}

@article{smale1998mathematical,
  title={Mathematical problems for the next century},
  author={Smale, Steve},
  journal={The mathematical intelligencer},
  volume={20},
  pages={7--15},
  year={1998},
  publisher={Springer}
}

@book{korte2011combinatorial,
  title={Combinatorial optimization},
  author={Korte, Bernhard H and Vygen, Jens},
  volume={1},
  year={2011},
  publisher={Springer}
}

@article{DBLP:journals/jcss/Schaefer01,
  author       = {Marcus Schaefer},
  title        = {Graph Ramsey Theory and the Polynomial Hierarchy},
  journal      = {J. Comput. Syst. Sci.},
  volume       = {62},
  number       = {2},
  pages        = {290--322},
  year         = {2001},
  url          = {https://doi.org/10.1006/jcss.2000.1729},
  doi          = {10.1006/JCSS.2000.1729},
  timestamp    = {Thu, 17 Jun 2021 08:47:46 +0200},
  biburl       = {https://dblp.org/rec/journals/jcss/Schaefer01.bib},
  bibsource    = {dblp computer science bibliography, https://dblp.org}
}

@article{DBLP:journals/siamdm/BorgwardtFH15,
  author       = {Steffen Borgwardt and
                  Elisabeth Finhold and
                  Raymond Hemmecke},
  title        = {On the Circuit Diameter of Dual Transportation Polyhedra},
  journal      = {{SIAM} J. Discret. Math.},
  volume       = {29},
  number       = {1},
  pages        = {113--121},
  year         = {2015},
  url          = {https://doi.org/10.1137/140976868},
  doi          = {10.1137/140976868},
  timestamp    = {Sat, 25 Apr 2020 13:56:12 +0200},
  biburl       = {https://dblp.org/rec/journals/siamdm/BorgwardtFH15.bib},
  bibsource    = {dblp computer science bibliography, https://dblp.org}
}

@article{DBLP:journals/siamjo/LoeraKS22,
  author       = {Jes{\'{u}}s A. De Loera and
                  Sean Kafer and
                  Laura Sanit{\`{a}}},
  title        = {Pivot Rules for Circuit-Augmentation Algorithms in Linear Optimization},
  journal      = {{SIAM} J. Optim.},
  volume       = {32},
  number       = {3},
  pages        = {2156--2179},
  year         = {2022},
  url          = {https://doi.org/10.1137/21m1419994},
  doi          = {10.1137/21M1419994},
  timestamp    = {Wed, 17 May 2023 21:57:18 +0200},
  biburl       = {https://dblp.org/rec/journals/siamjo/LoeraKS22.bib},
  bibsource    = {dblp computer science bibliography, https://dblp.org}
}

@article{DBLP:journals/disopt/BorgwardtV22,
  author       = {Steffen Borgwardt and
                  Charles Viss},
  title        = {Circuit walks in integral polyhedra},
  journal      = {Discret. Optim.},
  volume       = {44},
  number       = {Part},
  pages        = {100566},
  year         = {2022},
  url          = {https://doi.org/10.1016/j.disopt.2019.100566},
  doi          = {10.1016/J.DISOPT.2019.100566},
  timestamp    = {Sun, 19 Jan 2025 14:39:36 +0100},
  biburl       = {https://dblp.org/rec/journals/disopt/BorgwardtV22.bib},
  bibsource    = {dblp computer science bibliography, https://dblp.org}
}

@inproceedings{DBLP:conf/ipco/CardinalS23,
  author       = {Jean Cardinal and
                  Raphael Steiner},
  editor       = {Alberto Del Pia and
                  Volker Kaibel},
  title        = {Inapproximability of Shortest Paths on Perfect Matching Polytopes},
  booktitle    = {Integer Programming and Combinatorial Optimization - 24th International
                  Conference, {IPCO} 2023, Madison, WI, USA, June 21-23, 2023, Proceedings},
  series       = {Lecture Notes in Computer Science},
  volume       = {13904},
  pages        = {72--86},
  publisher    = {Springer},
  year         = {2023},
  url          = {https://doi.org/10.1007/978-3-031-32726-1\_6},
  doi          = {10.1007/978-3-031-32726-1\_6},
  timestamp    = {Fri, 02 Jun 2023 21:23:59 +0200},
  biburl       = {https://dblp.org/rec/conf/ipco/CardinalS23.bib},
  bibsource    = {dblp computer science bibliography, https://dblp.org}
}

@misc{sanitaSummerSchool,
    author = {Laura Sanit{\`{a}}},
    title = {Diameter of Polytopes: Algorithmic and Combinatorial Aspects},
    howpublished = {\url{https://www.lse.ac.uk/ipco-2020/summer-school/Sanita-complete.pdf}},
    note = {Online; accessed 20 February 2025} ,
    note= {Invited talk at IPCO'20},
    year=2020,
}

@article{borgwardt2025hardness,
  title={On the hardness of short and sign-compatible circuit walks},
  author={Borgwardt, Steffen and Grewe, Weston and Kafer, Sean and Lee, Jon and Sanit{\`a}, Laura},
  journal={Discrete Applied Mathematics},
  volume={367},
  pages={129--149},
  year={2025},
  publisher={Elsevier}
}

@phdthesis{kafer2022polyhedral,
  title={Polyhedral diameters and applications to optimization},
  author={Kafer, Sean},
  year={2022},
  school={University of Waterloo}
}


@article{DBLP:journals/algorithmica/AichholzerCHKMS21,
  author       = {Oswin Aichholzer and
                  Jean Cardinal and
                  Tony Huynh and
                  Kolja Knauer and
                  Torsten M{\"{u}}tze and
                  Raphael Steiner and
                  Birgit Vogtenhuber},
  title        = {Flip Distances Between Graph Orientations},
  journal      = {Algorithmica},
  volume       = {83},
  number       = {1},
  pages        = {116--143},
  year         = {2021},
  url          = {https://doi.org/10.1007/s00453-020-00751-1},
  doi          = {10.1007/S00453-020-00751-1},
  timestamp    = {Tue, 07 May 2024 20:19:52 +0200},
  biburl       = {https://dblp.org/rec/journals/algorithmica/AichholzerCHKMS21.bib},
  bibsource    = {dblp computer science bibliography, https://dblp.org}
}

@article{DBLP:journals/siamdm/ItoKKKO22,
  author       = {Takehiro Ito and
                  Naonori Kakimura and
                  Naoyuki Kamiyama and
                  Yusuke Kobayashi and
                  Yoshio Okamoto},
  title        = {Shortest Reconfiguration of Perfect Matchings via Alternating Cycles},
  journal      = {{SIAM} J. Discret. Math.},
  volume       = {36},
  number       = {2},
  pages        = {1102--1123},
  year         = {2022},
  url          = {https://doi.org/10.1137/20m1364370},
  doi          = {10.1137/20M1364370},
  timestamp    = {Mon, 25 Jul 2022 08:40:36 +0200},
  biburl       = {https://dblp.org/rec/journals/siamdm/ItoKKKO22.bib},
  bibsource    = {dblp computer science bibliography, https://dblp.org}
}

@article{DBLP:journals/tcs/ItoDHPSUU11,
  author       = {Takehiro Ito and
                  Erik D. Demaine and
                  Nicholas J. A. Harvey and
                  Christos H. Papadimitriou and
                  Martha Sideri and
                  Ryuhei Uehara and
                  Yushi Uno},
  title        = {On the complexity of reconfiguration problems},
  journal      = {Theor. Comput. Sci.},
  volume       = {412},
  number       = {12-14},
  pages        = {1054--1065},
  year         = {2011},
  url          = {https://doi.org/10.1016/j.tcs.2010.12.005},
  doi          = {10.1016/J.TCS.2010.12.005},
  timestamp    = {Mon, 28 Aug 2023 21:31:25 +0200},
  biburl       = {https://dblp.org/rec/journals/tcs/ItoDHPSUU11.bib},
  bibsource    = {dblp computer science bibliography, https://dblp.org}
}

@article{kaminski2012complexity,
  title={Complexity of independent set reconfigurability problems},
  author={Kami{\'n}ski, Marcin and Medvedev, Paul and Milani{\v{c}}, Martin},
  journal={Theoretical computer science},
  volume={439},
  pages={9--15},
  year={2012},
  publisher={Elsevier}
}

@inproceedings{DBLP:conf/sofsem/GuptaKM19,
  author       = {Manoj Gupta and
                  Hitesh Kumar and
                  Neeldhara Misra},
  editor       = {Barbara Catania and
                  Rastislav Kr{\'{a}}lovic and
                  Jerzy R. Nawrocki and
                  Giovanni Pighizzini},
  title        = {On the Complexity of Optimal Matching Reconfiguration},
  booktitle    = {{SOFSEM} 2019: Theory and Practice of Computer Science - 45th International
                  Conference on Current Trends in Theory and Practice of Computer Science,
                  Nov{\'{y}} Smokovec, Slovakia, January 27-30, 2019, Proceedings},
  series       = {Lecture Notes in Computer Science},
  volume       = {11376},
  pages        = {221--233},
  publisher    = {Springer},
  year         = {2019},
  url          = {https://doi.org/10.1007/978-3-030-10801-4\_18},
  doi          = {10.1007/978-3-030-10801-4\_18},
  timestamp    = {Mon, 30 Mar 2020 13:31:11 +0200},
  biburl       = {https://dblp.org/rec/conf/sofsem/GuptaKM19.bib},
  bibsource    = {dblp computer science bibliography, https://dblp.org}
}

@inproceedings{DBLP:conf/wg/BousquetHIM19,
  author       = {Nicolas Bousquet and
                  Tatsuhiko Hatanaka and
                  Takehiro Ito and
                  Moritz M{\"{u}}hlenthaler},
  editor       = {Ignasi Sau and
                  Dimitrios M. Thilikos},
  title        = {Shortest Reconfiguration of Matchings},
  booktitle    = {Graph-Theoretic Concepts in Computer Science - 45th International
                  Workshop, {WG} 2019, Vall de N{\'{u}}ria, Spain, June 19-21,
                  2019, Revised Papers},
  series       = {Lecture Notes in Computer Science},
  volume       = {11789},
  pages        = {162--174},
  publisher    = {Springer},
  year         = {2019},
  url          = {https://doi.org/10.1007/978-3-030-30786-8\_13},
  doi          = {10.1007/978-3-030-30786-8\_13},
  timestamp    = {Tue, 29 Dec 2020 18:38:49 +0100},
  biburl       = {https://dblp.org/rec/conf/wg/BousquetHIM19.bib},
  bibsource    = {dblp computer science bibliography, https://dblp.org}
}

@inproceedings{bonamy2019perfect,
  title={The Perfect Matching Reconfiguration Problem},
  author={Bonamy, Marthe and Bousquet, Nicolas and Heinrich, Marc and Ito, Takehiro and Kobayashi, Yusuke and Mary, Arnaud and M{\"u}hlenthaler, Moritz and Wasa, Kunihiro},
  booktitle={44th International Symposium on Mathematical Foundations of Computer Science (MFCS 2019)},
  year={2019},
  organization={Schloss Dagstuhl--Leibniz-Zentrum f{\"u}r Informatik}
}

@article{matschke2015width,
  title={The width of five-dimensional prismatoids},
  author={Matschke, Benjamin and Santos, Francisco and Weibel, Christophe},
  journal={Proceedings of the London Mathematical Society},
  volume={110},
  number={3},
  pages={647--672},
  year={2015},
  publisher={Oxford University Press}
}

@article{klee1972good,
  title={How good is the simplex algorithm},
  author={Klee, Victor and Minty, George J},
  journal={Inequalities},
  volume={3},
  number={3},
  pages={159--175},
  year={1972}
}

@article{disser2023exponential,
  title={An exponential lower bound for Zadeh’s pivot rule},
  author={Disser, Yann and Friedmann, Oliver and Hopp, Alexander V},
  journal={Mathematical Programming},
  volume={199},
  number={1},
  pages={865--936},
  year={2023},
  publisher={Springer}
}

@article{klee1967d,
  title={The d-step conjecture for polyhedra of dimension d< 6},
  author={Klee, Victor and Walkup, David W},
  journal={Acta Math},
  year={1967}
}

@article{santos2012counterexample,
  title={A counterexample to the {Hirsch} conjecture},
  author={Santos, Francisco},
  journal={Annals of mathematics},
  pages={383--412},
  year={2012},
  publisher={JSTOR}
}

@article{naddef1989hirsch,
  title={The {Hirsch} conjecture is true for (0, 1)-polytopes},
  author={Naddef, Denis},
  journal={Mathematical Programming: Series A and B},
  volume={45},
  number={1},
  pages={109--110},
  year={1989},
  publisher={Springer-Verlag Berlin, Heidelberg}
}

@article{de2015augmentation,
  title={On augmentation algorithms for linear and integer-linear programming: From Edmonds--Karp to Bland and beyond},
  author={De Loera, Jes{\'u}s A and Hemmecke, Raymond and Lee, Jon},
  journal={SIAM Journal on Optimization},
  volume={25},
  number={4},
  pages={2494--2511},
  year={2015},
  publisher={SIAM}
}

@article{borgwardt2020implementation,
  title={An implementation of steepest-descent augmentation for linear programs},
  author={Borgwardt, Steffen and Viss, Charles},
  journal={Operations Research Letters},
  volume={48},
  number={3},
  pages={323--328},
  year={2020},
  publisher={Elsevier}
}

@article{borgwardt2021note,
  title={A note on the approximability of deepest-descent circuit steps},
  author={Borgwardt, Steffen and Brand, Cornelius and Feldmann, Andreas Emil and Kouteck{\`y}, Martin},
  journal={Operations Research Letters},
  volume={49},
  number={3},
  pages={310--315},
  year={2021},
  publisher={Elsevier}
}

@inproceedings{dadush2022circuit,
  title={On circuit diameter bounds via circuit imbalances},
  author={Dadush, Daniel and Koh, Zhuan Khye and Natura, Bento and V{\'e}gh, L{\'a}szl{\'o} A},
  booktitle={International Conference on Integer Programming and Combinatorial Optimization},
  pages={140--153},
  year={2022},
  organization={Springer}
}

@article{stephen2015circuit,
  title={The circuit diameter of the {Klee-Walkup} polyhedron},
  author={Stephen, Tamon and Yusun, Timothy},
  journal={Electronic Notes in Discrete Mathematics},
  volume={49},
  pages={505--512},
  year={2015},
  publisher={Elsevier}
}

@article{borgwardt2018circuit,
  title={On the circuit diameter conjecture},
  author={Borgwardt, Steffen and Stephen, Tamon and Yusun, Timothy},
  journal={Discrete \& Computational Geometry},
  volume={60},
  pages={558--587},
  year={2018},
  publisher={Springer}
}

@article{kafer2019circuit,
  title={On the circuit diameter of some combinatorial polytopes},
  author={Kafer, Sean and Pashkovich, Kanstantsin and Sanit{\`a}, Laura},
  journal={SIAM Journal on Discrete Mathematics},
  volume={33},
  number={1},
  pages={1--25},
  year={2019},
  publisher={SIAM}
}

@article{black2023circuit,
  title={On the Circuit Diameter Conjecture for Counterexamples to the {Hirsch} Conjecture},
  author={Black, Alexander E and Borgwardt, Steffen and Brugger, Matthias},
  journal={arXiv preprint arXiv:2302.03977},
  year={2023}
}

@article{chvatal1975certain,
  title={On certain polytopes associated with graphs},
  author={Chv{\'a}tal, Va{\v{s}}ek},
  journal={Journal of Combinatorial Theory, Series B},
  volume={18},
  number={2},
  pages={138--154},
  year={1975},
  publisher={Academic Press}
}

@article{grune2025complexity,
  title={The Complexity of Blocking All Solutions},
  author={Gr{\"u}ne, Christoph and Wulf, Lasse},
  journal={arXiv preprint arXiv:2502.05348},
  year={2025}
}

@article{cardinal2023shortest,
  title={Shortest paths on polymatroids and hypergraphic polytopes},
  author={Cardinal, Jean and Steiner, Raphael},
  journal={arXiv preprint arXiv:2311.00779},
  year={2023}
}

@article{binucci2025flipping,
  title={Flipping Matchings is Hard},
  author={Binucci, Carla and Montecchiani, Fabrizio and Perz, Daniel and Tappini, Alessandra},
  journal={arXiv preprint arXiv:2503.02842},
  year={2025}
}