@article{bradley1952rank,
  title={Rank analysis of incomplete block designs: I. The method of paired comparisons},
  author={Bradley, Ralph Allan and Terry, Milton E},
  journal={Biometrika},
  volume={39},
  number={3/4},
  pages={324--345},
  year={1952},
  publisher={JSTOR}
}

@article{chen2023autoagents,
  title={Autoagents: A framework for automatic agent generation},
  author={Chen, Guangyao and Dong, Siwei and Shu, Yu and Zhang, Ge and Sesay, Jaward and Karlsson, B{\"o}rje F and Fu, Jie and Shi, Yemin},
  journal={arXiv preprint arXiv:2309.17288},
  year={2023}
}

@article{fernando2023promptbreeder,
  title={Promptbreeder: Self-referential self-improvement via prompt evolution},
  author={Fernando, Chrisantha and Banarse, Dylan and Michalewski, Henryk and Osindero, Simon and Rockt{\"a}schel, Tim},
  journal={arXiv preprint arXiv:2309.16797},
  year={2023}
}

@inproceedings{hu2024automated,
  title={Automated design of agentic systems},
  author={Hu, Shengran and Lu, Cong and Clune, Jeff},
  booktitle={NeurIPS 2024 Workshop on Open-World Agents},
  year={2024}
}

@inproceedings{khattab2024dspy,
  title={DSPy: Compiling declarative language model calls into state-of-the-art pipelines},
  author={Khattab, Omar and Singhvi, Arnav and Maheshwari, Paridhi and Zhang, Zhiyuan and Santhanam, Keshav and Haq, Saiful and Sharma, Ashutosh and Joshi, Thomas T and Moazam, Hanna and Miller, Heather and others},
  booktitle={The Twelfth International Conference on Learning Representations},
  year={2024}
}

@article{li2024autoflow,
  title={Autoflow: Automated workflow generation for large language model agents},
  author={Li, Zelong and Xu, Shuyuan and Mei, Kai and Hua, Wenyue and Rama, Balaji and Raheja, Om and Wang, Hao and Zhu, He and Zhang, Yongfeng},
  journal={arXiv preprint arXiv:2407.12821},
  year={2024}
}

@inproceedings{liu2024dynamic,
  title={A dynamic LLM-powered agent network for task-oriented agent collaboration},
  author={Liu, Zijun and Zhang, Yanzhe and Li, Peng and Liu, Yang and Yang, Diyi},
  booktitle={First Conference on Language Modeling},
  year={2024}
}

@article{rafailov2024direct,
  title={Direct preference optimization: Your language model is secretly a reward model},
  author={Rafailov, Rafael and Sharma, Archit and Mitchell, Eric and Manning, Christopher D and Ermon, Stefano and Finn, Chelsea},
  journal={Advances in Neural Information Processing Systems},
  volume={36},
  year={2024}
}

@article{saad2024archon,
  title={Archon: An architecture search framework for inference-time techniques},
  author={Saad-Falcon, Jon and Lafuente, Adrian Gamarra and Natarajan, Shlok and Maru, Nahum and Todorov, Hristo and Guha, Etash and Buchanan, E Kelly and Chen, Mayee and Guha, Neel and R{\'e}, Christopher and others},
  journal={arXiv preprint arXiv:2409.15254},
  year={2024}
}

@article{schulman2017proximal,
  title={Proximal policy optimization algorithms},
  author={Schulman, John and Wolski, Filip and Dhariwal, Prafulla and Radford, Alec and Klimov, Oleg},
  journal={arXiv preprint arXiv:1707.06347},
  year={2017}
}

@article{song2024adaptive,
  title={Adaptive in-conversation team building for language model agents},
  author={Song, Linxin and Liu, Jiale and Zhang, Jieyu and Zhang, Shaokun and Luo, Ao and Wang, Shijian and Wu, Qingyun and Wang, Chi},
  journal={arXiv preprint arXiv:2405.19425},
  year={2024}
}

@article{yang2023large,
  title={Large language models as optimizers},
  author={Yang, Chengrun and Wang, Xuezhi and Lu, Yifeng and Liu, Hanxiao and Le, Quoc V and Zhou, Denny and Chen, Xinyun},
  journal={arXiv preprint arXiv:2309.03409},
  year={2023}
}

@article{yuksekgonul2024textgrad,
  title={TextGrad: Automatic "differentiation" via text},
  author={Yuksekgonul, Mert and Bianchi, Federico and Boen, Joseph and Liu, Sheng and Huang, Zhi and Guestrin, Carlos and Zou, James},
  journal={arXiv preprint arXiv:2406.07496},
  year={2024}
}

@article{zhang2024aflow,
  title={Aflow: Automating agentic workflow generation},
  author={Zhang, Jiayi and Xiang, Jinyu and Yu, Zhaoyang and Teng, Fengwei and Chen, Xionghui and Chen, Jiaqi and Zhuge, Mingchen and Cheng, Xin and Hong, Sirui and Wang, Jinlin and others},
  journal={arXiv preprint arXiv:2410.10762},
  year={2024}
}

@article{zhang2024g,
  title={G-designer: Architecting multi-agent communication topologies via graph neural networks},
  author={Zhang, Guibin and Yue, Yanwei and Sun, Xiangguo and Wan, Guancheng and Yu, Miao and Fang, Junfeng and Wang, Kun and Cheng, Dawei},
  journal={arXiv preprint arXiv:2410.11782},
  year={2024}
}

@article{zhou2024symbolic,
  title={Symbolic learning enables self-evolving agents},
  author={Zhou, Wangchunshu and Ou, Yixin and Ding, Shengwei and Li, Long and Wu, Jialong and Wang, Tiannan and Chen, Jiamin and Wang, Shuai and Xu, Xiaohua and Zhang, Ningyu and others},
  journal={arXiv preprint arXiv:2406.18532},
  year={2024}
}

@article{zhuge2023mindstorms,
  title={Mindstorms in natural language-based societies of mind},
  author={Zhuge, Mingchen and Liu, Haozhe and Faccio, Francesco and Ashley, Dylan R and Csord{\'a}s, R{\'o}bert and Gopalakrishnan, Anand and Hamdi, Abdullah and Hammoud, Hasan Abed Al Kader and Herrmann, Vincent and Irie, Kazuki and others},
  journal={arXiv preprint arXiv:2305.17066},
  year={2023}
}

