@article{openai2023gpt4,
	title={Gpt-4 technical report},
	author={Achiam, Josh and Adler, Steven and Agarwal, Sandhini and Ahmad, Lama and Akkaya, Ilge and Aleman, Florencia Leoni and Almeida, Diogo and Altenschmidt, Janko and Altman, Sam and Anadkat, Shyamal and others},
	journal={arXiv preprint arXiv:2303.08774},
	year={2023}
}

@article{llmdd160_saab2024capabilities,
	title={Capabilities of gemini models in medicine},
	author={Saab, Khaled and Tu, Tao and Weng, Wei-Hung and Tanno, Ryutaro and Stutz, David and Wulczyn, Ellery and Zhang, Fan and Strother, Tim and Park, Chunjong and Vedadi, Elahe and others},
	journal={arXiv preprint arXiv:2404.18416},
	year={2024}
}

@article{kasai2024realtime,
	title={REALTIME QA: what's the answer right now?},
	author={Kasai, Jungo and Sakaguchi, Keisuke and Le Bras, Ronan and Asai, Akari and Yu, Xinyan and Radev, Dragomir and Smith, Noah A and Choi, Yejin and Inui, Kentaro and others},
	journal={Advances in Neural Information Processing Systems},
	volume={36},
	year={2024}
}

@article{llmdd_ovewview_zhou2024large,
 author = {Zhou, Shuang and Xu, Zidu and Zhang, Mian and Xu, Chunpu and Guo, Yawen and Zhan, Zaifu and Ding, Sirui and Wang, Jiashuo and Xu, Kaishuai and Fang, Yi and others},
 journal = {ArXiv preprint},
 title = {Large language models for disease diagnosis: A scoping review},
 volume = {abs/2409.00097},
 year = {2024}
}

@inproceedings{llmdd113_wang2022self,
 author = {Xuezhi Wang and
Jason Wei and
Dale Schuurmans and
Quoc V. Le and
Ed H. Chi and
Sharan Narang and
Aakanksha Chowdhery and
Denny Zhou},
 booktitle = {The Eleventh International Conference on Learning Representations},
 title = {Self-Consistency Improves Chain of Thought Reasoning in Language Models},
 year = {2023}
}

@article{llmdd112_wei2022chain,
	title={Chain-of-thought prompting elicits reasoning in large language models},
	author={Wei, Jason and Wang, Xuezhi and Schuurmans, Dale and Bosma, Maarten and Xia, Fei and Chi, Ed and Le, Quoc V and Zhou, Denny and others},
	journal={Advances in neural information processing systems},
	volume={35},
	pages={24824--24837},
	year={2022}
}

@inproceedings{llmsv3_devlin2018bert,
 author = {Devlin, Jacob  and
Chang, Ming-Wei  and
Lee, Kenton  and
Toutanova, Kristina},
 booktitle = {Proceedings of the 2019 Conference of the North {A}merican Chapter of the Association for Computational Linguistics: Human Language Technologies, Volume 1 (Long and Short Papers)},
 pages = {4171--4186},
 title = {{BERT}: Pre-training of Deep Bidirectional Transformers for Language Understanding},
 year = {2019}
}

@inproceedings{structbert,
 author = {Wei Wang and
Bin Bi and
Ming Yan and
Chen Wu and
Jiangnan Xia and
Zuyi Bao and
Liwei Peng and
Luo Si},
 booktitle = {8th International Conference on Learning Representations},
 title = {StructBERT: Incorporating Language Structures into Pre-training for
Deep Language Understanding},
 year = {2020}
}

@inproceedings{structbert_zh_data,
 author = {Yin, Wenpeng  and
Hay, Jamaal  and
Roth, Dan},
 booktitle = {Proceedings of the 2019 Conference on Empirical Methods in Natural Language Processing and the 9th International Joint Conference on Natural Language Processing (EMNLP-IJCNLP)},
 pages = {3914--3923},
 title = {Benchmarking Zero-shot Text Classification: Datasets, Evaluation and Entailment Approach},
 year = {2019}
}

@inproceedings{mallen2023not,
	title={When Not to Trust Language Models: Investigating Effectiveness of Parametric and Non-Parametric Memories},
	author={Mallen, Alex and Asai, Akari and Zhong, Victor and Das, Rajarshi and Khashabi, Daniel and Hajishirzi, Hannaneh},
	booktitle={Proceedings of the 61st Annual Meeting of the Association for Computational Linguistics (Volume 1: Long Papers)},
	pages={9802--9822},
	year={2023}
}

@inproceedings{maynez2020faithfulness,
	title={On Faithfulness and Factuality in Abstractive Summarization},
	author={Maynez, Joshua and Narayan, Shashi and Bohnet, Bernd and McDonald, Ryan},
	booktitle={Proceedings of the 58th Annual Meeting of the Association for Computational Linguistics},
	pages={1906--1919},
	year={2020}
}

@article{llmdd245_huang2023survey,
	title={A survey on hallucination in large language models: Principles, taxonomy, challenges, and open questions},
	author={Huang, Lei and Yu, Weijiang and Ma, Weitao and Zhong, Weihong and Feng, Zhangyin and Wang, Haotian and Chen, Qianglong and Peng, Weihua and Feng, Xiaocheng and Qin, Bing and others},
	journal={ACM Transactions on Information Systems},
	year={2023},
	publisher={ACM New York, NY}
}

@inproceedings{zhang2023large,
	title={How Do Large Language Models Capture the Ever-changing World Knowledge? A Review of Recent Advances},
	author={Zhang, Zihan and Fang, Meng and Chen, Ling and Namazi-Rad, Mohammad-Reza and Wang, Jun},
	booktitle={Proceedings of the 2023 Conference on Empirical Methods in Natural Language Processing},
	pages={8289--8311},
	year={2023}
}

@article{lewis2020retrieval,
	title={Retrieval-augmented generation for knowledge-intensive nlp tasks},
	author={Lewis, Patrick and Perez, Ethan and Piktus, Aleksandra and Petroni, Fabio and Karpukhin, Vladimir and Goyal, Naman and K{\"u}ttler, Heinrich and Lewis, Mike and Yih, Wen-tau and Rockt{\"a}schel, Tim and others},
	journal={Advances in Neural Information Processing Systems},
	volume={33},
	pages={9459--9474},
	year={2020}
}

@inproceedings{wu2024clasheval,
	title={Clasheval: Quantifying the tug-of-war between an llmâ€™s internal prior and external evidence},
	author={Wu, Kevin and Wu, Eric and Zou, James},
	booktitle={The Thirty-eight Conference on Neural Information Processing Systems Datasets and Benchmarks Track},
	year={2024}
}

@inproceedings{chen2021evaluating,
	title={Evaluating Entity Disambiguation and the Role of Popularity in Retrieval-Based NLP},
	author={Chen, Anthony and Gudipati, Pallavi and Longpre, Shayne and Ling, Xiao and Singh, Sameer},
	booktitle={Proceedings of the 59th Annual Meeting of the Association for Computational Linguistics and the 11th International Joint Conference on Natural Language Processing (Volume 1: Long Papers)},
	pages={4472--4485},
	year={2021}
}

@inproceedings{dai2024neural,
	title={Neural retrievers are biased towards llm-generated content},
	author={Dai, Sunhao and Zhou, Yuqi and Pang, Liang and Liu, Weihao and Hu, Xiaolin and Liu, Yong and Zhang, Xiao and Wang, Gang and Xu, Jun},
	booktitle={Proceedings of the 30th ACM SIGKDD Conference on Knowledge Discovery and Data Mining},
	pages={526--537},
	year={2024}
}

@article{jin2023medcpt,
	title={MedCPT: Contrastive Pre-trained Transformers with large-scale PubMed search logs for zero-shot biomedical information retrieval},
	author={Jin, Qiao and Kim, Won and Chen, Qingyu and Comeau, Donald C and Yeganova, Lana and Wilbur, W John and Lu, Zhiyong},
	journal={Bioinformatics},
	volume={39},
	number={11},
	pages={btad651},
	year={2023},
	publisher={Oxford University Press}
}

@article{llmdd69_wen2023mindmap,
	title={Mindmap: Knowledge graph prompting sparks graph of thoughts in large language models},
	author={Wen, Yilin and Wang, Zifeng and Sun, Jimeng},
	journal={arXiv preprint arXiv:2308.09729},
	year={2023}
}

@article{llmdd70_wu2024guiding,
	title={Guiding clinical reasoning with large language models via knowledge seeds},
	author={Wu, Jiageng and Wu, Xian and Yang, Jie},
	journal={arXiv preprint arXiv:2403.06609},
	year={2024}
}

@inproceedings{llmdd79_shi2023retrieval,
	title={Retrieval-augmented large language models for adolescent idiopathic scoliosis patients in shared decision-making},
	author={Shi, Wenqi and Zhuang, Yuchen and Zhu, Yuanda and Iwinski, Henry and Wattenbarger, Michael and Wang, May Dongmei},
	booktitle={Proceedings of the 14th ACM International Conference on Bioinformatics, Computational Biology, and Health Informatics},
	pages={1--10},
	year={2023}
}

@inproceedings{llmdd142_zhao2024heterogeneous,
	title={Heterogeneous Knowledge Grounding for Medical Question Answering with Retrieval Augmented Large Language Model},
	author={Zhao, Wenting and Deng, Zhongfen and Yadav, Shweta and Yu, Philip S},
	booktitle={Companion Proceedings of the ACM on Web Conference 2024},
	pages={1590--1594},
	year={2024}
}

@article{llmdd74_ge2024development,
	title={Development of a liver disease-Specific large language model chat Interface using retrieval augmented generation},
	author={Ge, Jin and Sun, Steve and Owens, Joseph and Galvez, Victor and Gologorskaya, Oksana and Lai, Jennifer C and Pletcher, Mark J and Lai, Ki},
	journal={Hepatology},
	pages={10--1097},
	year={2024},
	publisher={LWW}
}

@article{llmdd153_choi2024empowering,
	title={Empowering PET Imaging Reporting with Retrieval-Augmented Large Language Models and Reading Reports Database: A Pilot Single Center Study},
	author={Choi, Hongyoon and Lee, Dongjoo and Kang, Yeon-koo},
	journal={medRxiv},
	pages={2024--05},
	year={2024},
	publisher={Cold Spring Harbor Laboratory Press}
}

@article{llmdd148_oniani2024enhancing,
	title={Enhancing Large Language Models for Clinical Decision Support by Incorporating Clinical Practice Guidelines},
	author={Oniani, David and Wu, Xizhi and Visweswaran, Shyam and Kapoor, Sumit and Kooragayalu, Shravan and Polanska, Katelyn and Wang, Yanshan},
	journal={arXiv preprint arXiv:2401.11120},
	year={2024}
}

@article{llmdd144_zhenzhu2024gpt,
	title={GPT-agents based on medical guidelines can improve the responsiveness and explainability of outcomes for traumatic brain injury rehabilitation},
	author={Zhenzhu, Li and Jingfeng, Zhang and Wei, Zhou and Jianjun, Zheng and Yinshui, Xia},
	journal={Scientific Reports},
	volume={14},
	number={1},
	pages={7626},
	year={2024},
	publisher={Nature Publishing Group UK London}
}

@inproceedings{llmdd146_mcinerney2024towards,
	title={Towards reducing diagnostic errors with interpretable risk prediction},
	author={McInerney, Denis Jered and Dickinson, William and Flynn, Lucy C and Young, Andrea C and Young, Geoffrey S and van de Meent, Jan-Willem and Wallace, Byron C},
	booktitle={Proceedings of the conference. Association for Computational Linguistics. North American Chapter. Meeting},
	volume={2024},
	pages={7193},
	year={2024}
}

@article{llmdd71_gao2023large,
	title={Large Language Models and Medical Knowledge Grounding for Diagnosis Prediction},
	author={Gao, Yanjun and Li, Ruizhe and Croxford, Emma and Tesch, Samuel and To, Daniel and Caskey, John and Patterson, Brian W and Churpek, Matthew M and Miller, Timothy and Dligach, Dmitriy and others},
	journal={medRxiv},
	pages={2023--11},
	year={2023},
	publisher={Cold Spring Harbor Laboratory Press}
}

@article{llmdd141_thompson2023large,
	title={Large language models with retrieval-augmented generation for zero-shot disease phenotyping},
	author={Thompson, Will E and Vidmar, David M and De Freitas, Jessica K and Pfeifer, John M and Fornwalt, Brandon K and Chen, Ruijun and Altay, Gabriel and Manghnani, Kabir and Nelsen, Andrew C and Morland, Kellie and others},
	journal={arXiv preprint arXiv:2312.06457},
	year={2023}
}

@article{llmdd80_wang2024beyond,
	title={Beyond Direct Diagnosis: LLM-based Multi-Specialist Agent Consultation for Automatic Diagnosis},
	author={Wang, Haochun and Zhao, Sendong and Qiang, Zewen and Xi, Nuwa and Qin, Bing and Liu, Ting},
	journal={arXiv preprint arXiv:2401.16107},
	year={2024}
}

@inproceedings{llmdd140_zhang2023integrating,
	title={Integrating automated knowledge extraction with large language models for explainable medical decision-making},
	author={Zhang, Haodi and Li, Jiahong and Wang, Yichi and Songi, Yuanfeng},
	booktitle={2023 IEEE International Conference on Bioinformatics and Biomedicine (BIBM)},
	pages={1710--1717},
	year={2023},
	organization={IEEE}
}

@inproceedings{jiang2023active,
	title={Active Retrieval Augmented Generation},
	author={Jiang, Zhengbao and Xu, Frank F and Gao, Luyu and Sun, Zhiqing and Liu, Qian and Dwivedi-Yu, Jane and Yang, Yiming and Callan, Jamie and Neubig, Graham},
	booktitle={Proceedings of the 2023 Conference on Empirical Methods in Natural Language Processing},
	pages={7969--7992},
	year={2023}
}

@article{su2024dragin,
	title={Dragin: Dynamic retrieval augmented generation based on the real-time information needs of large language models},
	author={Su, Weihang and Tang, Yichen and Ai, Qingyao and Wu, Zhijing and Liu, Yiqun},
	journal={arXiv preprint arXiv:2403.10081},
	year={2024}
}

@article{wang2024llms,
	title={LLMs Know What They Need: Leveraging a Missing Information Guided Framework to Empower Retrieval-Augmented Generation},
	author={Wang, Keheng and Duan, Feiyu and Li, Peiguang and Wang, Sirui and Cai, Xunliang},
	journal={arXiv preprint arXiv:2404.14043},
	year={2024}
}

@inproceedings{wang2023self,
	title={Self-Knowledge Guided Retrieval Augmentation for Large Language Models},
	author={Wang, Yile and Li, Peng and Sun, Maosong and Liu, Yang},
	booktitle={Findings of the Association for Computational Linguistics: EMNLP 2023},
	pages={10303--10315},
	year={2023}
}

@inproceedings{jeong2024adaptive,
	title={Adaptive-RAG: Learning to Adapt Retrieval-Augmented Large Language Models through Question Complexity},
	author={Jeong, Soyeong and Baek, Jinheon and Cho, Sukmin and Hwang, Sung Ju and Park, Jong C},
	booktitle={Proceedings of the 2024 Conference of the North American Chapter of the Association for Computational Linguistics: Human Language Technologies (Volume 1: Long Papers)},
	pages={7029--7043},
	year={2024}
}

@article{asai2023self,
	title={Self-rag: Learning to retrieve, generate, and critique through self-reflection},
	author={Asai, Akari and Wu, Zeqiu and Wang, Yizhong and Sil, Avirup and Hajishirzi, Hannaneh},
	journal={arXiv preprint arXiv:2310.11511},
	year={2023}
}

@article{yona2024can,
	title={Can Large Language Models Faithfully Express Their Intrinsic Uncertainty in Words?},
	author={Yona, Gal and Aharoni, Roee and Geva, Mor},
	journal={arXiv preprint arXiv:2405.16908},
	year={2024}
}

@article{yao2024seakr,
	title={Seakr: Self-aware knowledge retrieval for adaptive retrieval augmented generation},
	author={Yao, Zijun and Qi, Weijian and Pan, Liangming and Cao, Shulin and Hu, Linmei and Liu, Weichuan and Hou, Lei and Li, Juanzi},
	journal={arXiv preprint arXiv:2406.19215},
	year={2024}
}

@article{huang2023large,
	title={Large language models cannot self-correct reasoning yet},
	author={Huang, Jie and Chen, Xinyun and Mishra, Swaroop and Zheng, Huaixiu Steven and Yu, Adams Wei and Song, Xinying and Zhou, Denny},
	journal={arXiv preprint arXiv:2310.01798},
	year={2023}
}

@article{xu2024perils,
	title={Perils of self-feedback: Self-bias amplifies in large language models},
	author={Xu, Wenda and Zhu, Guanglei and Zhao, Xuandong and Pan, Liangming and Li, Lei and Wang, William Yang},
	journal={arXiv e-prints},
	pages={arXiv--2402},
	year={2024}
}

@article{fan2024ai-hospital,
  title={AI Hospital: Interactive Evaluation and Collaboration of LLMs as Intern Doctors for Clinical Diagnosis},
  author={Fan, Zhihao and Tang, Jialong and Chen, Wei and Wang, Siyuan and Wei, Zhongyu and Xi, Jun and Huang, Fei and Zhou, Jingren},
  journal={arXiv preprint arXiv:2402.09742},
  year={2024}
}

@book{percy1990ICD,
  title={International classification of diseases for oncology},
  author={Percy, Constance and Holten, Valerie van and Muir, Calum S and World Health Organization and others},
  year={1990},
  publisher={World Health Organization}
}

@article{cmb,
  title={Cmb: A comprehensive medical benchmark in chinese},
  author={Wang, Xidong and Chen, Guiming Hardy and Song, Dingjie and Zhang, Zhiyi and Chen, Zhihong and Xiao, Qingying and Jiang, Feng and Li, Jianquan and Wan, Xiang and Wang, Benyou and others},
  journal={arXiv preprint arXiv:2308.08833},
  year={2023}
}

@article{li2024retrollm,
  title={Retrollm: Empowering large language models to retrieve fine-grained evidence within generation},
  author={Li, Xiaoxi and Jin, Jiajie and Zhou, Yujia and Wu, Yongkang and Li, Zhonghua and Ye, Qi and Dou, Zhicheng},
  journal={arXiv preprint arXiv:2412.11919},
  year={2024}
}

@inproceedings{mediKAL,
  author       = {Mingyi Jia and
                  Junwen Duan and
                  Yan Song and
                  Jianxin Wang},
  editor       = {Owen Rambow and
                  Leo Wanner and
                  Marianna Apidianaki and
                  Hend Al{-}Khalifa and
                  Barbara Di Eugenio and
                  Steven Schockaert},
  title        = {medIKAL: Integrating Knowledge Graphs as Assistants of LLMs for Enhanced
                  Clinical Diagnosis on EMRs},
  booktitle    = {Proceedings of the 31st International Conference on Computational
                  Linguistics, {COLING} 2025, Abu Dhabi, UAE, January 19-24, 2025},
  pages        = {9278--9298},
  publisher    = {Association for Computational Linguistics},
  year         = {2025},
  url          = {https://aclanthology.org/2025.coling-main.624/},
  timestamp    = {Tue, 28 Jan 2025 16:22:22 +0100},
  biburl       = {https://dblp.org/rec/conf/coling/JiaDSW25.bib},
  bibsource    = {dblp computer science bibliography, https://dblp.org}
}

@article{yan2024clinicalbench,
  title={ClinicalLab: Aligning Agents for Multi-Departmental Clinical Diagnostics in the Real World},
  author={Yan, Weixiang and Liu, Haitian and Wu, Tengxiao and Chen, Qian and Wang, Wen and Chai, Haoyuan and Wang, Jiayi and Zhao, Weishan and Zhang, Yixin and Zhang, Renjun and others},
  journal={arXiv preprint arXiv:2406.13890},
  year={2024}
}

@article{bm25,
  title={The probabilistic relevance framework: BM25 and beyond},
  author={Robertson, Stephen and Zaragoza, Hugo and others},
  journal={Foundations and Trends{\textregistered} in Information Retrieval},
  volume={3},
  number={4},
  pages={333--389},
  year={2009},
  publisher={Now Publishers, Inc.}
}

@inproceedings{bge,
  title={C-pack: Packed resources for general chinese embeddings},
  author={Xiao, Shitao and Liu, Zheng and Zhang, Peitian and Muennighoff, Niklas and Lian, Defu and Nie, Jian-Yun},
  booktitle={Proceedings of the 47th international ACM SIGIR conference on research and development in information retrieval},
  pages={641--649},
  year={2024}
}

@article{E5,
  title={Text embeddings by weakly-supervised contrastive pre-training},
  author={Wang, Liang and Yang, Nan and Huang, Xiaolong and Jiao, Binxing and Yang, Linjun and Jiang, Daxin and Majumder, Rangan and Wei, Furu},
  journal={arXiv preprint arXiv:2212.03533},
  year={2024}
}

@inproceedings{corom,
  title={Multi-CPR: A Multi Domain Chinese Dataset for Passage Retrieval},
  author={Dingkun Long and Qiong Gao and Kuan Zou and Guangwei Xu and Pengjun Xie and Rui Guo and Jianfeng Xu and Guanjun Jiang and Luxi Xing and P. Yang},
  booktitle = {Proceedings of the 45th International ACM SIGIR Conference on Research and Development in Information Retrieval},
  series = {SIGIR 22},
  year={2022}
}

@article{wei2022chain,
  title={Chain-of-thought prompting elicits reasoning in large language models},
  author={Wei, Jason and Wang, Xuezhi and Schuurmans, Dale and Bosma, Maarten and Xia, Fei and Chi, Ed and Le, Quoc V and Zhou, Denny and others},
  journal={Advances in neural information processing systems},
  volume={35},
  pages={24824--24837},
  year={2022}
}

@inproceedings{Atypical,
  title={Enhancing Healthcare LLM Trust with Atypical Presentations Recalibration},
  author={Qin, Jeremy and Liu, Bang and Nguyen, Quoc},
  booktitle={Findings of the Association for Computational Linguistics: EMNLP 2024},
  pages={2520--2537},
  year={2024}
}

@inproceedings{FS_RAG,
  title={Interleaving Retrieval with Chain-of-Thought Reasoning for Knowledge-Intensive Multi-Step Questions},
  author={Trivedi, Harsh and Balasubramanian, Niranjan and Khot, Tushar and Sabharwal, Ashish},
  booktitle={Proceedings of the 61st Annual Meeting of the Association for Computational Linguistics (Volume 1: Long Papers)},
  pages={10014--10037},
  year={2023}
}

@article{FL_RAG1,
  title={Generalization through memorization: Nearest neighbor language models},
  author={Khandelwal, Urvashi and Levy, Omer and Jurafsky, Dan and Zettlemoyer, Luke and Lewis, Mike},
  journal={arXiv preprint arXiv:1911.00172},
  year={2019}
}

@inproceedings{FL_RAG2,
  title={Improving language models by retrieving from trillions of tokens},
  author={Borgeaud, Sebastian and Mensch, Arthur and Hoffmann, Jordan and Cai, Trevor and Rutherford, Eliza and Millican, Katie and Van Den Driessche, George Bm and Lespiau, Jean-Baptiste and Damoc, Bogdan and Clark, Aidan and others},
  booktitle={International conference on machine learning},
  pages={2206--2240},
  year={2022},
  organization={PMLR}
}

@article{FL_RAG3,
  title={In-context retrieval-augmented language models},
  author={Ram, Ori and Levine, Yoav and Dalmedigos, Itay and Muhlgay, Dor and Shashua, Amnon and Leyton-Brown, Kevin and Shoham, Yoav},
  journal={Transactions of the Association for Computational Linguistics},
  volume={11},
  pages={1316--1331},
  year={2023},
  publisher={MIT Press One Broadway, 12th Floor, Cambridge, Massachusetts 02142, USA~â€¦}
}

@article{zhou2024llmddoverview,
  title={Large language models for disease diagnosis: A scoping review},
  author={Zhou, Shuang and Xu, Zidu and Zhang, Mian and Xu, Chunpu and Guo, Yawen and Zhan, Zaifu and Ding, Sirui and Wang, Jiashuo and Xu, Kaishuai and Fang, Yi and others},
  journal={arXiv preprint arXiv:2409.00097},
  year={2024}
}

@article{jiang2023you,
  title={You Only Forward Once: Prediction and Rationalization in A Single Forward Pass},
  author={Jiang, Han and Duan, Junwen and Qu, Zhe and Wang, Jianxin},
  journal={arXiv preprint arXiv:2311.02344},
  year={2023}
}

@article{sohn2024rationale,
  title={Rationale-Guided Retrieval Augmented Generation for Medical Question Answering},
  author={Sohn, Jiwoong and Park, Yein and Yoon, Chanwoong and Park, Sihyeon and Hwang, Hyeon and Sung, Mujeen and Kim, Hyunjae and Kang, Jaewoo},
  journal={arXiv preprint arXiv:2411.00300},
  year={2024}
}

@inproceedings{zhao2024longrag,
  title={LongRAG: A Dual-Perspective Retrieval-Augmented Generation Paradigm for Long-Context Question Answering},
  author={Zhao, Qingfei and Wang, Ruobing and Cen, Yukuo and Zha, Daren and Tan, Shicheng and Dong, Yuxiao and Tang, Jie},
  booktitle={Proceedings of the 2024 Conference on Empirical Methods in Natural Language Processing},
  pages={22600--22632},
  year={2024}
}

@article{jia2024medikal,
  title={medIKAL: Integrating Knowledge Graphs as Assistants of LLMs for Enhanced Clinical Diagnosis on EMRs},
  author={Jia, Mingyi and Duan, Junwen and Song, Yan and Wang, Jianxin},
  journal={arXiv preprint arXiv:2406.14326},
  year={2024}
}

@misc{zhang2021mengzi,
      title={Mengzi: Towards Lightweight yet Ingenious Pre-trained Models for Chinese}, 
      author={Zhuosheng Zhang and Hanqing Zhang and Keming Chen and Yuhang Guo and Jingyun Hua and Yulong Wang and Ming Zhou},
      year={2021},
      eprint={2110.06696},
      archivePrefix={arXiv},
      primaryClass={cs.CL}
}

@article{yan2024clinicallab,
  title={ClinicalLab: Aligning Agents for Multi-Departmental Clinical Diagnostics in the Real World},
  author={Yan, Weixiang and Liu, Haitian and Wu, Tengxiao and Chen, Qian and Wang, Wen and Chai, Haoyuan and Wang, Jiayi and Zhao, Weishan and Zhang, Yixin and Zhang, Renjun and others},
  journal={arXiv preprint arXiv:2406.13890},
  year={2024}
}

@inproceedings{AdamW,
  author       = {Ilya Loshchilov and
                  Frank Hutter},
  title        = {Decoupled Weight Decay Regularization},
  booktitle    = {7th International Conference on Learning Representations, {ICLR} 2019,
                  New Orleans, LA, USA, May 6-9, 2019},
  publisher    = {OpenReview.net},
  year         = {2019},
}