@article{aharon2006k,
  title={K-SVD: An algorithm for designing overcomplete dictionaries for sparse representation},
  author={Aharon, Michal and Elad, Michael and Bruckstein, Alfred},
  journal={IEEE Transactions on Signal Processing},
  volume={54},
  number={11},
  pages={4311--4322},
  year={2006},
  publisher={IEEE}
}

@article{cai2010singular,
  title={A singular value thresholding algorithm for matrix completion},
  author={Cai, Jian-Feng and Cand{\`e}s, Emmanuel J and Shen, Zuowei},
  journal={SIAM Journal on Optimization},
  volume={20},
  number={4},
  pages={1956--1982},
  year={2010},
  publisher={SIAM}
}

@article{carroll1970analysis,
  title={Analysis of individual differences in multidimensional scaling via an N-way generalization of “Eckart-Young” decomposition},
  author={Carroll, J Douglas and Chang, Jih-Jie},
  journal={Psychometrika},
  volume={35},
  number={3},
  pages={283--319},
  year={1970},
  publisher={Springer}
}

@article{chen2016simultaneous,
  title={Simultaneous denoising and reconstruction of 5-D seismic data via damped rank-reduction method},
  author={Chen, Yangkang and Zhang, Dong and Jin, Zhaoyu and Chen, Xiaohong and Zu, Shaohuan and Huang, Weilin and Gan, Shuwei},
  journal={Geophysical Journal International},
  volume={206},
  number={3},
  pages={1695--1717},
  year={2016},
  publisher={Oxford University Press}
}

@article{chen2021statistics,
  title={Statistics-guided residual dictionary learning for footprint noise removal},
  author={Chen, Wei and Saad, Omar M and Wang, Hang and Chen, Yangkang},
  journal={IEEE Transactions on Geoscience and Remote Sensing},
  volume={60},
  pages={1--11},
  year={2021},
  publisher={IEEE}
}

@incollection{cheng2015application,
  title={Application of robust principal component analysis (RPCA) to suppress erratic noise in seismic records},
  author={Cheng, Jinkun and Chen, Ke and Sacchi, Mauricio D},
  booktitle={SEG Technical Program Expanded Abstracts 2015},
  pages={4646--4651},
  year={2015},
  publisher={Society of Exploration Geophysicists}
}

@article{feng2021low,
  title={Low-rank tensor minimization method for seismic denoising based on variational mode decomposition},
  author={Feng, Jun and Liu, Xi and Li, Xiaoqin and Xu, Wenxi and Liu, Bin},
  journal={IEEE Geoscience and Remote Sensing Letters},
  volume={19},
  pages={1--5},
  year={2021},
  publisher={IEEE}
}

@article{feng2021seismic,
  title={Seismic data denoising based on tensor decomposition with total variation},
  author={Feng, Jun and Li, Xiaoqin and Liu, Xi and Chen, Chaoxian and Chen, Hui},
  journal={IEEE Geoscience and Remote Sensing Letters},
  volume={18},
  number={7},
  pages={1303--1307},
  year={2021},
  publisher={IEEE}
}

@article{goodfellow2020generative,
  title={Generative adversarial networks},
  author={Goodfellow, Ian and Pouget-Abadie, Jean and Mirza, Mehdi and Xu, Bing and Warde-Farley, David and Ozair, Sherjil and Courville, Aaron and Bengio, Yoshua},
  journal={Communications of the ACM},
  volume={63},
  number={11},
  pages={139--144},
  year={2020},
  publisher={ACM New York, NY, USA}
}

@article{lecun2015deep,
  title={Deep learning},
  author={LeCun, Yann and Bengio, Yoshua and Hinton, Geoffrey},
  journal={nature},
  volume={521},
  number={7553},
  pages={436--444},
  year={2015},
  publisher={Nature Publishing Group UK London}
}

@article{li2022simultaneous,
  title={Simultaneous seismic data interpolation and denoising based on nonsubsampled contourlet transform integrating with two-step iterative log thresholding algorithm},
  author={Li, Chao and Wen, Xiaotao and Liu, Xingye and Zu, Shaohuan},
  journal={IEEE Transactions on Geoscience and Remote Sensing},
  volume={60},
  pages={1--10},
  year={2022},
  publisher={IEEE}
}

@article{liu2021unsupervised,
  title={Unsupervised deep learning for random noise attenuation of seismic data},
  author={Liu, Bin and Yue, Jinghang and Zuo, Zhiwu and Xu, Xinji and Fu, Chao and Yang, Senlin and Jiang, Peng},
  journal={IEEE Geoscience and Remote Sensing Letters},
  volume={19},
  pages={1--5},
  year={2021},
  publisher={IEEE}
}

@article{liu2024simultaneous,
  title={Simultaneous sparse and low rank regularization for seismic data denoising},
  author={Liu, Lina and Li, Yuntong},
  journal={IEEE Geoscience and Remote Sensing Letters},
  year={2024},
  publisher={IEEE}
}

@article{meng2021self,
  title={Self-supervised learning for seismic data reconstruction and denoising},
  author={Meng, Fanlei and Fan, QinYin and Li, Yue},
  journal={IEEE Geoscience and Remote Sensing Letters},
  volume={19},
  pages={1--5},
  year={2021},
  publisher={IEEE}
}

@article{osher2005iterative,
  title={An iterative regularization method for total variation-based image restoration},
  author={Osher, Stanley and Burger, Martin and Goldfarb, Donald and Xu, Jinjun and Yin, Wotao},
  journal={Multiscale Modeling \& Simulation},
  volume={4},
  number={2},
  pages={460--489},
  year={2005},
  publisher={SIAM}
}

@article{qian2023improved,
  title={Improved low-rank tensor approximation for seismic random plus footprint noise suppression},
  author={Qian, Feng and He, Yu and Yue, Yuehua and Zhou, Yingjie and Wu, Bo and Hu, Guangmin},
  journal={IEEE Transactions on Geoscience and Remote Sensing},
  volume={61},
  pages={1--19},
  year={2023},
  publisher={IEEE}
}

@article{qian2023unsupervised,
  title={Unsupervised seismic footprint removal with physical prior augmented deep autoencoder},
  author={Qian, Feng and Yue, Yuehua and He, Yu and Yu, Hongtao and Zhou, Yingjie and Tang, Jinliang and Hu, Guangmin},
  journal={IEEE Transactions on Geoscience and Remote Sensing},
  volume={61},
  pages={1--20},
  year={2023},
  publisher={IEEE}
}

@article{qiu2021deep,
  title={Deep learning prior model for unsupervised seismic data random noise attenuation},
  author={Qiu, Chenyu and Wu, Bangyu and Liu, Naihao and Zhu, Xu and Ren, Haoran},
  journal={IEEE Geoscience and Remote Sensing Letters},
  volume={19},
  pages={1--5},
  year={2021},
  publisher={IEEE}
}

@inproceedings{quan2020self2self,
  title={Self2self with dropout: Learning self-supervised denoising from single image},
  author={Quan, Yuhui and Chen, Mingqin and Pang, Tongyao and Ji, Hui},
  booktitle={Proceedings of the IEEE/CVF conference on computer vision and pattern recognition},
  pages={1890--1898},
  year={2020}
}

@inproceedings{ronneberger2015u,
  title={U-net: Convolutional networks for biomedical image segmentation},
  author={Ronneberger, Olaf and Fischer, Philipp and Brox, Thomas},
  booktitle={Medical image computing and computer-assisted intervention--MICCAI 2015: 18th international conference, Munich, Germany, October 5-9, 2015, proceedings, part III 18},
  pages={234--241},
  year={2015},
  organization={Springer}
}

@article{wang2015improved,
  title={An improved weighted projection onto convex sets method for seismic data interpolation and denoising},
  author={Wang, Benfeng and Chen, Xiaohong and Li, Jingye and Cao, Jingjie},
  journal={IEEE Journal of Selected Topics in Applied Earth Observations and Remote Sensing},
  volume={9},
  number={1},
  pages={228--235},
  year={2015},
  publisher={IEEE}
}

@article{wang2020generative,
  title={Generative adversarial network for desert seismic data denoising},
  author={Wang, Hongzhou and Li, Yue and Dong, Xintong},
  journal={IEEE Transactions on Geoscience and Remote Sensing},
  volume={59},
  number={8},
  pages={7062--7075},
  year={2020},
  publisher={IEEE}
}

@article{wang2022learning,
  title={Learning from noisy data: An unsupervised random denoising method for seismic data using model-based deep learning},
  author={Wang, Feng and Yang, Bo and Wang, Yuqing and Wang, Ming},
  journal={IEEE Transactions on Geoscience and Remote Sensing},
  volume={60},
  pages={1--14},
  year={2022},
  publisher={IEEE}
}

@article{wang2024efgw,
  title={EFGW-UNet: A Deep-learning-based Approach for Weak Signal Recovery in Seismic Data},
  author={Wang, Xinyang and Ma, Jun and Dong, Xintong and Zhong, Tie and Dong, Shiqi},
  journal={IEEE Transactions on Geoscience and Remote Sensing},
  year={2024},
  publisher={IEEE}
}

@article{xu2023deep,
  title={Deep nonlocal regularizer: A self-supervised learning method for 3d seismic denoising},
  author={Xu, Zitai and Luo, Yisi and Wu, Bangyu and Meng, Deyu and Chen, Yangkang},
  journal={IEEE Transactions on Geoscience and Remote Sensing},
  year={2023},
  publisher={IEEE}
}

@article{xu2023s2s,
  title={S2S-WTV: Seismic data noise attenuation using weighted total variation regularized self-supervised learning},
  author={Xu, Zitai and Luo, Yisi and Wu, Bangyu and Meng, Deyu},
  journal={IEEE Transactions on Geoscience and Remote Sensing},
  volume={61},
  pages={1--15},
  year={2023},
  publisher={IEEE}
}

@article{zhu2019seismic,
  title={Seismic signal denoising and decomposition using deep neural networks},
  author={Zhu, Weiqiang and Mousavi, S Mostafa and Beroza, Gregory C},
  journal={IEEE Transactions on Geoscience and Remote Sensing},
  volume={57},
  number={11},
  pages={9476--9488},
  year={2019},
  publisher={IEEE}
}

