@article{kuang2021application,
  title={Application and development trend of artificial intelligence in petroleum exploration and development},
  author={Kuang, Lichun and He, LIU and Yili, REN and Kai, LUO and Mingyu, SHI and Jian, SU and Xin, LI},
  journal={Petroleum Exploration and Development},
  volume={48},
  number={1},
  pages={1--14},
  year={2021},
  publisher={Elsevier}
}
@article{posamentier2022principles,
  title={Principles of seismic stratigraphy and seismic geomorphology I: Extracting geologic insights from seismic data},
  author={Posamentier, Henry W and Paumard, Victorien and Lang, Simon C},
  journal={Earth-Science Reviews},
  volume={228},
  pages={103963},
  year={2022},
  publisher={Elsevier}
}
@article{mousavi2022deep,
  title={Deep-learning seismology},
  author={Mousavi, S Mostafa and Beroza, Gregory C},
  journal={Science},
  volume={377},
  number={6607},
  pages={eabm4470},
  year={2022},
  publisher={American Association for the Advancement of Science}
}
@article{marfurt1998suppression,
  title={Suppression of the acquisition footprint for seismic sequence attribute mapping},
  author={Marfurt, Kurt J and Scheet, Ronald M and Sharp, John A and Harper, Mark G},
  journal={Geophysics},
  volume={63},
  number={3},
  pages={1024--1035},
  year={1998},
  publisher={Society of Exploration Geophysicists}
}
@incollection{al2004acquisition,
  title={Acquisition footprint suppression via the truncated SVD technique},
  author={Al-Bannagi, MS and Fang, K and Kelamis, PG and Douglass, GS},
  booktitle={SEG Technical Program Expanded Abstracts 2004},
  pages={1957--1960},
  year={2004},
  publisher={Society of Exploration Geophysicists}
}
@inproceedings{falconer2008attribute,
  title={Attribute-driven footprint suppression},
  author={Falconer, Scott and Marfurt, Kurt J},
  booktitle={SEG International Exposition and Annual Meeting},
  pages={SEG--2008},
  year={2008},
  organization={SEG}
}
@article{han2022gaussian,
  title={Gaussian beam summation migration of deep reflection seismic data: Numerical examples},
  author={Han, Jianguang and L{\"u}, Qingtian and Gu, Bingluo and Xing, Zhantao},
  journal={IEEE Geoscience and Remote Sensing Letters},
  volume={19},
  pages={1--5},
  year={2022},
  publisher={IEEE}
}
@article{zhang2021deep,
  title={Deep-learning full-waveform inversion using seismic migration images},
  author={Zhang, Wei and Gao, Jinghuai},
  journal={IEEE Transactions on Geoscience and Remote Sensing},
  volume={60},
  pages={1--18},
  year={2021},
  publisher={IEEE}
}
@article{gu2023seismic,
  title={Seismic stratigraphic interpretation based on deep active learning},
  author={Gu, Xiaofeng and Lu, Wenkai and Ao, Yile and Li, Yinshuo and Song, Cao},
  journal={IEEE Transactions on Geoscience and Remote Sensing},
  volume={61},
  pages={1--11},
  year={2023},
  publisher={IEEE}
}
@article{abma1995lateral,
  title={Lateral prediction for noise attenuation by tx and fx techniques},
  author={Abma, Ray and Claerbout, Jon},
  journal={Geophysics},
  volume={60},
  number={6},
  pages={1887--1896},
  year={1995},
  publisher={Society of Exploration Geophysicists}
}
@article{liu2013noise,
  title={Noise reduction by vector median filtering},
  author={Liu, Yike},
  journal={Geophysics},
  volume={78},
  number={3},
  pages={V79--V87},
  year={2013},
  publisher={Society of Exploration Geophysicists}
}
@inproceedings{zhang2009footprint,
  title={Footprint suppression with basis pursuit denoising},
  author={Zhang, Rui},
  booktitle={SEG International Exposition and Annual Meeting},
  pages={SEG--2009},
  year={2009},
  organization={SEG}
}
@article{liu2012spatiotemporal,
  title={Spatiotemporal time--frequency peak filtering method for seismic random noise reduction},
  author={Liu, Yanping and Li, Yue and Nie, Pengfei and Zeng, Qian},
  journal={IEEE Geoscience and Remote Sensing Letters},
  volume={10},
  number={4},
  pages={756--760},
  year={2012},
  publisher={IEEE}
}
@article{li2017multidimensional,
  title={Multidimensional seismic data reconstruction using frequency-domain adaptive prediction-error filter},
  author={Li, Chao and Liu, Guochang and Hao, Zhenjiang and Zu, Shaohuan and Mi, Fang and Chen, Xiaohong},
  journal={IEEE Transactions on Geoscience and Remote Sensing},
  volume={56},
  number={4},
  pages={2328--2336},
  year={2017},
  publisher={IEEE}
}
@inproceedings{cvetkovic20072d,
  title={2D stationary wavelet transform based acquisition footprint suppression},
  author={Cvetkovic, Milos and Falconer, Scott and Marfurt, Kurt J and Ch{\'a}vez-P{\'e}rez, Sergio},
  booktitle={SEG International Exposition and Annual Meeting},
  pages={SEG--2007},
  year={2007},
  organization={SEG}
}
@article{alali2018attribute,
  title={Attribute-assisted footprint suppression using a 2D continuous wavelet transform},
  author={Alali, Abdulmohsen and Machado, Gabriel and Marfurt, Kurt J},
  journal={Interpretation},
  volume={6},
  number={2},
  pages={T457--T470},
  year={2018},
  publisher={Society of Exploration Geophysicists and American Association of Petroleum~…}
}
@article{wang2019efficient,
  title={Efficient deblending in the PFK domain based on compressive sensing},
  author={Wang, Benfeng and Geng, Jianhua},
  journal={IEEE Transactions on Geoscience and Remote Sensing},
  volume={58},
  number={2},
  pages={995--1003},
  year={2019},
  publisher={IEEE}
}
@article{zhang2018multicomponent,
  title={Multicomponent microseismic data denoising by 3D shearlet transform},
  author={Zhang, Chao and van der Baan, Mirko},
  journal={Geophysics},
  volume={83},
  number={3},
  pages={A45--A51},
  year={2018},
  publisher={Society of Exploration Geophysicists}
}
@article{gomez2020footprint,
  title={Footprint removal from seismic data with residual dictionary learning},
  author={G{\'o}mez, Juli{\'a}n L and Velis, Danilo R},
  journal={Geophysics},
  volume={85},
  number={4},
  pages={V355--V365},
  year={2020},
  publisher={Society of Exploration Geophysicists}
}
@article{liu2021dictionary,
  title={A dictionary learning method with atom splitting for seismic footprint suppression},
  author={Liu, Dawei and Gao, Lei and Wang, Xiaokai and Chen, Wenchao},
  journal={Geophysics},
  volume={86},
  number={6},
  pages={V509--V523},
  year={2021},
  publisher={Society of Exploration Geophysicists}
}
@article{zhou2023coherent,
  title={Coherent noise attenuation by kurtosis-guided adaptive dictionary learning based on variational sparse representation},
  author={Zhou, Zixiang and Bai, Min and Wu, Juan and Cui, Yang},
  journal={IEEE Transactions on Geoscience and Remote Sensing},
  volume={61},
  pages={1--10},
  year={2023},
  publisher={IEEE}
}
@article{chen2021statistics,
  title={Statistics-guided residual dictionary learning for footprint noise removal},
  author={Chen, Wei and Saad, Omar M and Wang, Hang and Chen, Yangkang},
  journal={IEEE Transactions on Geoscience and Remote Sensing},
  volume={60},
  pages={1--11},
  year={2021},
  publisher={IEEE}
}
@article{chen2016simultaneous,
  title={Simultaneous denoising and reconstruction of 5-D seismic data via damped rank-reduction method},
  author={Chen, Yangkang and Zhang, Dong and Jin, Zhaoyu and Chen, Xiaohong and Zu, Shaohuan and Huang, Weilin and Gan, Shuwei},
  journal={Geophysical Journal International},
  volume={206},
  number={3},
  pages={1695--1717},
  year={2016},
  publisher={Oxford University Press}
}
@article{niu2021seismic,
  title={Seismic data interpolation based on simultaneously sparse and low-rank matrix recovery},
  author={Niu, Xiao and Fu, Lihua and Zhang, Wanjuan and Li, Yanyan},
  journal={IEEE Transactions on Geoscience and Remote Sensing},
  volume={60},
  pages={1--13},
  year={2021},
  publisher={IEEE}
}
@article{oboue2021enhanced,
  title={Enhanced low-rank matrix estimation for simultaneous denoising and reconstruction of 5D seismic data},
  author={Obou{\'e}, Yapo Abol{\'e} Serge Innocent and Chen, Yangkang},
  journal={Geophysics},
  volume={86},
  number={5},
  pages={V459--V470},
  year={2021},
  publisher={Society of Exploration Geophysicists}
}
@article{lin2023structure,
  title={Structure-oriented CUR low-rank approximation for random noise attenuation of seismic data},
  author={Lin, Peng and Peng, Suping and Xiang, Yang and Li, Chuangjian and Cui, Xiaoqin and Zhang, Wenkai},
  journal={IEEE Transactions on Geoscience and Remote Sensing},
  year={2023},
  publisher={IEEE}
}
@article{wang2023seismic,
  title={Seismic Data Reconstruction and Denoising by Enhanced Hankel Low-Rank Matrix Estimation},
  author={Wang, Chong and Gu, Zhiyuan and Zhu, Zhihui},
  journal={IEEE Transactions on Geoscience and Remote Sensing},
  volume={61},
  pages={1--13},
  year={2023},
  publisher={IEEE}
}
@article{goldfarb2014robust,
  title={Robust low-rank tensor recovery: Models and algorithms},
  author={Goldfarb, Donald and Qin, Zhiwei},
  journal={SIAM Journal on Matrix Analysis and Applications},
  volume={35},
  number={1},
  pages={225--253},
  year={2014},
  publisher={SIAM}
}
@article{chen2018tensor,
  title={Tensor nuclear norm-based low-rank approximation with total variation regularization},
  author={Chen, Yongyong and Wang, Shuqin and Zhou, Yicong},
  journal={IEEE Journal of Selected Topics in Signal Processing},
  volume={12},
  number={6},
  pages={1364--1377},
  year={2018},
  publisher={IEEE}
}
@article{feng2021low,
  title={Low-rank tensor minimization method for seismic denoising based on variational mode decomposition},
  author={Feng, Jun and Liu, Xi and Li, Xiaoqin and Xu, Wenxi and Liu, Bin},
  journal={IEEE Geoscience and Remote Sensing Letters},
  volume={19},
  pages={1--5},
  year={2021},
  publisher={IEEE}
}
@article{feng2021seismic,
  title={Seismic data denoising based on tensor decomposition with total variation},
  author={Feng, Jun and Li, Xiaoqin and Liu, Xi and Chen, Chaoxian and Chen, Hui},
  journal={IEEE Geoscience and Remote Sensing Letters},
  volume={18},
  number={7},
  pages={1303--1307},
  year={2021},
  publisher={IEEE}
}
@article{harshman1970foundations,
  title={Foundations of the PARAFAC procedure: Models and conditions for an “explanatory” multi-modal factor analysis},
  author={Harshman, Richard A and others},
  journal={UCLA working papers in phonetics},
  volume={16},
  number={1},
  pages={84},
  year={1970},
  publisher={Los Angeles, CA}
}
@article{carroll1970analysis,
  title={Analysis of individual differences in multidimensional scaling via an N-way generalization of “Eckart-Young” decomposition},
  author={Carroll, J Douglas and Chang, Jih-Jie},
  journal={Psychometrika},
  volume={35},
  number={3},
  pages={283--319},
  year={1970},
  publisher={Springer}
}
@article{qian2023improved,
  title={Improved low-rank tensor approximation for seismic random plus footprint noise suppression},
  author={Qian, Feng and He, Yu and Yue, Yuehua and Zhou, Yingjie and Wu, Bo and Hu, Guangmin},
  journal={IEEE Transactions on Geoscience and Remote Sensing},
  volume={61},
  pages={1--19},
  year={2023},
  publisher={IEEE}
}
@article{liu2024simultaneous,
  title={Simultaneous sparse and low rank regularization for seismic data denoising},
  author={Liu, Lina and Li, Yuntong},
  journal={IEEE Geoscience and Remote Sensing Letters},
  year={2024},
  publisher={IEEE}
}
@article{wang2015improved,
  title={An improved weighted projection onto convex sets method for seismic data interpolation and denoising},
  author={Wang, Benfeng and Chen, Xiaohong and Li, Jingye and Cao, Jingjie},
  journal={IEEE Journal of Selected Topics in Applied Earth Observations and Remote Sensing},
  volume={9},
  number={1},
  pages={228--235},
  year={2015},
  publisher={IEEE}
}
@article{li2022simultaneous,
  title={Simultaneous seismic data interpolation and denoising based on nonsubsampled contourlet transform integrating with two-step iterative log thresholding algorithm},
  author={Li, Chao and Wen, Xiaotao and Liu, Xingye and Zu, Shaohuan},
  journal={IEEE Transactions on Geoscience and Remote Sensing},
  volume={60},
  pages={1--10},
  year={2022},
  publisher={IEEE}
}
@article{meng2024stochastic,
  title={Stochastic Solutions for Simultaneous Seismic Data Denoising and Reconstruction via Score-based Generative Models},
  author={Meng, Chuangji and Gao, Jinghuai and Tian, Yajun and Chen, Hongling and Zhang, Wei and Luo, Renyu},
  journal={IEEE Transactions on Geoscience and Remote Sensing},
  year={2024},
  publisher={IEEE}
}
@article{osher2005iterative,
  title={An iterative regularization method for total variation-based image restoration},
  author={Osher, Stanley and Burger, Martin and Goldfarb, Donald and Xu, Jinjun and Yin, Wotao},
  journal={Multiscale Modeling \& Simulation},
  volume={4},
  number={2},
  pages={460--489},
  year={2005},
  publisher={SIAM}
}
@article{aharon2006k,
  title={K-SVD: An algorithm for designing overcomplete dictionaries for sparse representation},
  author={Aharon, Michal and Elad, Michael and Bruckstein, Alfred},
  journal={IEEE Transactions on Signal Processing},
  volume={54},
  number={11},
  pages={4311--4322},
  year={2006},
  publisher={IEEE}
}
@article{cai2010singular,
  title={A singular value thresholding algorithm for matrix completion},
  author={Cai, Jian-Feng and Cand{\`e}s, Emmanuel J and Shen, Zuowei},
  journal={SIAM Journal on Optimization},
  volume={20},
  number={4},
  pages={1956--1982},
  year={2010},
  publisher={SIAM}
}
@incollection{cheng2015application,
  title={Application of robust principal component analysis (RPCA) to suppress erratic noise in seismic records},
  author={Cheng, Jinkun and Chen, Ke and Sacchi, Mauricio D},
  booktitle={SEG Technical Program Expanded Abstracts 2015},
  pages={4646--4651},
  year={2015},
  publisher={Society of Exploration Geophysicists}
}
@article{zhu2019seismic,
  title={Seismic signal denoising and decomposition using deep neural networks},
  author={Zhu, Weiqiang and Mousavi, S Mostafa and Beroza, Gregory C},
  journal={IEEE Transactions on Geoscience and Remote Sensing},
  volume={57},
  number={11},
  pages={9476--9488},
  year={2019},
  publisher={IEEE}
}
@article{wang2020generative,
  title={Generative adversarial network for desert seismic data denoising},
  author={Wang, Hongzhou and Li, Yue and Dong, Xintong},
  journal={IEEE Transactions on Geoscience and Remote Sensing},
  volume={59},
  number={8},
  pages={7062--7075},
  year={2020},
  publisher={IEEE}
}
@article{goodfellow2020generative,
  title={Generative adversarial networks},
  author={Goodfellow, Ian and Pouget-Abadie, Jean and Mirza, Mehdi and Xu, Bing and Warde-Farley, David and Ozair, Sherjil and Courville, Aaron and Bengio, Yoshua},
  journal={Communications of the ACM},
  volume={63},
  number={11},
  pages={139--144},
  year={2020},
  publisher={ACM New York, NY, USA}
}
@article{wang2024efgw,
  title={EFGW-UNet: A Deep-learning-based Approach for Weak Signal Recovery in Seismic Data},
  author={Wang, Xinyang and Ma, Jun and Dong, Xintong and Zhong, Tie and Dong, Shiqi},
  journal={IEEE Transactions on Geoscience and Remote Sensing},
  year={2024},
  publisher={IEEE}
}
@article{lecun2015deep,
  title={Deep learning},
  author={LeCun, Yann and Bengio, Yoshua and Hinton, Geoffrey},
  journal={nature},
  volume={521},
  number={7553},
  pages={436--444},
  year={2015},
  publisher={Nature Publishing Group UK London}
}
@inproceedings{ronneberger2015u,
  title={U-net: Convolutional networks for biomedical image segmentation},
  author={Ronneberger, Olaf and Fischer, Philipp and Brox, Thomas},
  booktitle={Medical image computing and computer-assisted intervention--MICCAI 2015: 18th international conference, Munich, Germany, October 5-9, 2015, proceedings, part III 18},
  pages={234--241},
  year={2015},
  organization={Springer}
}
@article{liu2021unsupervised,
  title={Unsupervised deep learning for random noise attenuation of seismic data},
  author={Liu, Bin and Yue, Jinghang and Zuo, Zhiwu and Xu, Xinji and Fu, Chao and Yang, Senlin and Jiang, Peng},
  journal={IEEE Geoscience and Remote Sensing Letters},
  volume={19},
  pages={1--5},
  year={2021},
  publisher={IEEE}
}
@article{qiu2021deep,
  title={Deep learning prior model for unsupervised seismic data random noise attenuation},
  author={Qiu, Chenyu and Wu, Bangyu and Liu, Naihao and Zhu, Xu and Ren, Haoran},
  journal={IEEE Geoscience and Remote Sensing Letters},
  volume={19},
  pages={1--5},
  year={2021},
  publisher={IEEE}
}
@article{wang2022learning,
  title={Learning from noisy data: An unsupervised random denoising method for seismic data using model-based deep learning},
  author={Wang, Feng and Yang, Bo and Wang, Yuqing and Wang, Ming},
  journal={IEEE Transactions on Geoscience and Remote Sensing},
  volume={60},
  pages={1--14},
  year={2022},
  publisher={IEEE}
}
@article{meng2021self,
  title={Self-supervised learning for seismic data reconstruction and denoising},
  author={Meng, Fanlei and Fan, QinYin and Li, Yue},
  journal={IEEE Geoscience and Remote Sensing Letters},
  volume={19},
  pages={1--5},
  year={2021},
  publisher={IEEE}
}
@article{xu2023deep,
  title={Deep nonlocal regularizer: A self-supervised learning method for 3d seismic denoising},
  author={Xu, Zitai and Luo, Yisi and Wu, Bangyu and Meng, Deyu and Chen, Yangkang},
  journal={IEEE Transactions on Geoscience and Remote Sensing},
  year={2023},
  publisher={IEEE}
}
@article{qian2023unsupervised,
  title={Unsupervised seismic footprint removal with physical prior augmented deep autoencoder},
  author={Qian, Feng and Yue, Yuehua and He, Yu and Yu, Hongtao and Zhou, Yingjie and Tang, Jinliang and Hu, Guangmin},
  journal={IEEE Transactions on Geoscience and Remote Sensing},
  volume={61},
  pages={1--20},
  year={2023},
  publisher={IEEE}
}
@article{xu2023s2s,
  title={S2S-WTV: Seismic data noise attenuation using weighted total variation regularized self-supervised learning},
  author={Xu, Zitai and Luo, Yisi and Wu, Bangyu and Meng, Deyu},
  journal={IEEE Transactions on Geoscience and Remote Sensing},
  volume={61},
  pages={1--15},
  year={2023},
  publisher={IEEE}
}
@inproceedings{quan2020self2self,
  title={Self2self with dropout: Learning self-supervised denoising from single image},
  author={Quan, Yuhui and Chen, Mingqin and Pang, Tongyao and Ji, Hui},
  booktitle={Proceedings of the IEEE/CVF conference on computer vision and pattern recognition},
  pages={1890--1898},
  year={2020}
}
@article{wang2020structure,
  title={Structure-oriented DTGV regularization for random noise attenuation in seismic data},
  author={Wang, Dehua and Gao, Jinghuai and Liu, Naihao and Jiang, Xiudi},
  journal={IEEE Transactions on Geoscience and Remote Sensing},
  volume={59},
  number={2},
  pages={1757--1771},
  year={2020},
  publisher={IEEE}
}
@article{liu2021high,
  title={High-order directional total variation for seismic noise attenuation},
  author={Liu, Xingye and Li, Qin and Yuan, Cheng and Li, Jingye and Chen, Xiaohong and Chen, Yangkang},
  journal={IEEE Transactions on Geoscience and Remote Sensing},
  volume={60},
  pages={1--13},
  year={2021},
  publisher={IEEE}
}
@article{dong2015image,
  title={Image restoration via simultaneous sparse coding: Where structured sparsity meets Gaussian scale mixture},
  author={Dong, Weisheng and Shi, Guangming and Ma, Yi and Li, Xin},
  journal={International Journal of Computer Vision},
  volume={114},
  pages={217--232},
  year={2015},
  publisher={Springer}
}
@article{garrigues2010group,
  title={Group sparse coding with a laplacian scale mixture prior},
  author={Garrigues, Pierre and Olshausen, Bruno},
  journal={Advances in neural information processing systems},
  volume={23},
  year={2010}
}
@article{kilmer2011factorization,
  title={Factorization strategies for third-order tensors},
  author={Kilmer, Misha E and Martin, Carla D},
  journal={Linear Algebra and its Applications},
  volume={435},
  number={3},
  pages={641--658},
  year={2011},
  publisher={Elsevier}
}
@inproceedings{zhang2014novel,
  title={Novel methods for multilinear data completion and de-noising based on tensor-SVD},
  author={Zhang, Zemin and Ely, Gregory and Aeron, Shuchin and Hao, Ning and Kilmer, Misha},
  booktitle={Proceedings of the IEEE conference on computer vision and pattern recognition},
  pages={3842--3849},
  year={2014}
}
@inproceedings{lu2016tensor,
  title={Tensor robust principal component analysis: Exact recovery of corrupted low-rank tensors via convex optimization},
  author={Lu, Canyi and Feng, Jiashi and Chen, Yudong and Liu, Wei and Lin, Zhouchen and Yan, Shuicheng},
  booktitle={Proceedings of the IEEE conference on computer vision and pattern recognition},
  pages={5249--5257},
  year={2016}
}
@article{xie2017kronecker,
  title={Kronecker-basis-representation based tensor sparsity and its applications to tensor recovery},
  author={Xie, Qi and Zhao, Qian and Meng, Deyu and Xu, Zongben},
  journal={IEEE Transactions on Pattern Analysis and Machine Intelligence},
  volume={40},
  number={8},
  pages={1888--1902},
  year={2017},
  publisher={IEEE}
}

@article{bouali2011toward,
  title={Toward optimal destriping of MODIS data using a unidirectional variational model},
  author={Bouali, Marouan and Ladjal, Sa{\"\i}d},
  journal={IEEE Transactions on Geoscience and Remote Sensing},
  volume={49},
  number={8},
  pages={2924--2935},
  year={2011},
  publisher={IEEE}
}
@article{chang2013robust,
  title={Robust destriping method with unidirectional total variation and framelet regularization},
  author={Chang, Yi and Fang, Houzhang and Yan, Luxin and Liu, Hai},
  journal={Optics express},
  volume={21},
  number={20},
  pages={23307--23323},
  year={2013},
  publisher={Optica Publishing Group}
}
@article{zha2020image,
  title={Image restoration via simultaneous nonlocal self-similarity priors},
  author={Zha, Zhiyuan and Yuan, Xin and Zhou, Jiantao and Zhu, Ce and Wen, Bihan},
  journal={IEEE Transactions on Image Processing},
  volume={29},
  pages={8561--8576},
  year={2020},
  publisher={IEEE}
}
@article{zha2020benchmark,
  title={A benchmark for sparse coding: When group sparsity meets rank minimization},
  author={Zha, Zhiyuan and Yuan, Xin and Wen, Bihan and Zhou, Jiantao and Zhang, Jiachao and Zhu, Ce},
  journal={IEEE Transactions on Image Processing},
  volume={29},
  pages={5094--5109},
  year={2020},
  publisher={IEEE}
}
@inproceedings{dong2015low,
  title={Low-rank tensor approximation with laplacian scale mixture modeling for multiframe image denoising},
  author={Dong, Weisheng and Li, Guangyu and Shi, Guangming and Li, Xin and Ma, Yi},
  booktitle={Proceedings of the IEEE International Conference on Computer Vision},
  pages={442--449},
  year={2015}
}
@article{huang2017mixed,
  title={Mixed noise removal via Laplacian scale mixture modeling and nonlocal low-rank approximation},
  author={Huang, Tao and Dong, Weisheng and Xie, Xuemei and Shi, Guangming and Bai, Xiang},
  journal={IEEE Transactions on Image Processing},
  volume={26},
  number={7},
  pages={3171--3186},
  year={2017},
  publisher={IEEE}
}
@article{xue2022laplacian,
  title={When Laplacian scale mixture meets three-layer transform: A parametric tensor sparsity for tensor completion},
  author={Xue, Jize and Zhao, Yongqiang and Bu, Yuanyang and Chan, Jonathan Cheung-Wai and Kong, Seong G},
  journal={IEEE Transactions on Cybernetics},
  volume={52},
  number={12},
  pages={13887--13901},
  year={2022},
  publisher={IEEE}
}
@book{box2011bayesian,
  title={Bayesian inference in statistical analysis},
  author={Box, George EP and Tiao, George C},
  year={2011},
  publisher={John Wiley \& Sons}
}
@article{donoho1995noising,
  title={De-noising by soft-thresholding},
  author={Donoho, David L},
  journal={IEEE Transactions on Information Theory},
  volume={41},
  number={3},
  pages={613--627},
  year={1995},
  publisher={IEEE}
}
@article{goldstein2009split,
  title={The split Bregman method for L1-regularized problems},
  author={Goldstein, Tom and Osher, Stanley},
  journal={SIAM Journal on Imaging Sciences},
  volume={2},
  number={2},
  pages={323--343},
  year={2009},
  publisher={SIAM}
}
@article{boyd2011distributed,
  title={Distributed optimization and statistical learning via the alternating direction method of multipliers},
  author={Boyd, Stephen and Parikh, Neal and Chu, Eric and Peleato, Borja and Eckstein, Jonathan and others},
  journal={Foundations and Trends{\textregistered} in Machine learning},
  volume={3},
  number={1},
  pages={1--122},
  year={2011},
  publisher={Now Publishers, Inc.}
}
@article{chang2015anisotropic,
  title={Anisotropic spectral-spatial total variation model for multispectral remote sensing image destriping},
  author={Chang, Yi and Yan, Luxin and Fang, Houzhang and Luo, Chunan},
  journal={IEEE Transactions on Image Processing},
  volume={24},
  number={6},
  pages={1852--1866},
  year={2015},
  publisher={IEEE}
}
@article{chan2013constrained,
  title={Constrained total variation deblurring models and fast algorithms based on alternating direction method of multipliers},
  author={Chan, Raymond H and Tao, Min and Yuan, Xiaoming},
  journal={SIAM Journal on Imaging Sciences},
  volume={6},
  number={1},
  pages={680--697},
  year={2013},
  publisher={SIAM}
}
@article{lu2019tensor,
  title={Tensor robust principal component analysis with a new tensor nuclear norm},
  author={Lu, Canyi and Feng, Jiashi and Chen, Yudong and Liu, Wei and Lin, Zhouchen and Yan, Shuicheng},
  journal={IEEE Transactions on Pattern Analysis and Machine Intelligence},
  volume={42},
  number={4},
  pages={925--938},
  year={2019},
  publisher={IEEE}
}
@article{wang2004image,
  title={Image quality assessment: from error visibility to structural similarity},
  author={Wang, Zhou and Bovik, Alan C and Sheikh, Hamid R and Simoncelli, Eero P},
  journal={IEEE Transactions on Image Processing},
  volume={13},
  number={4},
  pages={600--612},
  year={2004},
  publisher={IEEE}
}
@article{mittal2012no,
  title={No-reference image quality assessment in the spatial domain},
  author={Mittal, Anish and Moorthy, Anush Krishna and Bovik, Alan Conrad},
  journal={IEEE Transactions on Image Processing},
  volume={21},
  number={12},
  pages={4695--4708},
  year={2012},
  publisher={IEEE}
}
@article{mittal2012making,
  title={Making a “completely blind” image quality analyzer},
  author={Mittal, Anish and Soundararajan, Rajiv and Bovik, Alan C},
  journal={IEEE Signal Processing Letters},
  volume={20},
  number={3},
  pages={209--212},
  year={2012},
  publisher={IEEE}
}
@inproceedings{venkatanath2015blind,
  title={Blind image quality evaluation using perception based features},
  author={Venkatanath, Narasimhan and Praneeth, D and Bh, Maruthi Chandrasekhar and Channappayya, Sumohana S and Medasani, Swarup S},
  booktitle={2015 twenty first national conference on communications (NCC)},
  pages={1--6},
  year={2015},
  organization={IEEE}
}
