@article{shuai2022adaptive,
  title={Adaptive multi-view and temporal fusing transformer for {3D} human pose estimation},
  author={Shuai, Hui and Wu, Lele and Liu, Qingshan},
  journal={IEEE Transactions on Pattern Analysis and Machine Intelligence},
  volume       = {45},
  number       = {4},
  pages        = {4122--4135},
  year         = {2023},
  publisher={IEEE}
}

@inproceedings{cai2024fusionformer,
  title={{FusionFormer:} {A} Concise Unified Feature Fusion Transformer for {3D} Pose Estimation},
  author={Cai, Yanlu and Zhang, Weizhong and Wu, Yuan and Jin, Cheng},
  booktitle={Proc. AAAI},
  volume={38},
  number={2},
  pages={900--908},
  year={2024}
}

@inproceedings{zhao2023triangulation,
  title={Triangulation residual loss for data-efficient {3D} pose estimation},
  author={Zhao, Jiachen and Yu, Tao and An, Liang and Huang, Yipeng and Deng, Fang and Dai, Qionghai},
  booktitle={Proc. NeurIPS},
  volume={36},
  pages={12721--12732},
  year={2023}
}

@inproceedings{pavlakos2017coarse,
  title={Coarse-to-fine volumetric prediction for single-image {3D} human pose},
  author={Georgios Pavlakos and
                  Xiaowei Zhou and
                  Konstantinos G. Derpanis and
                  Kostas Daniilidis},
  booktitle={Proc. CVPR},
  pages        = {1263--1272},
  year={2017}
}

@inproceedings{zhang2021direct,
  title={Direct multi-view multi-person {3D} pose estimation},
  author={Tao Wang and
                  Jianfeng Zhang and
                  Yujun Cai and
                  Shuicheng Yan and
                  Jiashi Feng},
  booktitle={Proc. NeurIPS},
  volume={34},
  pages={13153--13164},
  year={2021}
}

@inproceedings{bartol2022generalizable,
  title={Generalizable human pose triangulation},
  author={Kristijan Bartol and
                  David Bojanic and
                  Tomislav Petkovic},
  booktitle={Proc. CVPR},
  pages        = {11018--11027},
  year={2022}
}

@article{ma2023self,
  title={Self-supervised method for {3D} human pose estimation with consistent shape and viewpoint factorization},
  author={Ma, Zhichao and Li, Kan and Li, Yang},
  journal={Applied Intelligence},
  volume={53},
  number={4},
  pages={3864--3876},
  year={2023},
  publisher={Springer}
}

@inproceedings{xia2022vitpose,
  title={{VitPose:} {Multi-view} {3D} human pose estimation with vision transformer},
  author={Xia, Hailun and Zhang, Qiang},
  booktitle={Proc. ICCC},
  pages={1922--1927},
  year={2022}
}

@inproceedings{zhang20233d,
  title={{3D-aware} Neural Body Fitting for Occlusion Robust {3D} Human Pose Estimation},
  author={Yi Zhang and
                  Pengliang Ji and
                  Angtian Wang and
                  Jieru Mei and
                  Adam Kortylewski and
                  Alan L. Yuille},
  booktitle={Proc. ICCV},
  pages        = {9365--9376},
  year={2023}
}

@inproceedings{cheng2019occlusion,
  title={Occlusion-aware networks for {3D} human pose estimation in video},
  author={Cheng, Yu and Yang, Bo and Wang, Bo and Yan, Wending and Tan, Robby T},
  booktitle={Proc. ICCV},
  pages={723--732},
  year={2019}
}

%单视角3D人体姿态
@inproceedings{liu2020attention,
  title={Attention mechanism exploits temporal contexts: {Real-time} {3D} human pose reconstruction},
  author={Ruixu Liu and
                  Ju Shen and
                  He Wang and
                  Chen Chen and
                  Sen{-}Ching S. Cheung and
                  Vijayan K. Asari},
  booktitle={Proc. CVPR},
  pages        = {5063--5072},
  year={2020}
}

@inproceedings{zeng2020srnet,
  title={{SRNet:} {Improving} Generalization in {3D} Human Pose Estimation with a Split-and-Recombine Approach},
  author={Zeng, Ailing and Sun, Xiao and Huang, Fuyang and Liu, Minhao and Xu, Qiang and Lin, Stephen},
  booktitle={Proc. ECCV},
  volume       = {12359},
  pages        = {507--523},
  year={2020}
}

@inproceedings{wang2020motion,
  title={Motion Guided {3D} Pose Estimation from Videos},
  author={Wang, Jingbo and Yan, Sijie and Xiong, Yuanjun and Lin, Dahua},
  booktitle={Proc. ECCV},
  volume       = {12358},
  pages        = {764--780},
  year={2020}
}

@article{chen2021anatomy,
  title={Anatomy-aware {3D} human pose estimation with bone-based pose decomposition},
  author={Chen, Tianlang and Fang, Chen and Shen, Xiaohui and Zhu, Yiheng and Chen, Zhili and Luo, Jiebo},
  journal={IEEE Transactions on Circuits and Systems for Video Technology},
  volume={32},
  number={1},
  pages={198--209},
  year={2022},
  publisher={IEEE}
}

@inproceedings{zheng2021_3d_hpe,
  title={{3D} Human Pose Estimation with Spatial and Temporal Transformers},
  author={Zheng, Ce and Zhu, Sijie and Mendieta, Matias and Yang, Taojiannan and Chen, Chen and Ding, Zhengming},
  booktitle={Proc. ICCV},
  pages={11636--11645},
  year={2021}
}
%单视角3D人体姿态

@inproceedings{moreno20173d,
  title={{3D} Human Pose Estimation from a Single Image via Distance Matrix Regression},
  author={Moreno-Noguer, Francesc},
  booktitle={Proc. CVPR},
  pages        = {1561--1570},
  year={2017}
}

@inproceedings{srivastav2024selfpose3d,
  title={{SelfPose3d:} {Self-supervised} Multi-Person Multi-View {3d} Pose Estimation},
  author={Srivastav, Vinkle and Chen, Keqi and Padoy, Nicolas},
  booktitle={Proc. CVPR},
  pages={2502--2512},
  year={2024}
}

@article{zhang2020learning,
  title={Learning {3D} human shape and pose from dense body parts},
  author={Zhang, Hongwen and Cao, Jie and Lu, Guo and Ouyang, Wanli and Sun, Zhenan},
  journal={IEEE Transactions on Pattern Analysis and Machine Intelligence},
  volume={44},
  number={5},
  pages={2610--2627},
  year={2022},
  publisher={IEEE}
}

%多视角
@article{liu2021dual,
  title={Dual-view {3D} human pose estimation without camera parameters for action recognition},
  author={Liu, Long and Yang, Le and Chen, Wanjun and Gao, Xin},
  journal={IET Image Processing},
  volume={15},
  number={14},
  pages={3433--3440},
  year={2021},
  publisher={Wiley Online Library}
}



@inproceedings{iskakov2019learnable,
  title={Learnable triangulation of human pose},
  author={Karim Iskakov and
                  Egor Burkov and
                  Victor S. Lempitsky and
                  Yury Malkov},
  booktitle={Proc. ICCV},
  pages={7717--7726},
  year={2019}
}

@inproceedings{jenni2020self,
  title={Self-supervised multi-view synchronization learning for {3D} pose estimation},
  author={Jenni, Simon and Favaro, Paolo},
  booktitle={Proc. ACCV},
  volume       = {12626},
  pages        = {170--187},
  year={2020}
}

@article{wang2022smart,
  title={{Smart-VPoseNet:} {3D} human pose estimation models and methods based on multi-view discriminant network},
  author={Wang, Hao and Sun, Minghui},
  journal={Knowledge-Based Systems},
  volume={239},
  pages={107992},
  year={2022},
  publisher={Elsevier}
}

@inproceedings{reddy2021tessetrack,
  title={{TesseTrack:} {End-to-end} Learnable Multi-Person Articulated {3D} Pose Tracking},
  author={N. Dinesh Reddy and
                  Laurent Guigues and
                  Leonid Pishchulin and
                  Jayan Eledath and
                  Srinivasa G. Narasimhan},
  booktitle={Proc. CVPR},
  pages={15190--15200},
  year={2021}
}

@article{wan2023view,
  title={View consistency aware holistic triangulation for {3D} human pose estimation},
  author={Wan, Xiaoyue and Chen, Zhuo and Zhao, Xu},
  journal={Computer Vision and Image Understanding},
  volume={236},
  pages={103830},
  year={2023},
  publisher={Elsevier}
}



@inproceedings{martinez2017simple,
  title={A simple yet effective baseline for {3D} human pose estimation},
  author={Julieta Martinez and
                  Rayat Hossain and
                  Javier Romero and
                  James J. Little},
  booktitle={Proc. ICCV},
  pages={2659--2668},
  year={2017}
}

@article{ionescu2013human3,
  title={{Human3.6M:} {Large} Scale Datasets and Predictive Methods for {3D} Human Sensing in Natural Environments},
  author={Ionescu, Catalin and Papava, Dragos and Olaru, Vlad and Sminchisescu, Cristian},
  journal={IEEE Transactions on Pattern Analysis and Machine Intelligence},
  volume={36},
  number={7},
  pages={1325--1339},
  year={2014},
  publisher={IEEE}
}

@inproceedings{paszke2017automatic,
  title={Automatic differentiation in {PyTorch}},
  author={Paszke, Adam and others},
  booktitle={Proc. NeurIPSW},
  year={2017}
}

@inproceedings{kingma2014adam,
  title={Adam: A method for stochastic optimization},
  author={Diederik P. Kingma and
                  Jimmy Ba},
  booktitle={Proc. ICLR},
  year={2015}
}

@inproceedings{liu2021swin,
  title={Swin transformer: Hierarchical vision transformer using shifted windows},
  author={Liu, Ze and others},
  booktitle={Proc. ICCV},
  pages        = {9992--10002},
  year={2021}
}

@inproceedings{dosovitskiy2020image,
  title={An image is worth 16x16 words: Transformers for image recognition at scale},
  author={Alexey Dosovitskiy and others},
  booktitle={Proc. ICLR},
  year={2021}
}

@article{zheng2023deep,
  title={Deep learning-based human pose estimation: A survey},
  author={Zheng, Ce and others},
  journal={ACM Computing Surveys},
  volume={56},
  number={1},
  pages={1--37},
  year={2024},
  publisher={ACM New York, NY}
}

@article{wang2022lhpe,
  title={{LHPE-nets:} {A} lightweight {2D} and {3D} human pose estimation model with well-structural deep networks and multi-view pose sample simplification method},
  author={Wang, Hao and Sun, Ming-hui and Zhang, Hao and Dong, Li-yan},
  journal={Plos One},
  volume={17},
  number={2},
  pages={e0264302},
  year={2022},
  publisher={Public Library of Science San Francisco, CA USA}
}

@inproceedings{qiu2019cross,
  title={Cross View Fusion for {3D} Human Pose Estimation},
  author={Qiu, Haibo and Wang, Chunyu and Wang, Jingdong and Wang, Naiyan and Zeng, Wenjun},
  booktitle={Proc. ICCV},
  pages        = {4341--4350},
  year={2019}
}

@inproceedings{jiang2023probabilistic,
  title={Probabilistic triangulation for uncalibrated multi-view {3D} human pose estimation},
  author={Jiang, Boyuan and Hu, Lei and Xia, Shihong},
  booktitle={Proc. ICCV},
  pages        = {14804--14814},
  year={2023}
}

@article{sarandi2018robust,
  title={How robust is {3D} human pose estimation to occlusion?},
  author={S{\'a}r{\'a}ndi, Istv{\'a}n and Linder, Timm and Arras, Kai O and Leibe, Bastian},
  journal={arXiv preprint arXiv:1808.09316},
  year={2018}
}

@article{xu2024multi,
  title={Multi-person {3D} pose estimation from multi-view without extrinsic camera parameters},
  author={Xu, Daoliang and Zheng, Tianyou and Zhang, Yang and Yang, Xiaodong and Fu, Weiwei},
  journal={Expert Systems with Applications},
  pages={126114},
  year={2024},
  publisher={Elsevier}
}

@inproceedings{haque2016towards,
  title={Towards viewpoint invariant 3d human pose estimation},
  author={Haque, Albert and Peng, Boya and Luo, Zelun and Alahi, Alexandre and Yeung, Serena and Fei-Fei, Li},
  booktitle={Proc. ECCV},
  volume       = {9905},
  pages        = {160--177},
  year={2016}
}

@article{nunez2019multiview,
  title={Multiview {3D} human pose estimation using improved least-squares and {LSTM} networks},
  author={Juan C. N{\'{u}}{\~{n}}ez and
                  Ra{\'{u}}l Cabido and
                  Jos{\'{e}} Francisco V{\'{e}}lez and
                  Antonio S. Montemayor and
                  Juan Jos{\'{e}} Pantrigo},
  journal={Neurocomputing},
  volume={323},
  pages={335--343},
  year={2019},
  publisher={Elsevier}
}

@inproceedings{jia20233d,
  title={{3D} Human Pose Estimation via Graph Extended Spatio-Temporal Convolutional Network},
  author={Jia, Yanhui and Fan, Wanshu and Zhou, Dongsheng and Zhang, Qiang},
  booktitle={Proc. ICVR},
  pages={139--146},
  year={2023}
}

@inproceedings{liu2021graph,
  title={A graph attention spatio-temporal convolutional network for {3D} human pose estimation in video},
  author={Liu, Junfa and others},
  booktitle={Proc. ICRA},
  pages={3374--3380},
  year={2021}
}

@inproceedings{yan2018spatial,
  title={Spatial temporal graph convolutional networks for skeleton-based action recognition},
  author={Yan, Sijie and Xiong, Yuanjun and Lin, Dahua},
  booktitle={Proc. AAAI},
  pages        = {7444--7452},
  volume={32},
  number={1},
  year={2018}
}

@inproceedings{wu2021graph,
  title={Graph-Based {3D} Multi-Person Pose Estimation Using Multi-View Images},
  author={Wu, Size and others},
  booktitle={Proc. ICCV},
  pages        = {11128--11137},
  year={2021}
}

@inproceedings{cheng20203d,
  title={{3D} Human Pose Estimation Using Spatio-Temporal Networks with Explicit Occlusion Training},
  author={Yu Cheng and
                  Bo Yang and
                  Bo Wang and
                  Robby T. Tan},
  booktitle={Proc. AAAI},
  volume={34},
  number={07},
  pages={10631--10638},
  year={2020}
}

@ARTICLE{9829868,
  author={Yang, Chen and Yao, Shun-Yu and Zhou, Zan-Wei and Ji, Bin and Zhai, Guang-Tao and Shen, Wei},
  journal={IEEE Transactions on Circuits and Systems for Video Technology}, 
  title={Poxture: Human Posture Imitation Using Neural Texture}, 
  year={2022},
  volume={32},
  number={12},
  pages={8537--8549},
  keywords={Three-dimensional displays;Shape measurement;Biological system modeling;Task analysis;Solid modeling;Image reconstruction;Motion transfer;human pose imitation;person image generation}
}

@ARTICLE{9350298,
  author={Li, Rui and Wang, Hongyu and Liu, Zhenyu},
  journal={IEEE Transactions on Circuits and Systems for Video Technology}, 
  title={Survey on Mapping Human Hand Motion to Robotic Hands for Teleoperation}, 
  year={2022},
  volume={32},
  number={5},
  pages={2647--2665}
}

@ARTICLE{7466118,
  author={Liu, Zhenbao and Huang, Jinxin and Han, Junwei and Bu, Shuhui and Lv, Jianfeng},
  journal={IEEE Transactions on Circuits and Systems for Video Technology}, 
  title={Human Motion Tracking by Multiple {RGBD} Cameras}, 
  year={2017},
  volume={27},
  number={9},
  pages={2014--2027}
}

@ARTICLE{10584563,
  author={Niu, Zehai and Lu, Ke and Xue, Jian and Qin, Xiaoyu and Wang, Jinbao and Shao, Ling},
  journal={IEEE Transactions on Circuits and Systems for Video Technology}, 
  title={From Methods to Applications: A Review of Deep {3D} Human Motion Capture}, 
  year={2024},
  volume={34},
  number={11},
  pages={11340--11359}
}

@ARTICLE{9153745,
  author={Chen, Kai and Song, Xiao and Ren, Xiaoxiang},
  journal={IEEE Transactions on Circuits and Systems for Video Technology}, 
  title={Pedestrian Trajectory Prediction in Heterogeneous Traffic Using Pose Keypoints-Based Convolutional Encoder-Decoder Network}, 
  year={2021},
  volume={31},
  number={5},
  pages={1764--1775}
}

@inproceedings{kadkhodamohammadi2017multi,
  title={A multi-view {RGB-D} approach for human pose estimation in operating rooms},
  author={Kadkhodamohammadi, Abdolrahim and Gangi, Afshin and de Mathelin, Michel and Padoy, Nicolas},
  booktitle={Proc. WACV},
  pages={363--372},
  year={2017}
}



@inproceedings{amin2013multi,
  title={Multi-view Pictorial Structures for {3D} Human Pose Estimation},
  author={Amin, Sikandar and Andriluka, Mykhaylo and Rohrbach, Marcus and Schiele, Bernt},
  booktitle={Proc. BMVC},
  volume={1},
  number={2},
  year={2013}
}


@inproceedings{solichah2020marker,
  title={Marker-less Motion Capture Based on Openpose Model Using Triangulation},
  author={Solichah, Uti and Purnomo, Mauridhi Hery and Yuniarno, Eko Mulyanto},
  booktitle={Proc. ISITIA},
  pages={217--222},
  year={2020}
}

@article{kadkhodamohammadi2021generalizable,
  title={A generalizable approach for multi-view {3D} human pose regression},
  author={Kadkhodamohammadi, Abdolrahim and Padoy, Nicolas},
  journal={Machine Vision and Applications},
  volume={32},
  number={1},
  pages={6},
  year={2021},
  publisher={Springer}
}

@article{yu2024yolo,
  title={{YOLO-FaceV2:} {A} scale and occlusion aware face detector},
  author={Yu, Ziping and Huang, Hongbo and Chen, Weijun and Su, Yongxin and Liu, Yahui and Wang, Xiuying},
  journal={Pattern Recognition},
  volume={155},
  pages={110714},
  year={2024},
  publisher={Elsevier}
}

@inproceedings{ke2021deep,
  title={Deep occlusion-aware instance segmentation with overlapping bilayers},
  author={Ke, Lei and Tai, Yu-Wing and Tang, Chi-Keung},
  booktitle={Proc. CVPR},
  pages        = {4019--4028},
  year={2021}
}