@inproceedings{bartol2022generalizable,
  title={Generalizable human pose triangulation},
  author={Kristijan Bartol and
                  David Bojanic and
                  Tomislav Petkovic},
  booktitle={Proc. CVPR},
  pages        = {11018--11027},
  year={2022}
}

@inproceedings{cai2024fusionformer,
  title={{FusionFormer:} {A} Concise Unified Feature Fusion Transformer for {3D} Pose Estimation},
  author={Cai, Yanlu and Zhang, Weizhong and Wu, Yuan and Jin, Cheng},
  booktitle={Proc. AAAI},
  volume={38},
  number={2},
  pages={900--908},
  year={2024}
}

@inproceedings{cheng2019occlusion,
  title={Occlusion-aware networks for {3D} human pose estimation in video},
  author={Cheng, Yu and Yang, Bo and Wang, Bo and Yan, Wending and Tan, Robby T},
  booktitle={Proc. ICCV},
  pages={723--732},
  year={2019}
}

@inproceedings{jiang2023probabilistic,
  title={Probabilistic triangulation for uncalibrated multi-view {3D} human pose estimation},
  author={Jiang, Boyuan and Hu, Lei and Xia, Shihong},
  booktitle={Proc. ICCV},
  pages        = {14804--14814},
  year={2023}
}

@inproceedings{ke2021deep,
  title={Deep occlusion-aware instance segmentation with overlapping bilayers},
  author={Ke, Lei and Tai, Yu-Wing and Tang, Chi-Keung},
  booktitle={Proc. CVPR},
  pages        = {4019--4028},
  year={2021}
}

@article{ma2023self,
  title={Self-supervised method for {3D} human pose estimation with consistent shape and viewpoint factorization},
  author={Ma, Zhichao and Li, Kan and Li, Yang},
  journal={Applied Intelligence},
  volume={53},
  number={4},
  pages={3864--3876},
  year={2023},
  publisher={Springer}
}

@inproceedings{pavlakos2017coarse,
  title={Coarse-to-fine volumetric prediction for single-image {3D} human pose},
  author={Georgios Pavlakos and
                  Xiaowei Zhou and
                  Konstantinos G. Derpanis and
                  Kostas Daniilidis},
  booktitle={Proc. CVPR},
  pages        = {1263--1272},
  year={2017}
}

@article{shuai2022adaptive,
  title={Adaptive multi-view and temporal fusing transformer for {3D} human pose estimation},
  author={Shuai, Hui and Wu, Lele and Liu, Qingshan},
  journal={IEEE Transactions on Pattern Analysis and Machine Intelligence},
  volume       = {45},
  number       = {4},
  pages        = {4122--4135},
  year         = {2023},
  publisher={IEEE}
}

@inproceedings{xia2022vitpose,
  title={{VitPose:} {Multi-view} {3D} human pose estimation with vision transformer},
  author={Xia, Hailun and Zhang, Qiang},
  booktitle={Proc. ICCC},
  pages={1922--1927},
  year={2022}
}

@article{yu2024yolo,
  title={{YOLO-FaceV2:} {A} scale and occlusion aware face detector},
  author={Yu, Ziping and Huang, Hongbo and Chen, Weijun and Su, Yongxin and Liu, Yahui and Wang, Xiuying},
  journal={Pattern Recognition},
  volume={155},
  pages={110714},
  year={2024},
  publisher={Elsevier}
}

@inproceedings{zhang2021direct,
  title={Direct multi-view multi-person {3D} pose estimation},
  author={Tao Wang and
                  Jianfeng Zhang and
                  Yujun Cai and
                  Shuicheng Yan and
                  Jiashi Feng},
  booktitle={Proc. NeurIPS},
  volume={34},
  pages={13153--13164},
  year={2021}
}

@inproceedings{zhang20233d,
  title={{3D-aware} Neural Body Fitting for Occlusion Robust {3D} Human Pose Estimation},
  author={Yi Zhang and
                  Pengliang Ji and
                  Angtian Wang and
                  Jieru Mei and
                  Adam Kortylewski and
                  Alan L. Yuille},
  booktitle={Proc. ICCV},
  pages        = {9365--9376},
  year={2023}
}

@inproceedings{zhao2023triangulation,
  title={Triangulation residual loss for data-efficient {3D} pose estimation},
  author={Zhao, Jiachen and Yu, Tao and An, Liang and Huang, Yipeng and Deng, Fang and Dai, Qionghai},
  booktitle={Proc. NeurIPS},
  volume={36},
  pages={12721--12732},
  year={2023}
}

