@article{Belieres--Frendo2024Jul,
  title={{Volume-preserving geometric shape optimization of the Dirichlet energy using variational neural networks}},
  author={Frendo, Amaury B{\'e}li{\`e}res and Franck, Emmanuel and Michel-Dansac, Victor and Privat, Yannick},
  journal={Neural Netw.},
  pages={106957},
  year={2024},
  publisher={Elsevier}
}

@article{Bogosel2016Nov,
	author = {Bogosel, Beniamin},
	title = {{The method of fundamental solutions applied to boundary eigenvalue problems}},
	journal = {J. Comput. Appl. Math.},
	volume = {306},
	pages = {265--285},
	year = {2016},
	issn = {0377-0427},
	publisher = {North-Holland}
}

@article{Cui2021Apr,
	author = {Cui, Mingtao and Luo, Chenchun and Li, Guang and Pan, Min},
	title = {{The parameterized level set method for structural topology optimization with shape sensitivity constraint factor}},
	journal = {Eng. Comput.},
	volume = {37},
	number = {2},
	pages = {855--872},
	year = {2021},
	issn = {1435-5663},
	publisher = {Springer London}
}

@inproceedings{Zehnder2021Dec,
  author       = {Jonas Zehnder and
                  Yue Li and
                  Stelian Coros and
                  Bernhard Thomaszewski},
  title        = {{NTopo: Mesh-free Topology Optimization using Implicit Neural Representations}},
  booktitle    = {NeurIPS},
  year         = {2021}
}

@article{antunes_numerical_2017,
	author = {Antunes, Pedro R. S. and Oudet, {\ifmmode\acute{E}\else\'{E}\fi}douard},
	title = {{Numerical Minimization of Dirichlet Laplacian Eigenvalues of Four-Dimensional Geometries}},
	journal = {SIAM J. Sci. Comput.},
	year = {2017},
	publisher = {Society for Industrial and Applied Mathematics}
}

@article{deng_parametric_nodate,
	author = {Deng, Hao and To, Albert C.},
	title = {{A Parametric Level Set Method for Topology Optimization Based on Deep Neural Network}},
	journal = {J. Mech. Des.},
	volume = {143},
	number = {9},
	year = {2021},
	issn = {1050-0472},
	publisher = {American Society of Mechanical Engineers Digital Collection}
}

@article{grossmann2023physicsinformedneuralnetworksbeat,
  title={Can physics-informed neural networks beat the finite element method?},
  author={Grossmann, Tamara G and Komorowska, Urszula Julia and Latz, Jonas and Sch{\"o}nlieb, Carola-Bibiane},
  journal={IMA J. Appl. Math.},
  volume = {89},
  number = {1},
  pages = {143-174},
  year = {2024},
  publisher={Oxford University Press}
}

@article{raissi2017physics,
      title={Physics Informed Deep Learning (Part I): Data-driven Solutions of Nonlinear Partial Differential Equations}, 
      author={Maziar Raissi and Paris Perdikaris and George Em Karniadakis},
      year={2017},
      journal={arXiv:1711.10561}
}

