@article{3dgs,
  title={3d gaussian splatting for real-time radiance field rendering.},
  author={Kerbl, Bernhard and Kopanas, Georgios and Leimk{\"u}hler, Thomas and Drettakis, George},
  journal={ACM Trans. Graph.},
  volume={42},
  number={4},
  pages={139--1},
  year={2023}
}

@article{agile_loco,
  title={Sim-to-real: Learning agile locomotion for quadruped robots},
  author={Tan, Jie and Zhang, Tingnan and Coumans, Erwin and Iscen, Atil and Bai, Yunfei and Hafner, Danijar and Bohez, Steven and Vanhoucke, Vincent},
  journal={arXiv preprint arXiv:1804.10332},
  year={2018}
}

@article{cad2rl,
  title={Cad2rl: Real single-image flight without a single real image},
  author={Sadeghi, Fereshteh and Levine, Sergey},
  journal={arXiv preprint arXiv:1611.04201},
  year={2016}
}

@inproceedings{closing,
  title={Closing the sim-to-real loop: Adapting simulation randomization with real world experience},
  author={Chebotar, Yevgen and Handa, Ankur and Makoviychuk, Viktor and Macklin, Miles and Issac, Jan and Ratliff, Nathan and Fox, Dieter},
  booktitle={2019 International Conference on Robotics and Automation (ICRA)},
  pages={8973--8979},
  year={2019},
  organization={IEEE}
}

@article{dexterous,
  title={Learning dexterous in-hand manipulation},
  author={Andrychowicz, OpenAI: Marcin and Baker, Bowen and Chociej, Maciek and Jozefowicz, Rafal and McGrew, Bob and Pachocki, Jakub and Petron, Arthur and Plappert, Matthias and Powell, Glenn and Ray, Alex and others},
  journal={The International Journal of Robotics Research},
  volume={39},
  number={1},
  pages={3--20},
  year={2020},
  publisher={SAGE Publications Sage UK: London, England}
}

@misc{discoverse2024,
      title={DISCOVERSE: Efficient Robot Simulation in Complex High-Fidelity Environments},
      author={Yufei Jia and Guangyu Wang and Yuhang Dong and Junzhe Wu and Yupei Zeng and Haizhou Ge and Kairui Ding and Zike Yan and Weibin Gu and Chuxuan Li and Ziming Wang and Yunjie Cheng and Wei Sui and Ruqi Huang and Guyue Zhou},
      url={https://air-discoverse.github.io/},
      year={2024}
}

@inproceedings{domain,
  title={Domain randomization for transferring deep neural networks from simulation to the real world},
  author={Tobin, Josh and Fong, Rachel and Ray, Alex and Schneider, Jonas and Zaremba, Wojciech and Abbeel, Pieter},
  booktitle={2017 IEEE/RSJ international conference on intelligent robots and systems (IROS)},
  pages={23--30},
  year={2017},
  organization={IEEE}
}

@article{drivedreamer,
  title={Drivedreamer: Towards real-world-driven world models for autonomous driving},
  author={Wang, Xiaofeng and Zhu, Zheng and Huang, Guan and Chen, Xinze and Zhu, Jiagang and Lu, Jiwen},
  journal={arXiv preprint arXiv:2309.09777},
  year={2023}
}

@article{dynamic_motor,
  title={Learning agile and dynamic motor skills for legged robots},
  author={Hwangbo, Jemin and Lee, Joonho and Dosovitskiy, Alexey and Bellicoso, Dario and Tsounis, Vassilios and Koltun, Vladlen and Hutter, Marco},
  journal={Science Robotics},
  volume={4},
  number={26},
  pages={eaau5872},
  year={2019},
  publisher={American Association for the Advancement of Science}
}

@inproceedings{dynamic_random,
  title={Sim-to-real transfer of robotic control with dynamics randomization},
  author={Peng, Xue Bin and Andrychowicz, Marcin and Zaremba, Wojciech and Abbeel, Pieter},
  booktitle={2018 IEEE international conference on robotics and automation (ICRA)},
  pages={3803--3810},
  year={2018},
  organization={IEEE}
}

@inproceedings{dynamics_revisit,
  title={Dynamics randomization revisited: A case study for quadrupedal locomotion},
  author={Xie, Zhaoming and Da, Xingye and Van de Panne, Michiel and Babich, Buck and Garg, Animesh},
  booktitle={2021 IEEE International Conference on Robotics and Automation (ICRA)},
  pages={4955--4961},
  year={2021},
  organization={IEEE}
}

@article{gensim,
  title={Gensim: Generating robotic simulation tasks via large language models},
  author={Wang, Lirui and Ling, Yiyang and Yuan, Zhecheng and Shridhar, Mohit and Bao, Chen and Qin, Yuzhe and Wang, Bailin and Xu, Huazhe and Wang, Xiaolong},
  journal={arXiv preprint arXiv:2310.01361},
  year={2023}
}

@article{layout,
  title={Layout-guided multi-view driving scene video generation with latent diffusion model},
  author={Li, Xiaofan and Zhang, Yifu and Drivingdiffusion, Xiaoqing Ye},
  journal={arXiv preprint arXiv:2310.07771},
  volume={2},
  number={3},
  year={2023}
}

@inproceedings{lucidsim,
  title={Learning Visual Parkour from Generated Images},
  author={Yu, Alan and Yang, Ge and Choi, Ran and Ravan, Yajvan and Leonard, John and Isola, Phillip},
  booktitle={8th Annual Conference on Robot Learning},
  year={2024}
}

@article{nerf,
  title={Nerf: Representing scenes as neural radiance fields for view synthesis},
  author={Mildenhall, Ben and Srinivasan, Pratul P and Tancik, Matthew and Barron, Jonathan T and Ramamoorthi, Ravi and Ng, Ren},
  journal={Communications of the ACM},
  volume={65},
  number={1},
  pages={99--106},
  year={2021},
  publisher={ACM New York, NY, USA}
}

@inproceedings{nerf2real,
  title={Nerf2real: Sim2real transfer of vision-guided bipedal motion skills using neural radiance fields},
  author={Byravan, Arunkumar and Humplik, Jan and Hasenclever, Leonard and Brussee, Arthur and Nori, Francesco and Haarnoja, Tuomas and Moran, Ben and Bohez, Steven and Sadeghi, Fereshteh and Vujatovic, Bojan and others},
  booktitle={2023 IEEE International Conference on Robotics and Automation (ICRA)},
  pages={9362--9369},
  year={2023},
  organization={IEEE}
}

@article{quach2024gaussian,
  title={Gaussian splatting to real world flight navigation transfer with liquid networks},
  author={Quach, Alex and Chahine, Makram and Amini, Alexander and Hasani, Ramin and Rus, Daniela},
  journal={arXiv preprint arXiv:2406.15149},
  year={2024}
}

@article{reconciling,
  title={Reconciling reality through simulation: A real-to-sim-to-real approach for robust manipulation},
  author={Torne, Marcel and Simeonov, Anthony and Li, Zechu and Chan, April and Chen, Tao and Gupta, Abhishek and Agrawal, Pulkit},
  journal={arXiv preprint arXiv:2403.03949},
  year={2024}
}

@article{rl-gsbrige,
  title={RL-GSBridge: 3D Gaussian Splatting Based Real2Sim2Real Method for Robotic Manipulation Learning},
  author={Wu, Yuxuan and Pan, Lei and Wu, Wenhua and Wang, Guangming and Miao, Yanzi and Wang, Hesheng},
  journal={arXiv preprint arXiv:2409.20291},
  year={2024}
}

@article{robogs,
  title={Robo-gs: A physics consistent spatial-temporal model for robotic arm with hybrid representation},
  author={Lou, Haozhe and Liu, Yurong and Pan, Yike and Geng, Yiran and Chen, Jianteng and Ma, Wenlong and Li, Chenglong and Wang, Lin and Feng, Hengzhen and Shi, Lu and others},
  journal={arXiv preprint arXiv:2408.14873},
  year={2024}
}

@article{robogsim,
  title={RoboGSim: A Real2Sim2Real Robotic Gaussian Splatting Simulator},
  author={Li, Xinhai and Li, Jialin and Zhang, Ziheng and Zhang, Rui and Jia, Fan and Wang, Tiancai and Fan, Haoqiang and Tseng, Kuo-Kun and Wang, Ruiping},
  journal={arXiv preprint arXiv:2411.11839},
  year={2024}
}

@article{scaling,
  title={Scaling robot learning with semantically imagined experience},
  author={Yu, Tianhe and Xiao, Ted and Stone, Austin and Tompson, Jonathan and Brohan, Anthony and Wang, Su and Singh, Jaspiar and Tan, Clayton and Peralta, Jodilyn and Ichter, Brian and others},
  journal={arXiv preprint arXiv:2302.11550},
  year={2023}
}

@article{semantically,
  title={Semantically controllable augmentations for generalizable robot learning},
  author={Chen, Zoey and Mandi, Zhao and Bharadhwaj, Homanga and Sharma, Mohit and Song, Shuran and Gupta, Abhishek and Kumar, Vikash},
  journal={The International Journal of Robotics Research},
  pages={02783649241273686},
  year={2024},
  publisher={SAGE Publications Sage UK: London, England}
}

@article{splatsim,
  title={Splatsim: Zero-shot sim2real transfer of rgb manipulation policies using gaussian splatting},
  author={Qureshi, Mohammad Nomaan and Garg, Sparsh and Yandun, Francisco and Held, David and Kantor, George and Silwal, Abhisesh},
  journal={arXiv preprint arXiv:2409.10161},
  year={2024}
}

@inproceedings{synthetic,
  title={Training deep networks with synthetic data: Bridging the reality gap by domain randomization},
  author={Tremblay, Jonathan and Prakash, Aayush and Acuna, David and Brophy, Mark and Jampani, Varun and Anil, Cem and To, Thang and Cameracci, Eric and Boochoon, Shaad and Birchfield, Stan},
  booktitle={Proceedings of the IEEE conference on computer vision and pattern recognition workshops},
  pages={969--977},
  year={2018}
}

@article{vid2sim,
  title={Vid2Sim: Realistic and Interactive Simulation from Video for Urban Navigation},
  author={Xie, Ziyang and Liu, Zhizheng and Peng, Zhenghao and Wu, Wayne and Zhou, Bolei},
  journal={arXiv preprint arXiv:2501.06693},
  year={2025}
}

