@article{nerf,
  title={Nerf: Representing scenes as neural radiance fields for view synthesis},
  author={Mildenhall, Ben and Srinivasan, Pratul P and Tancik, Matthew and Barron, Jonathan T and Ramamoorthi, Ravi and Ng, Ren},
  journal={Communications of the ACM},
  volume={65},
  number={1},
  pages={99--106},
  year={2021},
  publisher={ACM New York, NY, USA}
}

@article{3dgs,
  title={3d gaussian splatting for real-time radiance field rendering.},
  author={Kerbl, Bernhard and Kopanas, Georgios and Leimk{\"u}hler, Thomas and Drettakis, George},
  journal={ACM Trans. Graph.},
  volume={42},
  number={4},
  pages={139--1},
  year={2023}
}

@article{da2,
  title={Depth Anything V2},
  author={Yang, Lihe and Kang, Bingyi and Huang, Zilong and Zhao, Zhen and Xu, Xiaogang and Feng, Jiashi and Zhao, Hengshuang},
  journal={arXiv preprint arXiv:2406.09414},
  year={2024}
}

@article{gensim,
  title={Gensim: Generating robotic simulation tasks via large language models},
  author={Wang, Lirui and Ling, Yiyang and Yuan, Zhecheng and Shridhar, Mohit and Bao, Chen and Qin, Yuzhe and Wang, Bailin and Xu, Huazhe and Wang, Xiaolong},
  journal={arXiv preprint arXiv:2310.01361},
  year={2023}
}

@inproceedings{dynamic_random,
  title={Sim-to-real transfer of robotic control with dynamics randomization},
  author={Peng, Xue Bin and Andrychowicz, Marcin and Zaremba, Wojciech and Abbeel, Pieter},
  booktitle={2018 IEEE international conference on robotics and automation (ICRA)},
  pages={3803--3810},
  year={2018},
  organization={IEEE}
}

@inproceedings{domain,
  title={Domain randomization for transferring deep neural networks from simulation to the real world},
  author={Tobin, Josh and Fong, Rachel and Ray, Alex and Schneider, Jonas and Zaremba, Wojciech and Abbeel, Pieter},
  booktitle={2017 IEEE/RSJ international conference on intelligent robots and systems (IROS)},
  pages={23--30},
  year={2017},
  organization={IEEE}
}

@article{dynamic_motor,
  title={Learning agile and dynamic motor skills for legged robots},
  author={Hwangbo, Jemin and Lee, Joonho and Dosovitskiy, Alexey and Bellicoso, Dario and Tsounis, Vassilios and Koltun, Vladlen and Hutter, Marco},
  journal={Science Robotics},
  volume={4},
  number={26},
  pages={eaau5872},
  year={2019},
  publisher={American Association for the Advancement of Science}
}

@article{agile_loco,
  title={Sim-to-real: Learning agile locomotion for quadruped robots},
  author={Tan, Jie and Zhang, Tingnan and Coumans, Erwin and Iscen, Atil and Bai, Yunfei and Hafner, Danijar and Bohez, Steven and Vanhoucke, Vincent},
  journal={arXiv preprint arXiv:1804.10332},
  year={2018}
}

@article{dexterous,
  title={Learning dexterous in-hand manipulation},
  author={Andrychowicz, OpenAI: Marcin and Baker, Bowen and Chociej, Maciek and Jozefowicz, Rafal and McGrew, Bob and Pachocki, Jakub and Petron, Arthur and Plappert, Matthias and Powell, Glenn and Ray, Alex and others},
  journal={The International Journal of Robotics Research},
  volume={39},
  number={1},
  pages={3--20},
  year={2020},
  publisher={SAGE Publications Sage UK: London, England}
}

@inproceedings{dynamics_revisit,
  title={Dynamics randomization revisited: A case study for quadrupedal locomotion},
  author={Xie, Zhaoming and Da, Xingye and Van de Panne, Michiel and Babich, Buck and Garg, Animesh},
  booktitle={2021 IEEE International Conference on Robotics and Automation (ICRA)},
  pages={4955--4961},
  year={2021},
  organization={IEEE}
}

@article{cad2rl,
  title={Cad2rl: Real single-image flight without a single real image},
  author={Sadeghi, Fereshteh and Levine, Sergey},
  journal={arXiv preprint arXiv:1611.04201},
  year={2016}
}

@inproceedings{synthetic,
  title={Training deep networks with synthetic data: Bridging the reality gap by domain randomization},
  author={Tremblay, Jonathan and Prakash, Aayush and Acuna, David and Brophy, Mark and Jampani, Varun and Anil, Cem and To, Thang and Cameracci, Eric and Boochoon, Shaad and Birchfield, Stan},
  booktitle={Proceedings of the IEEE conference on computer vision and pattern recognition workshops},
  pages={969--977},
  year={2018}
}

@inproceedings{closing,
  title={Closing the sim-to-real loop: Adapting simulation randomization with real world experience},
  author={Chebotar, Yevgen and Handa, Ankur and Makoviychuk, Viktor and Macklin, Miles and Issac, Jan and Ratliff, Nathan and Fox, Dieter},
  booktitle={2019 International Conference on Robotics and Automation (ICRA)},
  pages={8973--8979},
  year={2019},
  organization={IEEE}
}

@inproceedings{lucidsim,
  title={Learning Visual Parkour from Generated Images},
  author={Yu, Alan and Yang, Ge and Choi, Ran and Ravan, Yajvan and Leonard, John and Isola, Phillip},
  booktitle={8th Annual Conference on Robot Learning},
  year={2024}
}

@article{layout,
  title={Layout-guided multi-view driving scene video generation with latent diffusion model},
  author={Li, Xiaofan and Zhang, Yifu and Drivingdiffusion, Xiaoqing Ye},
  journal={arXiv preprint arXiv:2310.07771},
  volume={2},
  number={3},
  year={2023}
}

@article{drivedreamer,
  title={Drivedreamer: Towards real-world-driven world models for autonomous driving},
  author={Wang, Xiaofeng and Zhu, Zheng and Huang, Guan and Chen, Xinze and Zhu, Jiagang and Lu, Jiwen},
  journal={arXiv preprint arXiv:2309.09777},
  year={2023}
}

@article{semantically,
  title={Semantically controllable augmentations for generalizable robot learning},
  author={Chen, Zoey and Mandi, Zhao and Bharadhwaj, Homanga and Sharma, Mohit and Song, Shuran and Gupta, Abhishek and Kumar, Vikash},
  journal={The International Journal of Robotics Research},
  pages={02783649241273686},
  year={2024},
  publisher={SAGE Publications Sage UK: London, England}
}

@article{scaling,
  title={Scaling robot learning with semantically imagined experience},
  author={Yu, Tianhe and Xiao, Ted and Stone, Austin and Tompson, Jonathan and Brohan, Anthony and Wang, Su and Singh, Jaspiar and Tan, Clayton and Peralta, Jodilyn and Ichter, Brian and others},
  journal={arXiv preprint arXiv:2302.11550},
  year={2023}
}

@inproceedings{nerf_in_the_palm,
  title={Nerf in the palm of your hand: Corrective augmentation for robotics via novel-view synthesis},
  author={Zhou, Allan and Kim, Moo Jin and Wang, Lirui and Florence, Pete and Finn, Chelsea},
  booktitle={Proceedings of the IEEE/CVF Conference on Computer Vision and Pattern Recognition},
  pages={17907--17917},
  year={2023}
}

@article{goat,
  title={Goat: Go to any thing},
  author={Chang, Matthew and Gervet, Theophile and Khanna, Mukul and Yenamandra, Sriram and Shah, Dhruv and Min, So Yeon and Shah, Kavit and Paxton, Chris and Gupta, Saurabh and Batra, Dhruv and others},
  journal={arXiv preprint arXiv:2311.06430},
  year={2023}
}

@inproceedings{phone2proc,
  title={Phone2proc: Bringing robust robots into our chaotic world},
  author={Deitke, Matt and Hendrix, Rose and Farhadi, Ali and Ehsani, Kiana and Kembhavi, Aniruddha},
  booktitle={Proceedings of the IEEE/CVF Conference on Computer Vision and Pattern Recognition},
  pages={9665--9675},
  year={2023}
}

@inproceedings{nerf2real,
  title={Nerf2real: Sim2real transfer of vision-guided bipedal motion skills using neural radiance fields},
  author={Byravan, Arunkumar and Humplik, Jan and Hasenclever, Leonard and Brussee, Arthur and Nori, Francesco and Haarnoja, Tuomas and Moran, Ben and Bohez, Steven and Sadeghi, Fereshteh and Vujatovic, Bojan and others},
  booktitle={2023 IEEE International Conference on Robotics and Automation (ICRA)},
  pages={9362--9369},
  year={2023},
  organization={IEEE}
}

@article{reconciling,
  title={Reconciling reality through simulation: A real-to-sim-to-real approach for robust manipulation},
  author={Torne, Marcel and Simeonov, Anthony and Li, Zechu and Chan, April and Chen, Tao and Gupta, Abhishek and Agrawal, Pulkit},
  journal={arXiv preprint arXiv:2403.03949},
  year={2024}
}

@article{robogs,
  title={Robo-gs: A physics consistent spatial-temporal model for robotic arm with hybrid representation},
  author={Lou, Haozhe and Liu, Yurong and Pan, Yike and Geng, Yiran and Chen, Jianteng and Ma, Wenlong and Li, Chenglong and Wang, Lin and Feng, Hengzhen and Shi, Lu and others},
  journal={arXiv preprint arXiv:2408.14873},
  year={2024}
}

@article{splatsim,
  title={Splatsim: Zero-shot sim2real transfer of rgb manipulation policies using gaussian splatting},
  author={Qureshi, Mohammad Nomaan and Garg, Sparsh and Yandun, Francisco and Held, David and Kantor, George and Silwal, Abhisesh},
  journal={arXiv preprint arXiv:2409.10161},
  year={2024}
}

@article{robogsim,
  title={RoboGSim: A Real2Sim2Real Robotic Gaussian Splatting Simulator},
  author={Li, Xinhai and Li, Jialin and Zhang, Ziheng and Zhang, Rui and Jia, Fan and Wang, Tiancai and Fan, Haoqiang and Tseng, Kuo-Kun and Wang, Ruiping},
  journal={arXiv preprint arXiv:2411.11839},
  year={2024}
}

@article{rl-gsbrige,
  title={RL-GSBridge: 3D Gaussian Splatting Based Real2Sim2Real Method for Robotic Manipulation Learning},
  author={Wu, Yuxuan and Pan, Lei and Wu, Wenhua and Wang, Guangming and Miao, Yanzi and Wang, Hesheng},
  journal={arXiv preprint arXiv:2409.20291},
  year={2024}
}

@inproceedings{tsdf,
  title={A volumetric method for building complex models from range images},
  author={Curless, Brian and Levoy, Marc},
  booktitle={Proceedings of the 23rd annual conference on Computer graphics and interactive techniques},
  pages={303--312},
  year={1996}
}

@article{2dgs,
  title={2d gaussian splatting for geometrically accurate radiance fields},
  author={Huang, Binbin and Yu, Zehao and Chen, Anpei and Geiger, Andreas and Gao, Shenghua},
  journal={arXiv preprint arXiv:2403.17888},
  year={2024}
}

@article{dn-splatter,
  title={DN-Splatter: Depth and Normal Priors for Gaussian Splatting and Meshing},
  author={Turkulainen, Matias and Ren, Xuqian and Melekhov, Iaroslav and Seiskari, Otto and Rahtu, Esa and Kannala, Juho},
  journal={arXiv preprint arXiv:2403.17822},
  year={2024}
}

@inproceedings{depth-reg,
  title={Depth-regularized optimization for 3d gaussian splatting in few-shot images},
  author={Chung, Jaeyoung and Oh, Jeongtaek and Lee, Kyoung Mu},
  booktitle={Proceedings of the IEEE/CVF Conference on Computer Vision and Pattern Recognition},
  pages={811--820},
  year={2024}
}

@article{monosdf,
  title={Monosdf: Exploring monocular geometric cues for neural implicit surface reconstruction},
  author={Yu, Zehao and Peng, Songyou and Niemeyer, Michael and Sattler, Torsten and Geiger, Andreas},
  journal={Advances in neural information processing systems},
  volume={35},
  pages={25018--25032},
  year={2022}
}

@article{pgsr,
  title={PGSR: Planar-based Gaussian Splatting for Efficient and High-Fidelity Surface Reconstruction},
  author={Chen, Danpeng and Li, Hai and Ye, Weicai and Wang, Yifan and Xie, Weijian and Zhai, Shangjin and Wang, Nan and Liu, Haomin and Bao, Hujun and Zhang, Guofeng},
  journal={arXiv preprint arXiv:2406.06521},
  year={2024}
}

@inproceedings{pulsar,
  title={Pulsar: Efficient sphere-based neural rendering},
  author={Lassner, Christoph and Zollhofer, Michael},
  booktitle={Proceedings of the IEEE/CVF Conference on Computer Vision and Pattern Recognition},
  pages={1440--1449},
  year={2021}
}

@book{z-buffer,
  title={A subdivision algorithm for computer display of curved surfaces},
  author={Catmull, Edwin Earl},
  year={1974},
  publisher={The University of Utah}
}

@article{rrw,
  title={Robust Robot Walker: Learning Agile Locomotion over Tiny Traps},
  author={Zhu, Shaoting and Huang, Runhan and Mou, Linzhan and Zhao, Hang},
  journal={arXiv preprint arXiv:2409.07409},
  year={2024}
}

@article{saro,
  title={SARO: Space-Aware Robot System for Terrain Crossing via Vision-Language Model},
  author={Zhu, Shaoting and Li, Derun and Mou, Linzhan and Liu, Yong and Xu, Ningyi and Zhao, Hang},
  journal={arXiv preprint arXiv:2407.16412},
  year={2024}
}

@article{parkour,
  title={Robot parkour learning},
  author={Zhuang, Ziwen and Fu, Zipeng and Wang, Jianren and Atkeson, Christopher and Schwertfeger, Soeren and Finn, Chelsea and Zhao, Hang},
  journal={arXiv preprint arXiv:2309.05665},
  year={2023}
}

@inproceedings{cheng2024extreme,
  title={Extreme parkour with legged robots},
  author={Cheng, Xuxin and Shi, Kexin and Agarwal, Ananye and Pathak, Deepak},
  booktitle={2024 IEEE International Conference on Robotics and Automation (ICRA)},
  pages={11443--11450},
  year={2024},
  organization={IEEE}
}

@article{hoeller2024anymal,
  title={Anymal parkour: Learning agile navigation for quadrupedal robots},
  author={Hoeller, David and Rudin, Nikita and Sako, Dhionis and Hutter, Marco},
  journal={Science Robotics},
  volume={9},
  number={88},
  pages={eadi7566},
  year={2024},
  publisher={American Association for the Advancement of Science}
}

@article{wu2023learning,
  title={Learning robust and agile legged locomotion using adversarial motion priors},
  author={Wu, Jinze and Xin, Guiyang and Qi, Chenkun and Xue, Yufei},
  journal={IEEE Robotics and Automation Letters},
  year={2023},
  publisher={IEEE}
}

@article{neusg,
  title={Neusg: Neural implicit surface reconstruction with 3d gaussian splatting guidance},
  author={Chen, Hanlin and Li, Chen and Lee, Gim Hee},
  journal={arXiv preprint arXiv:2312.00846},
  year={2023}
}

@article{vit,
  title={An image is worth 16x16 words: Transformers for image recognition at scale},
  author={Dosovitskiy, Alexey},
  journal={arXiv preprint arXiv:2010.11929},
  year={2020}
}

@article{quach2024gaussian,
  title={Gaussian splatting to real world flight navigation transfer with liquid networks},
  author={Quach, Alex and Chahine, Makram and Amini, Alexander and Hasani, Ramin and Rus, Daniela},
  journal={arXiv preprint arXiv:2406.15149},
  year={2024}
}

@inproceedings{colmap,
  title={Structure-from-motion revisited},
  author={Schonberger, Johannes L and Frahm, Jan-Michael},
  booktitle={Proceedings of the IEEE conference on computer vision and pattern recognition},
  pages={4104--4113},
  year={2016}
}

@inproceedings{howard2019searching,
  title={Searching for mobilenetv3},
  author={Howard, Andrew and Sandler, Mark and Chu, Grace and Chen, Liang-Chieh and Chen, Bo and Tan, Mingxing and Wang, Weijun and Zhu, Yukun and Pang, Ruoming and Vasudevan, Vijay and others},
  booktitle={Proceedings of the IEEE/CVF international conference on computer vision},
  pages={1314--1324},
  year={2019}
}

@misc{discoverse2024,
      title={DISCOVERSE: Efficient Robot Simulation in Complex High-Fidelity Environments},
      author={Yufei Jia and Guangyu Wang and Yuhang Dong and Junzhe Wu and Yupei Zeng and Haizhou Ge and Kairui Ding and Zike Yan and Weibin Gu and Chuxuan Li and Ziming Wang and Yunjie Cheng and Wei Sui and Ruqi Huang and Guyue Zhou},
      url={https://air-discoverse.github.io/},
      year={2024}
}

@inproceedings{mujoco,
  title={Mujoco: A physics engine for model-based control},
  author={Todorov, Emanuel and Erez, Tom and Tassa, Yuval},
  booktitle={2012 IEEE/RSJ international conference on intelligent robots and systems},
  pages={5026--5033},
  year={2012},
  organization={IEEE}
}

@article{habitat,
  title={Habitat 2.0: Training home assistants to rearrange their habitat},
  author={Szot, Andrew and Clegg, Alexander and Undersander, Eric and Wijmans, Erik and Zhao, Yili and Turner, John and Maestre, Noah and Mukadam, Mustafa and Chaplot, Devendra Singh and Maksymets, Oleksandr and others},
  journal={Advances in neural information processing systems},
  volume={34},
  pages={251--266},
  year={2021}
}

@article{isaac,
  title={Isaac gym: High performance gpu-based physics simulation for robot learning},
  author={Makoviychuk, Viktor and Wawrzyniak, Lukasz and Guo, Yunrong and Lu, Michelle and Storey, Kier and Macklin, Miles and Hoeller, David and Rudin, Nikita and Allshire, Arthur and Handa, Ankur and others},
  journal={arXiv preprint arXiv:2108.10470},
  year={2021}
}

@article{orbit,
  title={Orbit: A unified simulation framework for interactive robot learning environments},
  author={Mittal, Mayank and Yu, Calvin and Yu, Qinxi and Liu, Jingzhou and Rudin, Nikita and Hoeller, David and Yuan, Jia Lin and Singh, Ritvik and Guo, Yunrong and Mazhar, Hammad and others},
  journal={IEEE Robotics and Automation Letters},
  volume={8},
  number={6},
  pages={3740--3747},
  year={2023},
  publisher={IEEE}
}

@article{igibson,
  title={igibson 2.0: Object-centric simulation for robot learning of everyday household tasks},
  author={Li, Chengshu and Xia, Fei and Mart{\'\i}n-Mart{\'\i}n, Roberto and Lingelbach, Michael and Srivastava, Sanjana and Shen, Bokui and Vainio, Kent and Gokmen, Cem and Dharan, Gokul and Jain, Tanish and others},
  journal={arXiv preprint arXiv:2108.03272},
  year={2021}
}

@inproceedings{sapien,
  title={Sapien: A simulated part-based interactive environment},
  author={Xiang, Fanbo and Qin, Yuzhe and Mo, Kaichun and Xia, Yikuan and Zhu, Hao and Liu, Fangchen and Liu, Minghua and Jiang, Hanxiao and Yuan, Yifu and Wang, He and others},
  booktitle={Proceedings of the IEEE/CVF conference on computer vision and pattern recognition},
  pages={11097--11107},
  year={2020}
}

@article{threedworld,
  title={Threedworld: A platform for interactive multi-modal physical simulation},
  author={Gan, Chuang and Schwartz, Jeremy and Alter, Seth and Mrowca, Damian and Schrimpf, Martin and Traer, James and De Freitas, Julian and Kubilius, Jonas and Bhandwaldar, Abhishek and Haber, Nick and others},
  journal={arXiv preprint arXiv:2007.04954},
  year={2020}
}

@inproceedings{behavior1k,
  title={Behavior-1k: A benchmark for embodied ai with 1,000 everyday activities and realistic simulation},
  author={Li, Chengshu and Zhang, Ruohan and Wong, Josiah and Gokmen, Cem and Srivastava, Sanjana and Mart{\'\i}n-Mart{\'\i}n, Roberto and Wang, Chen and Levine, Gabrael and Lingelbach, Michael and Sun, Jiankai and others},
  booktitle={Conference on Robot Learning},
  pages={80--93},
  year={2023},
  organization={PMLR}
}

@article{maniskill3,
  title={Maniskill3: Gpu parallelized robotics simulation and rendering for generalizable embodied ai},
  author={Tao, Stone and Xiang, Fanbo and Shukla, Arth and Qin, Yuzhe and Hinrichsen, Xander and Yuan, Xiaodi and Bao, Chen and Lin, Xinsong and Liu, Yulin and Chan, Tse-kai and others},
  journal={arXiv preprint arXiv:2410.00425},
  year={2024}
}

@article{humanoid,
  title={Humanoid Parkour Learning},
  author={Zhuang, Ziwen and Yao, Shenzhe and Zhao, Hang},
  journal={arXiv preprint arXiv:2406.10759},
  year={2024}
}

@article{geo-neus,
  title={Geo-neus: Geometry-consistent neural implicit surfaces learning for multi-view reconstruction},
  author={Fu, Qiancheng and Xu, Qingshan and Ong, Yew Soon and Tao, Wenbing},
  journal={Advances in Neural Information Processing Systems},
  volume={35},
  pages={3403--3416},
  year={2022}
}

@article{ros2,
  title={Robot operating system 2: Design, architecture, and uses in the wild},
  author={Macenski, Steven and Foote, Tully and Gerkey, Brian and Lalancette, Chris and Woodall, William},
  journal={Science robotics},
  volume={7},
  number={66},
  pages={eabm6074},
  year={2022},
  publisher={American Association for the Advancement of Science}
}

@inproceedings{sugar,
  title={Sugar: Surface-aligned gaussian splatting for efficient 3d mesh reconstruction and high-quality mesh rendering},
  author={Gu{\'e}don, Antoine and Lepetit, Vincent},
  booktitle={Proceedings of the IEEE/CVF Conference on Computer Vision and Pattern Recognition},
  pages={5354--5363},
  year={2024}
}

@inproceedings{rudin2022learning,
  title        = {Learning to walk in minutes using massively parallel deep reinforcement learning},
  author       = {Rudin, Nikita and Hoeller, David and Reist, Philipp and Hutter, Marco},
  booktitle    = {Conference on Robot Learning},
  pages        = {91--100},
  year         = {2022},
  organization = {PMLR}
}

@article{vid2sim,
  title={Vid2Sim: Realistic and Interactive Simulation from Video for Urban Navigation},
  author={Xie, Ziyang and Liu, Zhizheng and Peng, Zhenghao and Wu, Wayne and Zhou, Bolei},
  journal={arXiv preprint arXiv:2501.06693},
  year={2025}
}

@inproceedings{dsine,
  title={Rethinking inductive biases for surface normal estimation},
  author={Bae, Gwangbin and Davison, Andrew J},
  booktitle={Proceedings of the IEEE/CVF Conference on Computer Vision and Pattern Recognition},
  pages={9535--9545},
  year={2024}
}

@article{long2024learning,
  title={Learning Humanoid Locomotion with Perceptive Internal Model},
  author={Long, Junfeng and Ren, Junli and Shi, Moji and Wang, Zirui and Huang, Tao and Luo, Ping and Pang, Jiangmiao},
  journal={arXiv preprint arXiv:2411.14386},
  year={2024}
}

@inproceedings{massively,
  title={Massively parallel multiview stereopsis by surface normal diffusion},
  author={Galliani, Silvano and Lasinger, Katrin and Schindler, Konrad},
  booktitle={Proceedings of the IEEE international conference on computer vision},
  pages={873--881},
  year={2015}
}