@article{abhishta2019measuring,
  title={Measuring the impact of a successful DDoS attack on the customer behaviour of managed DNS service providers},
  author={Abhishta, Abhishta and van Rijswijk-Deij, Roland and Nieuwenhuis, Lambert JM},
  journal={ACM SIGCOMM Computer Communication Review},
  volume={48},
  number={5},
  pages={70--76},
  year={2019},
  publisher={ACM New York, NY, USA}
}

@article{agrawal2019defense,
  title={Defense mechanisms against DDoS attacks in a cloud computing environment: State-of-the-art and research challenges},
  author={Agrawal, Neha and Tapaswi, Shashikala},
  journal={IEEE Communications Surveys \& Tutorials},
  volume={21},
  number={4},
  pages={3769--3795},
  year={2019},
  publisher={IEEE}
}

@inproceedings{antonakakis2017understanding,
  title={Understanding the mirai botnet},
  author={Antonakakis, Manos and April, Tim and Bailey, Michael and Bernhard, Matt and Bursztein, Elie and Cochran, Jaime and Durumeric, Zakir and Halderman, J Alex and Invernizzi, Luca and Kallitsis, Michalis and others},
  booktitle={26th USENIX security symposium (USENIX Security 17)},
  pages={1093--1110},
  year={2017}
}

@article{chaudhary2023ddos,
  title={DDoS attacks in Industrial IoT: A survey},
  author={Chaudhary, Shubhankar and Mishra, Pramod Kumar},
  journal={Computer Networks},
  pages={110015},
  year={2023},
  publisher={Elsevier}
}

@article{de2018ddos,
  title={DDoS-capable IoT malwares: comparative analysis and Mirai investigation},
  author={De Donno, Michele and Dragoni, Nicola and Giaretta, Alberto and Spognardi, Angelo},
  journal={Security and Communication Networks},
  volume={2018},
  number={1},
  pages={7178164},
  year={2018},
  publisher={Wiley Online Library}
}

@article{kumari2023comprehensive,
  title={A comprehensive study of DDoS attacks over IoT network and their countermeasures},
  author={Kumari, Pooja and Jain, Ankit Kumar},
  journal={Computers \& Security},
  pages={103096},
  year={2023},
  publisher={Elsevier}
}

@article{li2023comprehensive,
  title={A comprehensive survey on DDoS defense systems: New trends and challenges},
  author={Li, Qing and Huang, He and Li, Ruoyu and Lv, Jianhui and Yuan, Zhenhui and Ma, Lianbo and Han, Yi and Jiang, Yong},
  journal={Computer Networks},
  pages={109895},
  year={2023},
  publisher={Elsevier}
}

@article{mirkovic2004taxonomy,
  title={A taxonomy of DDoS attack and DDoS defense mechanisms},
  author={Mirkovic, Jelena and Reiher, Peter},
  journal={ACM SIGCOMM Computer Communication Review},
  volume={34},
  number={2},
  pages={39--53},
  year={2004},
  publisher={ACM New York, NY, USA}
}

@inproceedings{obaidat2023creating,
  title={Creating a Large-scale Memory Error IoT Botnet Using NS3DockerEmulator},
  author={Obaidat, Islam and Kahn, Bennett and Tavakoli, Fatemeh and Sridhar, Meera},
  booktitle={2023 53rd Annual IEEE/IFIP International Conference on Dependable Systems and Networks (DSN)},
  pages={470--479},
  year={2023},
  organization={IEEE}
}

@inproceedings{ottis2008analysis,
  title={Analysis of the 2007 cyber attacks against Estonia from the information warfare perspective},
  author={Ottis, Rain},
  booktitle={Proceedings of the 7th European Conference on Information Warfare},
  pages={163},
  year={2008},
  organization={Academic Publishing Limited Reading, MA}
}

@article{praseed2018ddos,
  title={DDoS attacks at the application layer: Challenges and research perspectives for safeguarding web applications},
  author={Praseed, Amit and Thilagam, P Santhi},
  journal={IEEE Communications Surveys \& Tutorials},
  volume={21},
  number={1},
  pages={661--685},
  year={2018},
  publisher={IEEE}
}

@article{rodriguez2013survey,
  title={Survey and taxonomy of botnet research through life-cycle},
  author={Rodr{\'\i}guez-G{\'o}mez, Rafael A and Maci{\'a}-Fern{\'a}ndez, Gabriel and Garc{\'\i}a-Teodoro, Pedro},
  journal={ACM Computing Surveys (CSUR)},
  volume={45},
  number={4},
  pages={1--33},
  year={2013},
  publisher={ACM New York, NY, USA}
}

@article{sachdeva2010ddos,
  title={DDoS Incidents and their Impact: A Review.},
  author={Sachdeva, Monika and Singh, Gurvinder and Kumar, Krishan and Singh, Kuldip},
  journal={Int. Arab J. Inf. Technol.},
  volume={7},
  number={1},
  pages={14--20},
  year={2010}
}

@misc{slowloris,
title = {Slowloris},
howpublished = {\url{https://en.wikipedia.org/wiki/Slowloris_(computer_security)}},
year = {2020}
}

@inproceedings{sommese2022investigating,
  title={Investigating the impact of DDoS attacks on DNS infrastructure},
  author={Sommese, Raffaele and Claffy, KC and van Rijswijk-Deij, Roland and Chattopadhyay, Arnab and Dainotti, Alberto and Sperotto, Anna and Jonker, Mattijs},
  booktitle={proceedings of the 22nd ACM Internet Measurement Conference},
  pages={51--64},
  year={2022}
}

@article{wang2018data,
  title={A data-driven study of DDoS attacks and their dynamics},
  author={Wang, An and Chang, Wentao and Chen, Songqing and Mohaisen, Aziz},
  journal={IEEE Transactions on Dependable and Secure Computing},
  volume={17},
  number={3},
  pages={648--661},
  year={2018},
  publisher={IEEE}
}

@article{wang2018delving,
  title={Delving into internet DDoS attacks by botnets: characterization and analysis},
  author={Wang, An and Chang, Wentao and Chen, Songqing and Mohaisen, Aziz},
  journal={IEEE/ACM Transactions on Networking},
  volume={26},
  number={6},
  pages={2843--2855},
  year={2018},
  publisher={IEEE}
}

@article{yan2015software,
  title={Software-defined networking (SDN) and distributed denial of service (DDoS) attacks in cloud computing environments: A survey, some research issues, and challenges},
  author={Yan, Qiao and Yu, F Richard and Gong, Qingxiang and Li, Jianqiang},
  journal={IEEE communications surveys \& tutorials},
  volume={18},
  number={1},
  pages={602--622},
  year={2015},
  publisher={IEEE}
}

@article{zhang2024revealing,
  title={Revealing Protocol Architectureâ€™s Design Patterns in the Volumetric DDoS Defense Design Space},
  author={Zhang, Zhiyi and Xiao, Guorui and Song, Sichen and Aygun, R Can and Stavrou, Angelos and Zhang, Lixia and Osterweil, Eric},
  journal={IEEE Communications Surveys \& Tutorials},
  year={2024},
  publisher={IEEE}
}

