@inproceedings{ottis2008analysis,
  title={Analysis of the 2007 cyber attacks against Estonia from the information warfare perspective},
  author={Ottis, Rain},
  booktitle={Proceedings of the 7th European Conference on Information Warfare},
  pages={163},
  year={2008},
  organization={Academic Publishing Limited Reading, MA}
}
@article{praseed2018ddos,
  title={DDoS attacks at the application layer: Challenges and research perspectives for safeguarding web applications},
  author={Praseed, Amit and Thilagam, P Santhi},
  journal={IEEE Communications Surveys \& Tutorials},
  volume={21},
  number={1},
  pages={661--685},
  year={2018},
  publisher={IEEE}
}
@article{mohammed2023detection,
  title={Detection and mitigation of field flooding attacks on oil and gas critical infrastructure communication},
  author={Mohammed, Abubakar Sadiq and Anthi, Eirini and Rana, Omer and Saxena, Neetesh and Burnap, Pete},
  journal={Computers \& Security},
  volume={124},
  pages={103007},
  year={2023},
  publisher={Elsevier}
}
@article{wu2014software,
  title={Software puzzle: A countermeasure to resource-inflated denial-of-service attacks},
  author={Wu, Yongdong and Zhao, Zhigang and Bao, Feng and Deng, Robert H},
  journal={IEEE Transactions on Information Forensics and security},
  volume={10},
  number={1},
  pages={168--177},
  year={2014},
  publisher={IEEE}
}
@inproceedings{studer2009coremelt,
  title={The coremelt attack},
  author={Studer, Ahren and Perrig, Adrian},
  booktitle={European Symposium on Research in Computer Security},
  pages={37--52},
  year={2009},
  organization={Springer}
}
@inproceedings{kang2013crossfire,
  title={The crossfire attack},
  author={Kang, Min Suk and Lee, Soo Bum and Gligor, Virgil D},
  booktitle={2013 IEEE symposium on security and privacy},
  pages={127--141},
  year={2013},
  organization={IEEE}
}
@inproceedings{zhou2023mew,
  title={Mew: Enabling large-scale and dynamic link-flooding defenses on programmable switches},
  author={Zhou, Huancheng and Hong, Sungmin and Liu, Yangyang and Luo, Xiapu and Li, Weichao and Gu, Guofei},
  booktitle={2023 IEEE Symposium on Security and Privacy (SP)},
  pages={3178--3192},
  year={2023},
  organization={IEEE}
}
@article{agrawal2019defense,
  title={Defense mechanisms against DDoS attacks in a cloud computing environment: State-of-the-art and research challenges},
  author={Agrawal, Neha and Tapaswi, Shashikala},
  journal={IEEE Communications Surveys \& Tutorials},
  volume={21},
  number={4},
  pages={3769--3795},
  year={2019},
  publisher={IEEE}
}

@article{yan2015software,
  title={Software-defined networking (SDN) and distributed denial of service (DDoS) attacks in cloud computing environments: A survey, some research issues, and challenges},
  author={Yan, Qiao and Yu, F Richard and Gong, Qingxiang and Li, Jianqiang},
  journal={IEEE communications surveys \& tutorials},
  volume={18},
  number={1},
  pages={602--622},
  year={2015},
  publisher={IEEE}
}
@article{liu2018umbrella,
  title={Umbrella: Enabling ISPs to offer readily deployable and privacy-preserving DDoS prevention services},
  author={Liu, Zhuotao and Cao, Yuan and Zhu, Min and Ge, Wei},
  journal={IEEE Transactions on Information Forensics and Security},
  volume={14},
  number={4},
  pages={1098--1108},
  year={2018},
  publisher={IEEE}
}
@inproceedings{dimolianis2022ddos,
  title={Ddos attack detection via privacy-aware federated learning and collaborative mitigation in multi-domain cyber infrastructures},
  author={Dimolianis, Marinos and Kalogeras, Dimitrios K and Kostopoulos, Nikos and Maglaris, Vasilis},
  booktitle={2022 IEEE 11th International Conference on Cloud Networking (CloudNet)},
  pages={118--125},
  year={2022},
  organization={IEEE}
}
@inproceedings{dong2023horuseye,
  title={$\{$HorusEye$\}$: A Realtime $\{$IoT$\}$ Malicious Traffic Detection Framework using Programmable Switches},
  author={Dong, Yutao and Li, Qing and Wu, Kaidong and Li, Ruoyu and Zhao, Dan and Tyson, Gareth and Peng, Junkun and Jiang, Yong and Xia, Shutao and Xu, Mingwei},
  booktitle={32nd USENIX Security Symposium (USENIX Security 23)},
  pages={571--588},
  year={2023}
}
@inproceedings{fu2023point,
  title={Point Cloud Analysis for ML-Based Malicious Traffic Detection: Reducing Majorities of False Positive Alarms},
  author={Fu, Chuanpu and Li, Qi and Xu, Ke and Wu, Jianping},
  booktitle={Proceedings of the 2023 ACM SIGSAC Conference on Computer and Communications Security},
  pages={1005--1019},
  year={2023}
}
@article{zhao2023ernn,
  title={ERNN: Error-resilient RNN for encrypted traffic detection towards network-induced phenomena},
  author={Zhao, Ziming and Li, Zhaoxuan and Jiang, Jialun and Yu, Fengyuan and Zhang, Fan and Xu, Congyuan and Zhao, Xinjie and Zhang, Rui and Guo, Shize},
  journal={IEEE Transactions on Dependable and Secure Computing},
  year={2023},
  publisher={IEEE}
}
@article{yan2023automatic,
  title={Automatic evasion of machine learning-based network intrusion detection systems},
  author={Yan, Haonan and Li, Xiaoguang and Zhang, Wenjing and Wang, Rui and Li, Hui and Zhao, Xingwen and Li, Fenghua and Lin, Xiaodong},
  journal={IEEE Transactions on Dependable and Secure Computing},
  year={2023},
  publisher={IEEE}
}
@inproceedings{catillo2023case,
  title={A Case Study with CICIDS2017 on the Robustness of Machine Learning against Adversarial Attacks in Intrusion Detection},
  author={Catillo, Marta and Del Vecchio, Andrea and Pecchia, Antonio and Villano, Umberto},
  booktitle={Proceedings of the 18th International Conference on Availability, Reliability and Security},
  pages={1--8},
  year={2023}
}
@inproceedings{romeiras2023poster,
  title={Poster: In-Network ML Feature Computation for Malicious Traffic Detection},
  author={Romeiras Amado, Jo{\~a}o and Pereira, Francisco Chami{\c{c}}a and Signorello, Salvatore and Correia, Miguel and Ramos, Fernando},
  booktitle={Proceedings of the ACM SIGCOMM 2023 Conference},
  pages={1105--1107},
  year={2023}
}
@article{cui2023cbseq,
  title={CBSeq: A Channel-level Behavior Sequence For Encrypted Malware Traffic Detection},
  author={Cui, Susu and Dong, Cong and Shen, Meng and Liu, Yuling and Jiang, Bo and Lu, Zhigang},
  journal={IEEE Transactions on Information Forensics and Security},
  year={2023},
  publisher={IEEE}
}

@inproceedings{wang2023bars,
  title={BARS: Local Robustness Certification for Deep Learning based Traffic Analysis Systems.},
  author={Wang, Kai and Wang, Zhiliang and Han, Dongqi and Chen, Wenqi and Yang, Jiahai and Shi, Xingang and Yin, Xia},
  booktitle={NDSS},
  year={2023}
}
@inproceedings{yang2021cade,
  title={$\{$CADE$\}$: Detecting and explaining concept drift samples for security applications},
  author={Yang, Limin and Guo, Wenbo and Hao, Qingying and Ciptadi, Arridhana and Ahmadzadeh, Ali and Xing, Xinyu and Wang, Gang},
  booktitle={30th USENIX Security Symposium (USENIX Security 21)},
  pages={2327--2344},
  year={2021}
}
@inproceedings{diallo2021adaptive,
  title={Adaptive clustering-based malicious traffic classification at the network edge},
  author={Diallo, Alec F and Patras, Paul},
  booktitle={IEEE INFOCOM 2021-IEEE Conference on Computer Communications},
  pages={1--10},
  year={2021},
  organization={IEEE}
}
@inproceedings{papernot2016limitations,
  title={The limitations of deep learning in adversarial settings},
  author={Papernot, Nicolas and McDaniel, Patrick and Jha, Somesh and Fredrikson, Matt and Celik, Z Berkay and Swami, Ananthram},
  booktitle={2016 IEEE European symposium on security and privacy (EuroS\&P)},
  pages={372--387},
  year={2016},
  organization={IEEE}
}
@inproceedings{moosavi2016deepfool,
  title={Deepfool: a simple and accurate method to fool deep neural networks},
  author={Moosavi-Dezfooli, Seyed-Mohsen and Fawzi, Alhussein and Frossard, Pascal},
  booktitle={Proceedings of the IEEE conference on computer vision and pattern recognition},
  pages={2574--2582},
  year={2016}
}
@inproceedings{abusnaina2019examining,
  title={Examining the robustness of learning-based ddos detection in software defined networks},
  author={Abusnaina, Ahmed and Khormali, Aminollah and Nyang, DaeHun and Yuksel, Murat and Mohaisen, Aziz},
  booktitle={2019 IEEE Conference on Dependable and Secure Computing (DSC)},
  pages={1--8},
  year={2019},
  organization={IEEE}
}
@inproceedings{hashemi2019towards,
  title={Towards evaluation of nidss in adversarial setting},
  author={Hashemi, Mohammad J and Cusack, Greg and Keller, Eric},
  booktitle={Proceedings of the 3rd ACM CoNEXT Workshop on Big DAta, Machine Learning and Artificial Intelligence for Data Communication Networks},
  pages={14--21},
  year={2019}
}

@inproceedings{le2019unearthing,
  title={Unearthing and exploiting latent semantics behind DNS domains for deep network traffic analysis},
  author={Le, Franck and Srivatsa, Mudhakar and Verma, Dinesh},
  booktitle={Proc. Workshop AI for Internet of Things},
  pages={1--6},
  year={2019}
}
@inproceedings{tegeler2012botfinder,
  title={Botfinder: Finding bots in network traffic without deep packet inspection},
  author={Tegeler, Florian and Fu, Xiaoming and Vigna, Giovanni and Kruegel, Christopher},
  booktitle={Proceedings of the 8th international conference on Emerging networking experiments and technologies},
  pages={349--360},
  year={2012}
}
@inproceedings{zhou2023efficient,
  title={An efficient design of intelligent network data plane},
  author={Zhou, Guangmeng and Liu, Zhuotao and Fu, Chuanpu and Li, Qi and Xu, Ke},
  booktitle={32nd USENIX Security Symposium (USENIX Security 23)},
  pages={6203--6220},
  year={2023}
}

@inproceedings{meidan2017profiliot,
  title={ProfilIoT: A machine learning approach for IoT device identification based on network traffic analysis},
  author={Meidan, Yair and Bohadana, Michael and Shabtai, Asaf and Guarnizo, Juan David and Ochoa, Mart{\'\i}n and Tippenhauer, Nils Ole and Elovici, Yuval},
  booktitle={Proceedings of the symposium on applied computing},
  pages={506--509},
  year={2017}
}

@inproceedings{barradas2021flowlens,
  title={FlowLens: Enabling Efficient Flow Classification for ML-based Network Security Applications.},
  author={Barradas, Diogo and Santos, Nuno and Rodrigues, Lu{\'\i}s and Signorello, Salvatore and Ramos, Fernando MV and Madeira, Andr{\'e}},
  booktitle={NDSS},
  year={2021}
}
@inproceedings{xing2021ripple,
  title={Ripple: A programmable, decentralized $\{$Link-Flooding$\}$ defense against adaptive adversaries},
  author={Xing, Jiarong and Wu, Wenqing and Chen, Ang},
  booktitle={30th USENIX Security Symposium (USENIX Security 21)},
  pages={3865--3881},
  year={2021}
}
@article{yue2024ccs,
  title={CCS: A Cross-Plane Collaboration Strategy to Defend Against LDoS Attacks in SDN},
  author={Yue, Meng and Yan, Qingxin and Lu, Zichao and Wu, Zhijun},
  journal={IEEE Transactions on Network and Service Management},
  year={2024},
  publisher={IEEE}
}

@inproceedings{liu2021jaqen,
  title={Jaqen: A $\{$High-Performance$\}$$\{$Switch-Native$\}$ approach for detecting and mitigating volumetric $\{$DDoS$\}$ attacks with programmable switches},
  author={Liu, Zaoxing and Namkung, Hun and Nikolaidis, Georgios and Lee, Jeongkeun and Kim, Changhoon and Jin, Xin and Braverman, Vladimir and Yu, Minlan and Sekar, Vyas},
  booktitle={30th USENIX Security Symposium (USENIX Security 21)},
  pages={3829--3846},
  year={2021}
}
@inproceedings{mirsky2018kitsune,
  title={Kitsune: An Ensemble of Autoencoders for Online Network Intrusion Detection},
  author={Mirsky, Yisroel and Doitshman, Tomer and Elovici, Yuval and Shabtai, Asaf},
  booktitle={Network and Distributed Systems Security (NDSS) Symposium},
  year={2018}
}
@inproceedings{holland2021new,
  title={New directions in automated traffic analysis},
  author={Holland, Jordan and Schmitt, Paul and Feamster, Nick and Mittal, Prateek},
  booktitle={Proceedings of the 2021 ACM SIGSAC Conference on Computer and Communications Security},
  pages={3366--3383},
  year={2021}
}

@article{kasim2020efficient,
  title={An efficient and robust deep learning based network anomaly detection against distributed denial of service attacks},
  author={Kasim, {\"O}mer},
  journal={Computer Networks},
  volume={180},
  pages={107390},
  year={2020},
  publisher={Elsevier}
}
@inproceedings{zhang2020poseidon,
  title={Poseidon: Mitigating volumetric ddos attacks with programmable switches},
  author={Zhang, Menghao and Li, Guanyu and Wang, Shicheng and Liu, Chang and Chen, Ang and Hu, Hongxin and Gu, Guofei and Li, Qianqian and Xu, Mingwei and Wu, Jianping},
  booktitle={the 27th Network and Distributed System Security Symposium (NDSS 2020)},
  year={2020}
}

@article{wang2020dynamic,
  title={A dynamic MLP-based DDoS attack detection method using feature selection and feedback},
  author={Wang, Meng and Lu, Yiqin and Qin, Jiancheng},
  journal={Computers \& Security},
  volume={88},
  pages={101645},
  year={2020},
  publisher={Elsevier}
}
@article{dahiya2020multi,
  title={Multi attribute auction based incentivized solution against DDoS attacks},
  author={Dahiya, Amrita and Gupta, Brij B},
  journal={Computers \& Security},
  volume={92},
  pages={101763},
  year={2020},
  publisher={Elsevier}
}


@article{amaizu2021composite,
  title={Composite and efficient DDoS attack detection framework for B5G networks},
  author={Amaizu, Gabriel Chukwunonso and Nwakanma, Cosmas Ifeanyi and Bhardwaj, Sanjay and Lee, Jae-Min and Kim, Dong-Seong},
  journal={Computer Networks},
  volume={188},
  pages={107871},
  year={2021},
  publisher={Elsevier}
}

@article{liu2021riemannian,
  title={Riemannian manifold on stream data: Fourier transform and entropy-based DDoS attacks detection method},
  author={Liu, Zhen and Hu, Changzhen and Shan, Chun},
  journal={Computers \& Security},
  volume={109},
  pages={102392},
  year={2021},
  publisher={Elsevier}
}

@article{tang2014sip,
  title={SIP flooding attack detection with a multi-dimensional sketch design},
  author={Tang, Jin and Cheng, Yu and Hao, Yong and Song, Wei},
  journal={IEEE Transactions on Dependable and Secure Computing},
  volume={11},
  number={6},
  pages={582--595},
  year={2014},
  publisher={IEEE}
}
@article{xu2022towards,
  title={Towards persistent detection of DDoS attacks in NDN: A sketch-based approach},
  author={Xu, Zhiwei and Wang, Xin and Zhang, Yujun},
  journal={IEEE Transactions on Dependable and Secure Computing},
  year={2022},
  publisher={IEEE}
}
@inproceedings{shin2013avant,
  title={Avant-guard: Scalable and vigilant switch flow management in software-defined networks},
  author={Shin, Seungwon and Yegneswaran, Vinod and Porras, Phillip and Gu, Guofei},
  booktitle={Proceedings of the 2013 ACM SIGSAC conference on Computer \& communications security},
  pages={413--424},
  year={2013}
}
@inproceedings{shin2013attacking,
  title={Attacking software-defined networks: A first feasibility study},
  author={Shin, Seungwon and Gu, Guofei},
  booktitle={Proceedings of the second ACM SIGCOMM workshop on Hot topics in software defined networking},
  pages={165--166},
  year={2013}
}
@article{mannes2019naming,
  title={Naming content on the network layer: A security analysis of the information-centric network model},
  author={Mannes, Elisa and Maziero, Carlos},
  journal={ACM Computing Surveys (CSUR)},
  volume={52},
  number={3},
  pages={1--28},
  year={2019},
  publisher={ACM New York, NY, USA}
}
@inproceedings{gasti2013and,
  title={DoS and DDoS in named data networking},
  author={Gasti, Paolo and Tsudik, Gene and Uzun, Ersin and Zhang, Lixia},
  booktitle={2013 22nd International Conference on Computer Communication and Networks (ICCCN)},
  pages={1--7},
  year={2013},
  organization={IEEE}
}
@article{sisalem2006denial,
  title={Denial of service attacks targeting a SIP VoIP infrastructure: attack scenarios and prevention mechanisms},
  author={Sisalem, Dorgham and Kuthan, Jiri and Ehlert, Sven},
  journal={IEEE Network},
  volume={20},
  number={5},
  pages={26--31},
  year={2006},
  publisher={IEEE}
}
@article{javadpour2023reinforcement,
  title={Reinforcement Learning-based Slice Isolation against DDoS Attacks in Beyond 5G Networks},
  author={Javadpour, Amir and Ja’fari, Forough and Taleb, Tarik and Benza{\"\i}d, Chafika},
  journal={IEEE Transactions on Network and Service Management},
  year={2023},
  publisher={IEEE}
}
@inproceedings{sattar2019towards,
  title={Towards secure slicing: Using slice isolation to mitigate DDoS attacks on 5G core network slices},
  author={Sattar, Danish and Matrawy, Ashraf},
  booktitle={2019 IEEE Conference on Communications and Network Security (CNS)},
  pages={82--90},
  year={2019},
  organization={IEEE}
}
@article{olimid20205g,
  title={5G network slicing: A security overview},
  author={Olimid, Ruxandra F and Nencioni, Gianfranco},
  journal={IEEE Access},
  volume={8},
  pages={99999--100009},
  year={2020},
  publisher={IEEE}
}
@article{matta2017ddos,
  title={DDoS attacks with randomized traffic innovation: Botnet identification challenges and strategies},
  author={Matta, Vincenzo and Di Mauro, Mario and Longo, Maurizio},
  journal={IEEE Transactions on Information Forensics and Security},
  volume={12},
  number={8},
  pages={1844--1859},
  year={2017},
  publisher={IEEE}
}
@inproceedings{henrydoss2014critical,
  title={Critical security review and study of DDoS attacks on LTE mobile network},
  author={Henrydoss, James and Boult, Terry},
  booktitle={2014 IEEE Asia Pacific Conference on Wireless and Mobile},
  pages={194--200},
  year={2014},
  organization={IEEE}
}
@article{silva2020repel,
  title={REPEL: a strategic approach for defending 5G control plane from DDoS signalling attacks},
  author={Silva, Renato S and Meixner, Carlos Colman and Guimar{\~a}es, Rafael S and Diallo, Thierno and Garcia, Borja O and de Moraes, Lu{\'\i}s FM and Martinello, Magnos},
  journal={IEEE Transactions on Network and Service Management},
  volume={18},
  number={3},
  pages={3231--3243},
  year={2020},
  publisher={IEEE}
}
@inproceedings{vasek2014empirical,
  title={Empirical analysis of denial-of-service attacks in the bitcoin ecosystem},
  author={Vasek, Marie and Thornton, Micah and Moore, Tyler},
  booktitle={Financial Cryptography and Data Security: FC 2014 Workshops, BITCOIN and WAHC 2014, Christ Church, Barbados, March 7, 2014, Revised Selected Papers 18},
  pages={57--71},
  year={2014},
  organization={Springer}
}
@inproceedings{johnson2014game,
  title={Game-theoretic analysis of DDoS attacks against Bitcoin mining pools},
  author={Johnson, Benjamin and Laszka, Aron and Grossklags, Jens and Vasek, Marie and Moore, Tyler},
  booktitle={Financial Cryptography and Data Security: FC 2014 Workshops, BITCOIN and WAHC 2014, Christ Church, Barbados, March 7, 2014, Revised Selected Papers 18},
  pages={72--86},
  year={2014},
  organization={Springer}
}
@article{wu2020survive,
  title={Survive and thrive: A stochastic game for DDoS attacks in bitcoin mining pools},
  author={Wu, Shuangke and Chen, Yanjiao and Li, Minghui and Luo, Xiangyang and Liu, Zhe and Liu, Lan},
  journal={IEEE/ACM Transactions on Networking},
  volume={28},
  number={2},
  pages={874--887},
  year={2020},
  publisher={IEEE}
}
@article{shankesi2010resource,
  title={Resource inflation threats to denial of service countermeasures},
  author={Shankesi, Ravinder and Fatemieh, Omid and Gunter, Carl A},
  journal={Dept. Comput. Sci., UIUC, Champaign, IL, USA, Tech. Rep},
  year={2010}
}
@article{vukovic2014security,
  title={Security of fully distributed power system state estimation: Detection and mitigation of data integrity attacks},
  author={Vukovi{\'c}, Ognjen and D{\'a}n, Gy{\"o}rgy},
  journal={IEEE Journal on Selected Areas in Communications},
  volume={32},
  number={7},
  pages={1500--1508},
  year={2014},
  publisher={IEEE}
}
@article{wang2018data,
  title={A data-driven study of DDoS attacks and their dynamics},
  author={Wang, An and Chang, Wentao and Chen, Songqing and Mohaisen, Aziz},
  journal={IEEE Transactions on Dependable and Secure Computing},
  volume={17},
  number={3},
  pages={648--661},
  year={2018},
  publisher={IEEE}
}
@article{li2023comprehensive,
  title={A comprehensive survey on DDoS defense systems: New trends and challenges},
  author={Li, Qing and Huang, He and Li, Ruoyu and Lv, Jianhui and Yuan, Zhenhui and Ma, Lianbo and Han, Yi and Jiang, Yong},
  journal={Computer Networks},
  pages={109895},
  year={2023},
  publisher={Elsevier}
}
@article{kumari2023comprehensive,
  title={A comprehensive study of DDoS attacks over IoT network and their countermeasures},
  author={Kumari, Pooja and Jain, Ankit Kumar},
  journal={Computers \& Security},
  pages={103096},
  year={2023},
  publisher={Elsevier}
}
@article{mirsky2020ddos,
  title={DDoS attacks on 9-1-1 emergency services},
  author={Mirsky, Yisroel and Guri, Mordechai},
  journal={IEEE Transactions on Dependable and Secure Computing},
  volume={18},
  number={6},
  pages={2767--2786},
  year={2020},
  publisher={IEEE}
}
@inproceedings{dantas2014selective,
  title={A selective defense for application layer ddos attacks},
  author={Dantas, Yuri Gil and Nigam, Vivek and Fonseca, Iguatemi E},
  booktitle={2014 IEEE Joint Intelligence and Security Informatics Conference},
  pages={75--82},
  year={2014},
  organization={IEEE}
}
@article{tushir2020quantitative,
  title={A quantitative study of ddos and e-ddos attacks on wifi smart home devices},
  author={Tushir, Bhagyashri and Dalal, Yogesh and Dezfouli, Behnam and Liu, Yuhong},
  journal={IEEE Internet of Things Journal},
  volume={8},
  number={8},
  pages={6282--6292},
  year={2020},
  publisher={IEEE}
}
@inproceedings{griffioen2021scan,
  title={Scan, test, execute: Adversarial tactics in amplification DDoS attacks},
  author={Griffioen, Harm and Oosthoek, Kris and van der Knaap, Paul and Doerr, Christian},
  booktitle={Proceedings of the 2021 ACM SIGSAC Conference on Computer and Communications Security},
  pages={940--954},
  year={2021}
}
@inproceedings{xiong2021warmonger,
  title={Warmonger: inflicting denial-of-service via serverless functions in the cloud},
  author={Xiong, Junjie and Wei, Mingkui and Lu, Zhuo and Liu, Yao},
  booktitle={Proceedings of the 2021 ACM SIGSAC Conference on Computer and Communications Security},
  pages={955--969},
  year={2021}
}
@inproceedings{li2021deter,
  title={Deter: Denial of ethereum txpool services},
  author={Li, Kai and Wang, Yibo and Tang, Yuzhe},
  booktitle={Proceedings of the 2021 ACM SIGSAC Conference on Computer and Communications Security},
  pages={1645--1667},
  year={2021}
}
@inproceedings{moura2020into,
  title={Into the DDoS maelstrom: a longitudinal study of a scrubbing service},
  author={Moura, Giovane CM and Hesselman, Cristian and Schaapman, Gerald and Boerman, Nick and De Weerdt, Octavia},
  booktitle={2020 IEEE European Symposium on Security and Privacy Workshops (EuroS\&PW)},
  pages={550--558},
  year={2020},
  organization={IEEE}
}
@inproceedings{tandon2021defending,
  title={Defending web servers against flash crowd attacks},
  author={Tandon, Rajat and Palia, Abhinav and Ramani, Jaydeep and Paulsen, Brandon and Bartlett, Genevieve and Mirkovic, Jelena},
  booktitle={International Conference on Applied Cryptography and Network Security},
  pages={338--361},
  year={2021},
  organization={Springer}
}
@article{shirsath2024sparq,
  title={SPARQ: SYN Protection using Acyclic Redundancy check and Quartile range on P4 switches},
  author={Shirsath, Vaishali A and Chandane, Madhav M and Lal, Chhagan and Conti, Mauro},
  journal={Computer Communications},
  volume={216},
  pages={283--294},
  year={2024},
  publisher={Elsevier}
}
@article{nashat2021multifractal,
  title={Multifractal detrended fluctuation analysis based detection for SYN flooding attack},
  author={Nashat, Dalia and Hussain, Fatma A},
  journal={Computers \& Security},
  volume={107},
  pages={102315},
  year={2021},
  publisher={Elsevier}
}
@article{de2021detection,
  title={Detection of reduction-of-quality DDoS attacks using Fuzzy Logic and machine learning algorithms},
  author={de Miranda Rios, Vin{\'\i}cius and In{\'a}cio, Pedro RM and Magoni, Damien and Freire, M{\'a}rio M},
  journal={Computer Networks},
  volume={186},
  pages={107792},
  year={2021},
  publisher={Elsevier}
}

@article{batchu2022integrated,
  title={An integrated approach explaining the detection of distributed denial of service attacks},
  author={Batchu, Raj Kumar and Seetha, Hari},
  journal={Computer Networks},
  volume={216},
  pages={109269},
  year={2022},
  publisher={Elsevier}
}
@article{liu2021low,
  title={Low-rate DDoS attacks detection method using data compression and behavior divergence measurement},
  author={Liu, Xinqian and Ren, Jiadong and He, Haitao and Wang, Qian and Song, Chen},
  journal={Computers \& Security},
  volume={100},
  pages={102107},
  year={2021},
  publisher={Elsevier}
}
@article{kaur2021review,
  title={A review on P4-Programmable data planes: Architecture, research efforts, and future directions},
  author={Kaur, Sukhveer and Kumar, Krishan and Aggarwal, Naveen},
  journal={Computer Communications},
  volume={170},
  pages={109--129},
  year={2021},
  publisher={Elsevier}
}

@article{kushwah2021optimized,
  title={Optimized extreme learning machine for detecting DDoS attacks in cloud computing},
  author={Kushwah, Gopal Singh and Ranga, Virender},
  journal={Computers \& Security},
  volume={105},
  pages={102260},
  year={2021},
  publisher={Elsevier}
}

@article{batchu2021generalized,
  title={A generalized machine learning model for DDoS attacks detection using hybrid feature selection and hyperparameter tuning},
  author={Batchu, Raj Kumar and Seetha, Hari},
  journal={Computer Networks},
  volume={200},
  pages={108498},
  year={2021},
  publisher={Elsevier}
}

@article{ge2021towards,
  title={Towards a deep learning-driven intrusion detection approach for Internet of Things},
  author={Ge, Mengmeng and Syed, Naeem Firdous and Fu, Xiping and Baig, Zubair and Robles-Kelly, Antonio},
  journal={Computer Networks},
  volume={186},
  pages={107784},
  year={2021},
  publisher={Elsevier}
}

@article{thoma2021detection,
  title={Detection of collaborative misbehaviour in distributed cyber-attacks},
  author={Thoma, Marios and Hadjicostis, Christoforos N},
  journal={Computer Communications},
  volume={174},
  pages={28--41},
  year={2021},
  publisher={Elsevier}
}

@article{myneni2022smartdefense,
  title={SmartDefense: A distributed deep defense against DDoS attacks with edge computing},
  author={Myneni, Sowmya and Chowdhary, Ankur and Huang, Dijiang and Alshamrani, Adel},
  journal={Computer Networks},
  volume={209},
  pages={108874},
  year={2022},
  publisher={Elsevier}
}

@article{fouladi2022ddos,
  title={A DDoS attack detection and countermeasure scheme based on DWT and auto-encoder neural network for SDN},
  author={Fouladi, Ramin Fadaei and Ermi{\c{s}}, Orhan and Anarim, Emin},
  journal={Computer Networks},
  volume={214},
  pages={109140},
  year={2022},
  publisher={Elsevier}
}
@article{panigrahi2022intrusion,
  title={Intrusion detection in cyber--physical environment using hybrid Na{\"\i}ve Bayes—Decision table and multi-objective evolutionary feature selection},
  author={Panigrahi, Ranjit and Borah, Samarjeet and Pramanik, Moumita and Bhoi, Akash Kumar and Barsocchi, Paolo and Nayak, Soumya Ranjan and Alnumay, Waleed},
  journal={Computer Communications},
  volume={188},
  pages={133--144},
  year={2022},
  publisher={Elsevier}
}

@article{long2022hybrid,
  title={A hybrid method of entropy and SSAE-SVM based DDoS detection and mitigation mechanism in SDN},
  author={Long, Zhang and Jinsong, Wang},
  journal={Computers \& Security},
  volume={115},
  pages={102604},
  year={2022},
  publisher={Elsevier}
}

@article{akgun2022new,
  title={A new DDoS attacks intrusion detection model based on deep learning for cybersecurity},
  author={Akgun, Devrim and Hizal, Selman and Cavusoglu, Unal},
  journal={Computers \& Security},
  volume={118},
  pages={102748},
  year={2022},
  publisher={Elsevier}
}

@article{baldini2022online,
  title={Online Distributed Denial of Service (DDoS) intrusion detection based on adaptive sliding window and morphological fractal dimension},
  author={Baldini, Gianmarco and Amerini, Irene},
  journal={Computer Networks},
  volume={210},
  pages={108923},
  year={2022},
  publisher={Elsevier}
}

@article{mm2022efficient,
  title={An efficient SVM based DEHO classifier to detect DDoS attack in cloud computing environment},
  author={MM, Gowthul Alam and TF, Michael Raj and others},
  journal={Computer Networks},
  volume={215},
  pages={109138},
  year={2022},
  publisher={Elsevier}
}

@article{motylinski2022gpu,
  title={A GPU-based machine learning approach for detection of botnet attacks},
  author={Motylinski, Michal and MacDermott, {\'A}ine and Iqbal, Farkhund and Shah, Babar},
  journal={Computers \& Security},
  volume={123},
  pages={102918},
  year={2022},
  publisher={Elsevier}
}

@article{shalini2022docus,
  title={DOCUS-DDoS detection in SDN using modified CUSUM with flash traffic discrimination and mitigation},
  author={Shalini, PV and Radha, V and Sanjeevi, Sriram G},
  journal={Computer Networks},
  volume={217},
  pages={109361},
  year={2022},
  publisher={Elsevier}
}

@article{fouladi2022novel,
  title={A novel approach for distributed denial of service defense using continuous wavelet transform and convolutional neural network for software-defined network},
  author={Fouladi, Ramin Fadaei and Ermi{\c{s}}, Orhan and Anarim, Emin},
  journal={Computers \& Security},
  volume={112},
  pages={102524},
  year={2022},
  publisher={Elsevier}
}
@inproceedings{plonka2000flowscan,
  title={$\{$FlowScan$\}$: A Network Traffic Flow Reporting and Visualization Tool},
  author={Plonka, Dave},
  booktitle={14th Systems Administration Conference (LISA 2000)},
  year={2000}
}
@inproceedings{guan2009new,
  title={A new data streaming method for locating hosts with large connection degree},
  author={Guan, Xiaohong and Wang, Pinghui and Qin, Tao},
  booktitle={GLOBECOM 2009-2009 IEEE Global Telecommunications Conference},
  pages={1--6},
  year={2009},
  organization={IEEE}
}
@article{li2023gcn,
  title={AT-GCN: A DDoS attack path tracing system based on attack traceability knowledge base and GCN},
  author={Li, Kun and Zhou, Huachun and Tu, Zhe and Liu, Ouyang and Zhang, Hongke},
  journal={Computer Networks},
  volume={236},
  pages={110036},
  year={2023},
  publisher={Elsevier}
}
@article{liu2022tree,
  title={Tree sketch: An accurate and memory-efficient sketch for network-wide measurement},
  author={Liu, Lei and Ding, Tong and Feng, Hui and Yan, Zhongmin and Lu, Xudong},
  journal={Computer Communications},
  volume={194},
  pages={148--155},
  year={2022},
  publisher={Elsevier}
}

@article{aydin2022long,
  title={A long short-term memory (LSTM)-based distributed denial of service (DDoS) detection and defense system design in public cloud network environment},
  author={Ayd{\i}n, Hakan and Orman, Zeynep and Ayd{\i}n, Muhammed Ali},
  journal={Computers \& Security},
  volume={118},
  pages={102725},
  year={2022},
  publisher={Elsevier}
}

@article{rani2023detection,
  title={Detection of DDoS attacks in D2D communications using machine learning approach},
  author={Rani, SV Jansi and Ioannou, Iacovos and Nagaradjane, Prabagarane and Christophorou, Christophoros and Vassiliou, Vasos and Charan, Sai and Prakash, Sai and Parekh, Niel and Pitsillides, Andreas},
  journal={Computer Communications},
  volume={198},
  pages={32--51},
  year={2023},
  publisher={Elsevier}
}

@article{ribeiro2023detecting,
  title={Detecting and mitigating DDoS attacks with moving target defense approach based on automated flow classification in SDN networks},
  author={Ribeiro, Marcos Aur{\'e}lio and Fonseca, Mauro Sergio Pereira and de Santi, Juliana},
  journal={Computers \& Security},
  volume={134},
  pages={103462},
  year={2023},
  publisher={Elsevier}
}

@article{aktar2023towards,
  title={Towards DDoS attack detection using deep learning approach},
  author={Aktar, Sharmin and Nur, Abdullah Yasin},
  journal={Computers \& Security},
  volume={129},
  pages={103251},
  year={2023},
  publisher={Elsevier}
}

@article{li2023path,
  title={A path selection scheme for detecting malicious behavior based on deep reinforcement learning in SDN/NFV-Enabled network},
  author={Li, Man and Deng, Shuangxing and Zhou, Huachun and Qin, Yajuan},
  journal={Computer Networks},
  volume={236},
  pages={110034},
  year={2023},
  publisher={Elsevier}
}

@article{mustapha2023detecting,
  title={Detecting DDoS attacks using adversarial neural network},
  author={Mustapha, Ali and Khatoun, Rida and Zeadally, Sherali and Chbib, Fadlallah and Fadlallah, Ahmad and Fahs, Walid and El Attar, Ali},
  journal={Computers \& Security},
  volume={127},
  pages={103117},
  year={2023},
  publisher={Elsevier}
}

@article{lyu2023pedda,
  title={PEDDA: Practical and Effective Detection of Distributed Attacks on enterprise networks via progressive multi-stage inference},
  author={Lyu, Minzhao and Gharakheili, Hassan Habibi and Sivaraman, Vijay},
  journal={Computer networks},
  volume={233},
  pages={109873},
  year={2023},
  publisher={Elsevier}
}

@article{sharif2023detection,
  title={Detection of application-layer DDoS attacks using machine learning and genetic algorithms},
  author={Sharif, Dyari Mohammed and Beitollahi, Hakem},
  journal={Computers \& Security},
  volume={135},
  pages={103511},
  year={2023},
  publisher={Elsevier}
}

@article{benlloch2023distributed,
  title={Distributed dual-layer autonomous closed loops for self-protection of 5G/6G IoT networks from distributed denial of service attacks},
  author={Benlloch-Caballero, Pablo and Wang, Qi and Calero, Jose M Alcaraz},
  journal={Computer Networks},
  volume={222},
  pages={109526},
  year={2023},
  publisher={Elsevier}
}

@article{shaji2023deep,
  title={Deep-discovery: Anomaly discovery in software-defined networks using artificial neural networks},
  author={Shaji, Neena Susan and Jain, Tanushree and Muthalagu, Raja and Pawar, Pranav Mothabhau},
  journal={Computers \& Security},
  volume={132},
  pages={103320},
  year={2023},
  publisher={Elsevier}
}

@article{mahadik2023edge,
  title={Edge-HetIoT defense against DDoS attack using learning techniques},
  author={Mahadik, Shalaka S and Pawar, Pranav M and Muthalagu, Raja},
  journal={Computers \& Security},
  volume={132},
  pages={103347},
  year={2023},
  publisher={Elsevier}
}

@article{hnamte2024ddos,
  title={DDoS attack detection and mitigation using deep neural network in SDN environment},
  author={Hnamte, Vanlalruata and Najar, Ashfaq Ahmad and Nhung-Nguyen, Hong and Hussain, Jamal and Sugali, Manohar Naik},
  journal={Computers \& Security},
  volume={138},
  pages={103661},
  year={2024},
  publisher={Elsevier}
}

@article{najar2024cyber,
  title={Cyber-Secure SDN: A CNN-Based Approach for Efficient Detection and Mitigation of DDoS attacks},
  author={Najar, Ashfaq Ahmad and Naik, S Manohar},
  journal={Computers \& Security},
  volume={139},
  pages={103716},
  year={2024},
  publisher={Elsevier}
}
@inproceedings{cao2016off,
  title={$\{$Off-Path$\}$$\{$TCP$\}$ Exploits: Global Rate Limit Considered Dangerous},
  author={Cao, Yue and Qian, Zhiyun and Wang, Zhongjie and Dao, Tuan and Krishnamurthy, Srikanth V and Marvel, Lisa M},
  booktitle={25th USENIX Security Symposium (USENIX Security 16)},
  pages={209--225},
  year={2016}
}
@inproceedings{feng2020off,
  title={Off-path TCP exploits of the mixed IPID assignment},
  author={Feng, Xuewei and Fu, Chuanpu and Li, Qi and Sun, Kun and Xu, Ke},
  booktitle={Proceedings of the 2020 ACM SIGSAC Conference on Computer and Communications Security},
  pages={1323--1335},
  year={2020}
}
@inproceedings{gilad2011fragmentation,
  title={Fragmentation considered vulnerable: blindly intercepting and discarding fragments},
  author={Gilad, Yossi and Herzberg, Amir},
  booktitle={5th USENIX Workshop on Offensive Technologies (WOOT 11)},
  year={2011}
}
@article{atlasis2012attacking,
  title={Attacking ipv6 implementation using fragmentation},
  author={Atlasis, Antonios},
  journal={Blackhat europe},
  pages={14--16},
  year={2012}
}
@inproceedings{li2023bijack,
  title={Bijack: Breaking Bitcoin Network with TCP Vulnerabilities},
  author={Li, Shaoyu and Shi, Shanghao and Xiao, Yang and Zhang, Chaoyu and Hou, Y Thomas and Lou, Wenjing},
  booktitle={European Symposium on Research in Computer Security},
  pages={306--326},
  year={2023},
  organization={Springer}
}
@article{wang2024off,
  title={Off-Path TCP Hijacking in Wi-Fi Networks: A Packet-Size Side Channel Attack},
  author={Wang, Ziqiang and Feng, Xuewei and Li, Qi and Sun, Kun and Yang, Yuxiang and Li, Mengyuan and Xu, Ke},
  journal={arXiv preprint arXiv:2402.12716},
  year={2024}
}
@article{fu2023detecting,
  title={Detecting unknown encrypted malicious traffic in real time via flow interaction graph analysis},
  author={Fu, Chuanpu and Li, Qi and Xu, Ke},
  journal={arXiv preprint arXiv:2301.13686},
  year={2023}
}
@inproceedings{invernizzi2014nazca,
  title={Nazca: Detecting Malware Distribution in Large-Scale Networks.},
  author={Invernizzi, Luca and Miskovic, Stanislav and Torres, Ruben and Kruegel, Christopher and Saha, Sabyasachi and Vigna, Giovanni and Lee, Sung-Ju and Mellia, Marco},
  booktitle={NDSS},
  volume={14},
  pages={23--26},
  year={2014}
}
@inproceedings{kwon2015dropper,
  title={The dropper effect: Insights into malware distribution with downloader graph analytics},
  author={Kwon, Bum Jun and Mondal, Jayanta and Jang, Jiyong and Bilge, Leyla and Dumitra{\c{s}}, Tudor},
  booktitle={Proceedings of the 22nd ACM SIGSAC Conference on Computer and Communications Security},
  pages={1118--1129},
  year={2015}
}
@inproceedings{eshete2017dynaminer,
  title={DynaMiner: Leveraging offline infection analytics for On-the-Wire malware detection},
  author={Eshete, Birhanu and Venkatakrishnan, VN},
  booktitle={2017 47th Annual IEEE/IFIP International Conference on Dependable Systems and Networks (DSN)},
  pages={463--474},
  year={2017},
  organization={IEEE}
}
@inproceedings{acar2020peek,
  title={Peek-a-boo: I see your smart home activities, even encrypted!},
  author={Acar, Abbas and Fereidooni, Hossein and Abera, Tigist and Sikder, Amit Kumar and Miettinen, Markus and Aksu, Hidayet and Conti, Mauro and Sadeghi, Ahmad-Reza and Uluagac, Selcuk},
  booktitle={Proceedings of the 13th ACM Conference on Security and Privacy in Wireless and Mobile Networks},
  pages={207--218},
  year={2020}
}
@inproceedings{sikder20176thsense,
  title={$\{$6thSense$\}$: A context-aware sensor-based attack detector for smart devices},
  author={Sikder, Amit Kumar and Aksu, Hidayet and Uluagac, A Selcuk},
  booktitle={26th USENIX Security Symposium (USENIX Security 17)},
  pages={397--414},
  year={2017}
}
@inproceedings{sikder2019aegis,
  title={Aegis: A context-aware security framework for smart home systems},
  author={Sikder, Amit Kumar and Babun, Leonardo and Aksu, Hidayet and Uluagac, A Selcuk},
  booktitle={Proceedings of the 35th Annual Computer Security Applications Conference},
  pages={28--41},
  year={2019}
}
@inproceedings{fu2021realtime,
  title={Realtime robust malicious traffic detection via frequency domain analysis},
  author={Fu, Chuanpu and Li, Qi and Shen, Meng and Xu, Ke},
  booktitle={Proceedings of the 2021 ACM SIGSAC Conference on Computer and Communications Security},
  pages={3431--3446},
  year={2021}
}
@inproceedings{fogla2006evading,
  title={Evading network anomaly detection systems: formal reasoning and practical techniques},
  author={Fogla, Prahlad and Lee, Wenke},
  booktitle={Proceedings of the 13th ACM conference on Computer and communications security},
  pages={59--68},
  year={2006}
}

@inproceedings{apostolaki2017hijacking,
  title={Hijacking bitcoin: Routing attacks on cryptocurrencies},
  author={Apostolaki, Maria and Zohar, Aviv and Vanbever, Laurent},
  booktitle={2017 IEEE symposium on security and privacy (SP)},
  pages={375--392},
  year={2017},
  organization={IEEE}
}
@inproceedings{feng2022off,
  title={$\{$Off-Path$\}$ Network Traffic Manipulation via Revitalized $\{$ICMP$\}$ Redirect Attacks},
  author={Feng, Xuewei and Li, Qi and Sun, Kun and Qian, Zhiyun and Zhao, Gang and Kuang, Xiaohui and Fu, Chuanpu and Xu, Ke},
  booktitle={31st USENIX Security Symposium (USENIX Security 22)},
  pages={2619--2636},
  year={2022}
}

@article{younes2024hybrid,
  title={A hybrid deep learning model for detecting DDoS flooding attacks in SIP-based systems},
  author={Younes, Osama S},
  journal={Computer Networks},
  volume={240},
  pages={110146},
  year={2024},
  publisher={Elsevier}
}
@inproceedings{di2011protecting,
  title={Protecting against DNS reflection attacks with Bloom filters},
  author={Di Paola, Sebastiano and Lombardo, Dario},
  booktitle={International Conference on Detection of Intrusions and Malware, and Vulnerability Assessment},
  pages={1--16},
  year={2011},
  organization={Springer}
}

@article{liu2015detection,
  title={Detection of superpoints using a vector bloom filter},
  author={Liu, Weijiang and Qu, Wenyu and Gong, Jian and Li, Keqiu},
  journal={IEEE Transactions on Information Forensics and Security},
  volume={11},
  number={3},
  pages={514--527},
  year={2015},
  publisher={IEEE}
}
@article{dai2024dampadf,
  title={DAmpADF: A framework for DNS amplification attack defense based on Bloom filters and NAmpKeeper},
  author={Dai, Yunwei and Huang, Tao and Wang, Shuo},
  journal={Computers \& Security},
  volume={139},
  pages={103718},
  year={2024},
  publisher={Elsevier}
}

@article{doriguzzi2024introducing,
  title={Introducing packet-level analysis in programmable data planes to advance Network Intrusion Detection},
  author={Doriguzzi-Corin, Roberto and Knob, Luis Augusto Dias and Mendozzi, Luca and Siracusa, Domenico and Savi, Marco},
  journal={Computer Networks},
  volume={239},
  pages={110162},
  year={2024},
  publisher={Elsevier}
}
@inproceedings{heilman2015eclipse,
  title={Eclipse attacks on $\{$Bitcoin’s$\}$$\{$peer-to-peer$\}$ network},
  author={Heilman, Ethan and Kendler, Alison and Zohar, Aviv and Goldberg, Sharon},
  booktitle={24th USENIX security symposium (USENIX security 15)},
  pages={129--144},
  year={2015}
}
@inproceedings{tran2020stealthier,
  title={A stealthier partitioning attack against bitcoin peer-to-peer network},
  author={Tran, Muoi and Choi, Inho and Moon, Gi Jun and Vu, Anh V and Kang, Min Suk},
  booktitle={2020 IEEE Symposium on Security and Privacy (SP)},
  pages={894--909},
  year={2020},
  organization={IEEE}
}
@inproceedings{gervais2015tampering,
  title={Tampering with the delivery of blocks and transactions in bitcoin},
  author={Gervais, Arthur and Ritzdorf, Hubert and Karame, Ghassan O and Capkun, Srdjan},
  booktitle={Proceedings of the 22nd ACM SIGSAC Conference on Computer and Communications Security},
  pages={692--705},
  year={2015}
}
@inproceedings{walck2019tendrilstaller,
  title={TendrilStaller: Block delay attack in Bitcoin},
  author={Walck, Matthew and Wang, Ke and Kim, Hyong S},
  booktitle={2019 IEEE international conference on Blockchain (Blockchain)},
  pages={1--9},
  year={2019},
  organization={IEEE}
}

@inproceedings{anceaume2015identifying,
  title={Identifying global icebergs in distributed streams},
  author={Anceaume, Emmanuelle and Busnel, Yann and Rivetti, Nicolo and Sericola, Bruno},
  booktitle={2015 IEEE 34th Symposium on Reliable Distributed Systems (SRDS)},
  pages={266--275},
  year={2015},
  organization={IEEE}
}
@inproceedings{jiao2017detecting,
  title={Detecting TCP-based DDoS attacks in Baidu cloud computing data centers},
  author={Jiao, Jiahui and Ye, Benjun and Zhao, Yue and Stones, Rebecca J and Wang, Gang and Liu, Xiaoguang and Wang, Shaoyan and Xie, Guangjun},
  booktitle={2017 IEEE 36th Symposium on Reliable Distributed Systems (SRDS)},
  pages={256--258},
  year={2017},
  organization={IEEE}
}
@article{rashidi2017collaborative,
  title={A collaborative DDoS defence framework using network function virtualization},
  author={Rashidi, Bahman and Fung, Carol and Bertino, Elisa},
  journal={IEEE Transactions on Information Forensics and Security},
  volume={12},
  number={10},
  pages={2483--2497},
  year={2017},
  publisher={IEEE}
}

@article{kurt2018distributed,
  title={Distributed quickest detection of cyber-attacks in smart grid},
  author={Kurt, Mehmet Necip and Y{\i}lmaz, Yasin and Wang, Xiaodong},
  journal={IEEE Transactions on Information Forensics and Security},
  volume={13},
  number={8},
  pages={2015--2030},
  year={2018},
  publisher={IEEE}
}

@article{zhu2018privacy,
  title={Privacy-preserving DDoS attack detection using cross-domain traffic in software defined networks},
  author={Zhu, Liehuang and Tang, Xiangyun and Shen, Meng and Du, Xiaojiang and Guizani, Mohsen},
  journal={IEEE Journal on Selected Areas in Communications},
  volume={36},
  number={3},
  pages={628--643},
  year={2018},
  publisher={IEEE}
}
@inproceedings{cao2019crosspath,
  title={The $\{$CrossPath$\}$ attack: Disrupting the $\{$SDN$\}$ control channel via shared links},
  author={Cao, Jiahao and Li, Qi and Xie, Renjie and Sun, Kun and Gu, Guofei and Xu, Mingwei and Yang, Yuan},
  booktitle={28th USENIX Security Symposium (USENIX Security 19)},
  pages={19--36},
  year={2019}
}

@article{wu2018game,
  title={A game theory based collaborative security detection method for Internet of Things systems},
  author={Wu, Hao and Wang, Wei},
  journal={IEEE Transactions on Information Forensics and Security},
  volume={13},
  number={6},
  pages={1432--1445},
  year={2018},
  publisher={IEEE}
}

@article{wang2017skyshield,
  title={SkyShield: A sketch-based defense system against application layer DDoS attacks},
  author={Wang, Chenxu and Miu, Tony TN and Luo, Xiapu and Wang, Jinhe},
  journal={IEEE Transactions on Information Forensics and Security},
  volume={13},
  number={3},
  pages={559--573},
  year={2017},
  publisher={IEEE}
}

@article{zheng2018realtime,
  title={Realtime DDoS defense using COTS SDN switches via adaptive correlation analysis},
  author={Zheng, Jing and Li, Qi and Gu, Guofei and Cao, Jiahao and Yau, David KY and Wu, Jianping},
  journal={IEEE Transactions on Information Forensics and Security},
  volume={13},
  number={7},
  pages={1838--1853},
  year={2018},
  publisher={IEEE}
}
@inproceedings{mousavi2015early,
  title={Early detection of DDoS attacks against SDN controllers},
  author={Mousavi, Seyed Mohammad and St-Hilaire, Marc},
  booktitle={2015 international conference on computing, networking and communications (ICNC)},
  pages={77--81},
  year={2015},
  organization={IEEE}
}


@article{kalkan2018jess,
  title={JESS: Joint entropy-based DDoS defense scheme in SDN},
  author={Kalkan, K{\"u}bra and Altay, Levent and G{\"u}r, G{\"u}rkan and Alag{\"o}z, Fatih},
  journal={IEEE Journal on Selected Areas in Communications},
  volume={36},
  number={10},
  pages={2358--2372},
  year={2018},
  publisher={IEEE}
}
@inproceedings{herwig2019measurement,
  title={Measurement and analysis of Hajime, a peer-to-peer IoT botnet},
  author={Herwig, Stephen and Harvey, Katura and Hughey, George and Roberts, Richard and Levin, Dave},
  booktitle={Network and Distributed Systems Security (NDSS) Symposium},
  year={2019}
}
@inproceedings{antonakakis2017understanding,
  title={Understanding the mirai botnet},
  author={Antonakakis, Manos and April, Tim and Bailey, Michael and Bernhard, Matt and Bursztein, Elie and Cochran, Jaime and Durumeric, Zakir and Halderman, J Alex and Invernizzi, Luca and Kallitsis, Michalis and others},
  booktitle={26th USENIX security symposium (USENIX Security 17)},
  pages={1093--1110},
  year={2017}
}

@article{liaskos2018network,
  title={Network topology effects on the detectability of crossfire attacks},
  author={Liaskos, Christos and Ioannidis, Sotiris},
  journal={IEEE Transactions on Information Forensics and Security},
  volume={13},
  number={7},
  pages={1682--1695},
  year={2018},
  publisher={IEEE}
}
@article{chadd2018ddos,
  title={DDoS attacks: past, present and future},
  author={Chadd, Anthony},
  journal={Network Security},
  volume={2018},
  number={7},
  pages={13--15},
  year={2018},
  publisher={MA Business London}
}
@article{ahmed2018statistical,
  title={Statistical application fingerprinting for DDoS attack mitigation},
  author={Ahmed, Muhammad Ejaz and Ullah, Saeed and Kim, Hyoungshick},
  journal={IEEE Transactions on Information Forensics and Security},
  volume={14},
  number={6},
  pages={1471--1484},
  year={2018},
  publisher={IEEE}
}
@inproceedings{liaskos2016novel,
  title={A novel framework for modeling and mitigating distributed link flooding attacks},
  author={Liaskos, Christos and Kotronis, Vasileios and Dimitropoulos, Xenofontas},
  booktitle={IEEE INFOCOM 2016-The 35th Annual IEEE International Conference on Computer Communications},
  pages={1--9},
  year={2016},
  organization={IEEE}
}
@inproceedings{kang2016spiffy,
  title={SPIFFY: Inducing Cost-Detectability Tradeoffs for Persistent Link-Flooding Attacks.},
  author={Kang, Min Suk and Gligor, Virgil D and Sekar, Vyas and others},
  booktitle={NDSS},
  volume={1},
  pages={53--55},
  year={2016}
}
@article{gkounis2016interplay,
  title={On the interplay of link-flooding attacks and traffic engineering},
  author={Gkounis, Dimitrios and Kotronis, Vasileios and Liaskos, Christos and Dimitropoulos, Xenofontas},
  journal={ACM SIGCOMM Computer Communication Review},
  volume={46},
  number={2},
  pages={5--11},
  year={2016},
  publisher={ACM New York, NY, USA}
}

@article{afek2019zero,
  title={Zero-day signature extraction for high-volume attacks},
  author={Afek, Yehuda and Bremler-Barr, Anat and Feibish, Shir Landau},
  journal={IEEE/ACM Transactions on Networking},
  volume={27},
  number={2},
  pages={691--706},
  year={2019},
  publisher={IEEE}
}
@inproceedings{xue2014towards,
  title={Towards detecting target link flooding attack},
  author={Xue, Lei and Luo, Xiapu and Chan, Edmond WW and Zhan, Xian},
  booktitle={28th Large Installation System Administration Conference (LISA14)},
  pages={90--105},
  year={2014}
}
@article{wang2018detecting,
  title={Detecting and mitigating target link-flooding attacks using SDN},
  author={Wang, Juan and Wen, Ru and Li, Jiangqi and Yan, Fei and Zhao, Bo and Yu, Fajiang},
  journal={IEEE Transactions on dependable and secure computing},
  volume={16},
  number={6},
  pages={944--956},
  year={2018},
  publisher={IEEE}
}

@article{ma2019randomized,
  title={Randomized security patrolling for link flooding attack detection},
  author={Ma, Xiaobo and An, Bo and Zhao, Mengchen and Luo, Xiapu and Xue, Lei and Li, Zhenhua and Miu, Tony TN and Guan, Xiaohong},
  journal={IEEE Transactions on Dependable and Secure Computing},
  volume={17},
  number={4},
  pages={795--812},
  year={2019},
  publisher={IEEE}
}

@inproceedings{krupp2021bgpeek,
  title={Bgpeek-a-boo: Active bgp-based traceback for amplification ddos attacks},
  author={Krupp, Johannes and Rossow, Christian},
  booktitle={2021 IEEE European Symposium on Security and Privacy (EuroS\&P)},
  pages={423--439},
  year={2021},
  organization={IEEE}
}
@inproceedings{feng2020application,
  title={Application-layer DDoS defense with reinforcement learning},
  author={Feng, Yebo and Li, Jun and Nguyen, Thanh},
  booktitle={2020 IEEE/ACM 28th International Symposium on Quality of Service (IWQoS)},
  pages={1--10},
  year={2020},
  organization={IEEE}
}
@inproceedings{kramer2015amppot,
  title={Amppot: Monitoring and defending against amplification ddos attacks},
  author={Kr{\"a}mer, Lukas and Krupp, Johannes and Makita, Daisuke and Nishizoe, Tomomi and Koide, Takashi and Yoshioka, Katsunari and Rossow, Christian},
  booktitle={Research in Attacks, Intrusions, and Defenses: 18th International Symposium, RAID 2015, Kyoto, Japan, November 2-4, 2015. Proceedings 18},
  pages={615--636},
  year={2015},
  organization={Springer}
}
@article{doriguzzi2020lucid,
  title={LUCID: A practical, lightweight deep learning solution for DDoS attack detection},
  author={Doriguzzi-Corin, Roberto and Millar, Stuart and Scott-Hayward, Sandra and Martinez-del-Rincon, Jesus and Siracusa, Domenico},
  journal={IEEE Transactions on Network and Service Management},
  volume={17},
  number={2},
  pages={876--889},
  year={2020},
  publisher={IEEE}
}
Ask
@inproceedings{thomas20171000,
  title={1000 days of UDP amplification DDoS attacks},
  author={Thomas, Daniel R and Clayton, Richard and Beresford, Alastair R},
  booktitle={2017 APWG Symposium on Electronic Crime Research (eCrime)},
  pages={79--84},
  year={2017},
  organization={IEEE}
}
@article{guo2020detecting,
  title={Detecting iot devices in the internet},
  author={Guo, Hang and Heidemann, John},
  journal={IEEE/ACM Transactions on Networking},
  volume={28},
  number={5},
  pages={2323--2336},
  year={2020},
  publisher={IEEE}
}

@article{huang2020efficient,
  title={An efficient k-persistent spread estimator for traffic measurement in high-speed networks},
  author={Huang, He and Sun, Yu-E and Ma, Chaoyi and Chen, Shigang and Zhou, You and Yang, Wenjian and Tang, Shaojie and Xu, Hongli and Qiao, Yan},
  journal={IEEE/ACM Transactions on Networking},
  volume={28},
  number={4},
  pages={1463--1476},
  year={2020},
  publisher={IEEE}
}

@article{biswas2021sampling,
  title={Sampling rate distribution for flow monitoring and DDoS detection in datacenter},
  author={Biswas, Rajorshi and Kim, Sungji and Wu, Jie},
  journal={IEEE Transactions on Information Forensics and Security},
  volume={16},
  pages={2524--2534},
  year={2021},
  publisher={IEEE}
}

@article{ding2021tracking,
  title={Tracking normalized network traffic entropy to detect DDoS attacks in P4},
  author={Ding, Damu and Savi, Marco and Siracusa, Domenico},
  journal={IEEE Transactions on Dependable and Secure Computing},
  volume={19},
  number={6},
  pages={4019--4031},
  year={2021},
  publisher={IEEE}
}
@article{cirillo2021botnet,
  title={Botnet identification in DDoS attacks with multiple emulation dictionaries},
  author={Cirillo, Michele and Di Mauro, Mario and Matta, Vincenzo and Tambasco, Marco},
  journal={IEEE Transactions on Information Forensics and Security},
  volume={16},
  pages={3554--3569},
  year={2021},
  publisher={IEEE}
}

@article{praseed2020modelling,
  title={Modelling behavioural dynamics for asymmetric application layer DDoS detection},
  author={Praseed, Amit and Thilagam, P Santhi},
  journal={IEEE Transactions on Information Forensics and Security},
  volume={16},
  pages={617--626},
  year={2020},
  publisher={IEEE}
}

@article{doshi2021timely,
  title={Timely detection and mitigation of stealthy DDoS attacks via IoT networks},
  author={Doshi, Keval and Yilmaz, Yasin and Uludag, Suleyman},
  journal={IEEE Transactions on Dependable and Secure Computing},
  volume={18},
  number={5},
  pages={2164--2176},
  year={2021},
  publisher={IEEE}
}

@article{khan2019idea,
  title={IDEA: Intrusion detection through electromagnetic-signal analysis for critical embedded and cyber-physical systems},
  author={Khan, Haider Adnan and Sehatbakhsh, Nader and Nguyen, Luong N and Callan, Robert L and Yeredor, Arie and Prvulovic, Milos and Zaji{\'c}, Alenka},
  journal={IEEE Transactions on Dependable and Secure Computing},
  volume={18},
  number={3},
  pages={1150--1163},
  year={2019},
  publisher={IEEE}
}
@inproceedings{feng2022pmtud,
  title={PMTUD is not Panacea: Revisiting IP Fragmentation Attacks against TCP.},
  author={Feng, Xuewei and Li, Qi and Sun, Kun and Xu, Ke and Liu, Baojun and Zheng, Xiaofeng and Yang, Qiushi and Duan, Haixin and Qian, Zhiyun},
  booktitle={NDSS},
  year={2022}
}

@article{tang2021performance,
  title={Performance and features: Mitigating the low-rate TCP-targeted DoS attack via SDN},
  author={Tang, Dan and Yan, Yudong and Zhang, Siqi and Chen, Jingwen and Qin, Zheng},
  journal={IEEE Journal on Selected Areas in Communications},
  volume={40},
  number={1},
  pages={428--444},
  year={2021},
  publisher={IEEE}
}

@inproceedings{NDSS23-HyperVision,
  author    = {Chuanpu Fu and
               others},
  title     = {Detecting Unknown Encrypted Malicious Traffic in Real Time via Flow 
               Interaction Graph Analysis},
  booktitle = {NDSS},
  publisher = {ISOC},
  year      = {2023}
}

@article{hajimaghsoodi2022rad,
  title={Rad: A statistical mechanism based on behavioral analysis for ddos attack countermeasure},
  author={Hajimaghsoodi, Mosayeb and Jalili, Rasool},
  journal={IEEE Transactions on Information Forensics and Security},
  volume={17},
  pages={2732--2745},
  year={2022},
  publisher={IEEE}
}

@article{rezapour2021rl,
  title={Rl-shield: mitigating target link-flooding attacks using sdn and deep reinforcement learning routing algorithm},
  author={Rezapour, Amir and Tzeng, Wen-Guey},
  journal={IEEE Transactions on Dependable and Secure Computing},
  volume={19},
  number={6},
  pages={4052--4067},
  year={2021},
  publisher={IEEE}
}

@article{cao2021detecting,
  title={Detecting and mitigating DDoS attacks in SDN using spatial-temporal graph convolutional network},
  author={Cao, Yongyi and Jiang, Hao and Deng, Yuchuan and Wu, Jing and Zhou, Pan and Luo, Wei},
  journal={IEEE Transactions on Dependable and Secure Computing},
  volume={19},
  number={6},
  pages={3855--3872},
  year={2021},
  publisher={IEEE}
}

@article{chen2021sdnshield,
  title={Sdnshield: nfv-based defense framework against ddos attacks on sdn control plane},
  author={Chen, Kuan-Yin and Liu, Sen and Xu, Yang and Siddhrau, Ishant Kumar and Zhou, Siyu and Guo, Zehua and Chao, H Jonathan},
  journal={IEEE/ACM Transactions on Networking},
  volume={30},
  number={1},
  pages={1--17},
  year={2021},
  publisher={IEEE}
}

@inproceedings{scherrer2023albus,
  title={ALBUS: a Probabilistic Monitoring Algorithm to Counter Burst-Flood Attacks},
  author={Scherrer, Simon and Vliegen, Jo and Sateesan, Arish and Hsiao, Hsu-Chun and Mentens, Nele and Perrig, Adrian},
  booktitle={2023 42nd International Symposium on Reliable Distributed Systems (SRDS)},
  pages={162--172},
  year={2023},
  organization={IEEE}
}
@article{pourahmadi2022spotting,
  title={Spotting anomalies at the edge: Outlier exposure-based cross-silo federated learning for ddos detection},
  author={Pourahmadi, Vahid and Alameddine, Hyame Assem and Salahuddin, Mohammad A and Boutaba, Raouf},
  journal={IEEE Transactions on Dependable and Secure Computing},
  year={2022},
  publisher={IEEE}
}

@inproceedings{nawrocki2023sok,
  title={SoK: A Data-driven View on Methods to Detect Reflective Amplification DDoS Attacks Using Honeypots},
  author={Nawrocki, Marcin and Kristoff, John and Hiesgen, Raphael and Kanich, Chris and Schmidt, Thomas C and W{\"a}hlisch, Matthias},
  booktitle={2023 IEEE 8th European Symposium on Security and Privacy (EuroS\&P)},
  pages={576--591},
  year={2023},
  organization={IEEE}
}

@inproceedings{agiollo2023gnn4ifa,
  title={GNN4IFA: Interest flooding attack detection with graph neural networks},
  author={Agiollo, Andrea and Bardhi, Enkeleda and Conti, Mauro and Lazzeretti, Riccardo and Losiouk, Eleonora and Omicini, Andrea},
  booktitle={2023 IEEE 8th European Symposium on Security and Privacy (EuroS\&P)},
  pages={615--630},
  year={2023},
  organization={IEEE}
}

@article{borges2022iot,
  title={Iot botnet detection based on anomalies of multiscale time series dynamics},
  author={Borges, Joao Batista and Medeiros, Joao PS and Barbosa, Luiz PA and Ramos, Heitor S and Loureiro, Antonio A},
  journal={IEEE Transactions on Knowledge and Data Engineering},
  year={2022},
  publisher={IEEE}
}

@article{tang2022high,
  title={A high-performance invertible sketch for network-wide superspreader detection},
  author={Tang, Lu and Xiao, Yao and Huang, Qun and Lee, Patrick PC},
  journal={IEEE/ACM Transactions on Networking},
  year={2022},
  publisher={IEEE}
}
@inproceedings{kamiyama2007simple,
  title={Simple and adaptive identification of superspreaders by flow sampling},
  author={Kamiyama, Noriaki and Mori, Tatsuya and Kawahara, Ryoichi},
  booktitle={IEEE INFOCOM 2007-26th IEEE International Conference on Computer Communications},
  pages={2481--2485},
  year={2007},
  organization={IEEE}
}
@inproceedings{qin2015ddos,
  title={DDoS attack detection using flow entropy and clustering technique},
  author={Qin, Xi and Xu, Tongge and Wang, Chao},
  booktitle={2015 11th International Conference on Computational Intelligence and Security (CIS)},
  pages={412--415},
  year={2015},
  organization={IEEE}
}

@article{wang2018delving,
  title={Delving into internet DDoS attacks by botnets: characterization and analysis},
  author={Wang, An and Chang, Wentao and Chen, Songqing and Mohaisen, Aziz},
  journal={IEEE/ACM Transactions on Networking},
  volume={26},
  number={6},
  pages={2843--2855},
  year={2018},
  publisher={IEEE}
}
@article{duan2022application,
  title={Application of a dynamic line graph neural network for intrusion detection with semisupervised learning},
  author={Duan, Guanghan and Lv, Hongwu and Wang, Huiqiang and Feng, Guangsheng},
  journal={IEEE Transactions on Information Forensics and Security},
  volume={18},
  pages={699--714},
  year={2022},
  publisher={IEEE}
}

@inproceedings{liu2016one,
  title={One sketch to rule them all: Rethinking network flow monitoring with univmon},
  author={Liu, Zaoxing and Manousis, Antonis and Vorsanger, Gregory and Sekar, Vyas and Braverman, Vladimir},
  booktitle={Proceedings of the 2016 ACM SIGCOMM Conference},
  pages={101--114},
  year={2016}
}
@inproceedings{nawrocki2021quicsand,
  title={Quicsand: quantifying quic reconnaissance scans and dos flooding events},
  author={Nawrocki, Marcin and Hiesgen, Raphael and Schmidt, Thomas C and W{\"a}hlisch, Matthias},
  booktitle={Proceedings of the 21st ACM internet measurement conference},
  pages={283--291},
  year={2021}
}
@inproceedings{beverly2009understanding,
  title={Understanding the efficacy of deployed internet source address validation filtering},
  author={Beverly, Robert and Berger, Arthur and Hyun, Young and Claffy, K},
  booktitle={Proceedings of the 9th ACM SIGCOMM conference on Internet measurement},
  pages={356--369},
  year={2009}
}
@inproceedings{liu2011deployable,
  title={A deployable approach for inter-AS anti-spoofing},
  author={Liu, Bingyang and Bi, Jun and Zhu, Yu},
  booktitle={2011 19th IEEE International Conference on Network Protocols},
  pages={19--24},
  year={2011},
  organization={IEEE}
}

@inproceedings{lichtblau2017detection,
  title={Detection, classification, and analysis of inter-domain traffic with spoofed source IP addresses},
  author={Lichtblau, Franziska and Streibelt, Florian and Kr{\"u}ger, Thorben and Richter, Philipp and Feldmann, Anja},
  booktitle={Proceedings of the 2017 Internet Measurement Conference},
  pages={86--99},
  year={2017}
}

@inproceedings{bhatia2021mstream,
  title={Mstream: Fast anomaly detection in multi-aspect streams},
  author={Bhatia, Siddharth and Jain, Arjit and Li, Pan and Kumar, Ritesh and Hooi, Bryan},
  booktitle={Proceedings of the Web Conference 2021},
  pages={3371--3382},
  year={2021}
}
@inproceedings{wang2002detecting,
  title={Detecting SYN flooding attacks},
  author={Wang, Haining and Zhang, Danlu and Shin, Kang G},
  booktitle={Proceedings. Twenty-first annual joint conference of the IEEE computer and communications societies},
  volume={3},
  pages={1530--1539},
  year={2002},
  organization={IEEE}
}

@inproceedings{wagner2021united,
  title={United we stand: Collaborative detection and mitigation of amplification ddos attacks at scale},
  author={Wagner, Daniel and Kopp, Daniel and Wichtlhuber, Matthias and Dietzel, Christoph and Hohlfeld, Oliver and Smaragdakis, Georgios and Feldmann, Anja},
  booktitle={Proceedings of the 2021 ACM SIGSAC conference on computer and communications security},
  pages={970--987},
  year={2021}
}

@inproceedings{khan2021detection,
  title={Detection of evil flies: Securing air-ground aviation communication},
  author={Khan, Suleman and Kumar, Pardeep and Braeken, An and Gurtov, Andrei},
  booktitle={Proceedings of the 27th Annual International Conference on Mobile Computing and Networking},
  pages={852--854},
  year={2021}
}

@inproceedings{xu2022xatu,
  title={Xatu: Boosting existing DDoS detection systems using auxiliary signals},
  author={Xu, Zhiying and Ramanathan, Sivaramakrishnan and Rush, Alexander and Mirkovic, Jelena and Yu, Minlan},
  booktitle={Proceedings of the 18th International Conference on emerging Networking EXperiments and Technologies},
  pages={1--17},
  year={2022}
}

@inproceedings{alcoz2022aggregate,
  title={Aggregate-based congestion control for pulse-wave DDoS defense},
  author={Alcoz, Albert Gran and Strohmeier, Martin and Lenders, Vincent and Vanbever, Laurent},
  booktitle={Proceedings of the ACM SIGCOMM 2022 Conference},
  pages={693--706},
  year={2022}
}

@inproceedings{wichtlhuber2022ixp,
  title={IXP scrubber: learning from blackholing traffic for ML-driven DDoS detection at scale},
  author={Wichtlhuber, Matthias and Strehle, Eric and Kopp, Daniel and Prepens, Lars and Stegmueller, Stefan and Rubina, Alina and Dietzel, Christoph and Hohlfeld, Oliver},
  booktitle={Proceedings of the ACM SIGCOMM 2022 Conference},
  pages={707--722},
  year={2022}
}
@inproceedings{tandon2023leader,
  title={Leader: Defense Against Exploit-Based Denial-of-Service Attacks on Web Applications},
  author={Tandon, Rajat and Wang, Haoda and Weideman, Nicolaas and Arakelyan, Shushan and Bartlett, Genevieve and Hauser, Christophe and Mirkovic, Jelena},
  booktitle={Proceedings of the 26th International Symposium on Research in Attacks, Intrusions and Defenses},
  pages={744--758},
  year={2023}
}
@article{choi2022understanding,
  title={Understanding Internet of Things malware by analyzing endpoints in their static artifacts},
  author={Choi, Jinchun and Anwar, Afsah and Alabduljabbar, Abdulrahman and Alasmary, Hisham and Spaulding, Jeffrey and Wang, An and Chen, Songqing and Nyang, DaeHun and Awad, Amro and Mohaisen, David},
  journal={Computer Networks},
  volume={206},
  pages={108768},
  year={2022},
  publisher={Elsevier}
}
@article{pa2016iotpot,
  title={IoTPOT: A novel honeypot for revealing current IoT threats},
  author={Pa, Yin Minn Pa and Suzuki, Shogo and Yoshioka, Katsunari and Matsumoto, Tsutomu and Kasama, Takahiro and Rossow, Christian},
  journal={Journal of Information Processing},
  volume={24},
  number={3},
  pages={522--533},
  year={2016},
  publisher={Information Processing Society of Japan}
}
@inproceedings{kopp2019ddos,
  title={DDoS hide \& seek: on the effectiveness of a booter services takedown},
  author={Kopp, Daniel and Wichtlhuber, Matthias and Poese, Ingmar and Santanna, Jair and Hohlfeld, Oliver and Dietzel, Christoph},
  booktitle={Proceedings of the Internet Measurement Conference},
  pages={65--72},
  year={2019}
}
@inproceedings{bozorgi2010beyond,
  title={Beyond heuristics: learning to classify vulnerabilities and predict exploits},
  author={Bozorgi, Mehran and Saul, Lawrence K and Savage, Stefan and Voelker, Geoffrey M},
  booktitle={Proceedings of the 16th ACM SIGKDD international conference on Knowledge discovery and data mining},
  pages={105--114},
  year={2010}
}
@article{chew2021preserving,
  title={Preserving indomitable ddos vitality through resurrection social hybrid botnet},
  author={Chew, Chit-Jie and Chen, Ying-Chin and Lee, Jung-San and Chen, Chih-Lung and Tsai, Kuo-Yu},
  journal={Computers \& Security},
  volume={106},
  pages={102284},
  year={2021},
  publisher={Elsevier}
}
@inproceedings{al2023bin,
  title={Bin there, target that: Analyzing the target selection of IoT vulnerabilities in malware binaries},
  author={Al Alsadi, Arwa Abdulkarim and Sameshima, Kaichi and Yoshioka, Katsunari and Van Eeten, Michel and Ga{\~n}{\'a}n, Carlos Hernandez},
  booktitle={Proceedings of the 26th International Symposium on Research in Attacks, Intrusions and Defenses},
  pages={513--526},
  year={2023}
}
@inproceedings{sommese2022investigating,
  title={Investigating the impact of DDoS attacks on DNS infrastructure},
  author={Sommese, Raffaele and Claffy, KC and van Rijswijk-Deij, Roland and Chattopadhyay, Arnab and Dainotti, Alberto and Sperotto, Anna and Jonker, Mattijs},
  booktitle={proceedings of the 22nd ACM Internet Measurement Conference},
  pages={51--64},
  year={2022}
}
@article{de2018ddos,
  title={DDoS-capable IoT malwares: comparative analysis and Mirai investigation},
  author={De Donno, Michele and Dragoni, Nicola and Giaretta, Alberto and Spognardi, Angelo},
  journal={Security and Communication Networks},
  volume={2018},
  number={1},
  pages={7178164},
  year={2018},
  publisher={Wiley Online Library}
}
@article{rodriguez2013survey,
  title={Survey and taxonomy of botnet research through life-cycle},
  author={Rodr{\'\i}guez-G{\'o}mez, Rafael A and Maci{\'a}-Fern{\'a}ndez, Gabriel and Garc{\'\i}a-Teodoro, Pedro},
  journal={ACM Computing Surveys (CSUR)},
  volume={45},
  number={4},
  pages={1--33},
  year={2013},
  publisher={ACM New York, NY, USA}
}
@article{abhishta2019measuring,
  title={Measuring the impact of a successful DDoS attack on the customer behaviour of managed DNS service providers},
  author={Abhishta, Abhishta and van Rijswijk-Deij, Roland and Nieuwenhuis, Lambert JM},
  journal={ACM SIGCOMM Computer Communication Review},
  volume={48},
  number={5},
  pages={70--76},
  year={2019},
  publisher={ACM New York, NY, USA}
}
@article{chen2024frequency,
  title={Frequency selective surface towards 6G communication systems: A contemporary survey},
  author={Chen, Xuehan and Tan, Jingjing and Kang, Litian and Tang, Fengxiao and Zhao, Ming and Kato, Nei},
  journal={IEEE Communications Surveys \& Tutorials},
  year={2024},
  publisher={IEEE}
}
@article{li2024survey,
  title={A Survey of Quantum Internet Protocols From a Layered Perspective},
  author={Li, Yuan and Zhang, Hao and Zhang, Chen and Huang, Tao and Yu, F Richard},
  journal={IEEE Communications Surveys \& Tutorials},
  year={2024},
  publisher={IEEE}
}
@article{sachdeva2010ddos,
  title={DDoS Incidents and their Impact: A Review.},
  author={Sachdeva, Monika and Singh, Gurvinder and Kumar, Krishan and Singh, Kuldip},
  journal={Int. Arab J. Inf. Technol.},
  volume={7},
  number={1},
  pages={14--20},
  year={2010}
}
@inproceedings{wang2022zigbee,
  title={Zigbee’s network rejoin procedure for IoT systems: vulnerabilities and implications},
  author={Wang, Jincheng and Li, Zhuohua and Sun, Mingshen and Lui, John CS},
  booktitle={Proceedings of the 25th International Symposium on Research in Attacks, Intrusions and Defenses},
  pages={292--307},
  year={2022}
}
@article{mirkovic2004taxonomy,
  title={A taxonomy of DDoS attack and DDoS defense mechanisms},
  author={Mirkovic, Jelena and Reiher, Peter},
  journal={ACM SIGCOMM Computer Communication Review},
  volume={34},
  number={2},
  pages={39--53},
  year={2004},
  publisher={ACM New York, NY, USA}
}
@article{zhang2024revealing,
  title={Revealing Protocol Architecture’s Design Patterns in the Volumetric DDoS Defense Design Space},
  author={Zhang, Zhiyi and Xiao, Guorui and Song, Sichen and Aygun, R Can and Stavrou, Angelos and Zhang, Lixia and Osterweil, Eric},
  journal={IEEE Communications Surveys \& Tutorials},
  year={2024},
  publisher={IEEE}
}
@inproceedings{yazdani2022mirrors,
  title={Mirrors in the sky: on the potential of clouds in dns reflection-based denial-of-service attacks},
  author={Yazdani, Ramin and Hilton, Alden and van der Ham, Jeroen and van Rijswijk-Deij, Roland and Deccio, Casey and Sperotto, Anna and Jonker, Mattijs},
  booktitle={Proceedings of the 25th International Symposium on Research in Attacks, Intrusions and Defenses},
  pages={263--275},
  year={2022}
}
@article{wanglordma,
  title={LoRDMA: A New Low-Rate DoS Attack in RDMA Networks},
  author={Wang, Shicheng and Zhang, Menghao and Du, Yuying and Chen, Ziteng and Wang, Zhiliang and Xu, Mingwei and Xie, Renjie and Yang, Jiahai}
}

@inproceedings{he2009reduction,
  title={Reduction of Quality (RoQ) attacks on structured peer-to-peer networks},
  author={He, Yanxiang and Cao, Qiang and Han, Yi and Wu, Libing and Liu, Tao},
  booktitle={2009 IEEE International Symposium on Parallel \& Distributed Processing},
  pages={1--9},
  year={2009},
  organization={IEEE}
}

@article{yin2023waterpurifier,
  title={WaterPurifier: A scalable system to prevent the DNS water torture attack in 5G-enabled SIoT network    },
  author={Yin, Lihua and Zhu, Muyijie and Liu, Wenxin and Luo, Xi and Wang, Chonghua and Li, Yangyang},
  journal={Computer Communications},
  volume={199},
  pages={186--195},
  year={2023},
  publisher={Elsevier}
}
@inproceedings{chen2008feasibility,
  title={The feasibility of launching reduction of quality (RoQ) attacks in 802.11 wireless networks},
  author={Chen, Wei and Zhang, Yingzhou and Wei, Yuanchun},
  booktitle={2008 14th IEEE International Conference on Parallel and Distributed Systems},
  pages={517--524},
  year={2008},
  organization={IEEE}
}

@inproceedings{schuchard2010losing,
  title={Losing control of the internet: using the data plane to attack the control plane},
  author={Schuchard, Max and Mohaisen, Abedelaziz and Foo Kune, Denis and Hopper, Nicholas and Kim, Yongdae and Vasserman, Eugene Y},
  booktitle={Proceedings of the 17th ACM conference on Computer and communications security},
  pages={726--728},
  year={2010}
}

@article{tang2013modeling,
  title={Modeling the vulnerability of feedback-control based internet services to low-rate DoS attacks},
  author={Tang, Yajuan and Luo, Xiapu and Hui, Qing and Chang, Rocky KC},
  journal={IEEE transactions on information forensics and security},
  volume={9},
  number={3},
  pages={339--353},
  year={2013},
  publisher={IEEE}
}

@article{luo2014mathematical,
  title={On a mathematical model for low-rate shrew DDoS},
  author={Luo, Jingtang and Yang, Xiaolong and Wang, Jin and Xu, Jie and Sun, Jian and Long, Keping},
  journal={IEEE Transactions on Information Forensics and Security},
  volume={9},
  number={7},
  pages={1069--1083},
  year={2014},
  publisher={IEEE}
}

@article{chaudhary2023ddos,
  title={DDoS attacks in Industrial IoT: A survey},
  author={Chaudhary, Shubhankar and Mishra, Pramod Kumar},
  journal={Computer Networks},
  pages={110015},
  year={2023},
  publisher={Elsevier}
}
@inproceedings{beckett2017http,
  title={HTTP/2 Cannon: Experimental analysis on HTTP/1 and HTTP/2 request flood DDoS attacks},
  author={Beckett, David and Sezer, Sakir},
  booktitle={2017 Seventh International Conference on Emerging Security Technologies (EST)},
  pages={108--113},
  year={2017},
  organization={IEEE}
}
@article{praseed2019multiplexed,
  title={Multiplexed asymmetric attacks: Next-generation DDoS on HTTP/2 servers},
  author={Praseed, Amit and Thilagam, P Santhi},
  journal={IEEE Transactions on Information Forensics and Security},
  volume={15},
  pages={1790--1800},
  year={2019},
  publisher={IEEE}
}
@inproceedings{kim2017preventing,
  title={Preventing DNS amplification attacks using the history of DNS queries with SDN},
  author={Kim, Soyoung and Lee, Sora and Cho, Geumhwan and Ahmed, Muhammad Ejaz and Jeong, Jaehoon and Kim, Hyoungshick},
  booktitle={Computer Security--ESORICS 2017: 22nd European Symposium on Research in Computer Security, Oslo, Norway, September 11-15, 2017, Proceedings, Part II 22},
  pages={135--152},
  year={2017},
  organization={Springer}
}
@inproceedings{obaidat2023creating,
  title={Creating a Large-scale Memory Error IoT Botnet Using NS3DockerEmulator},
  author={Obaidat, Islam and Kahn, Bennett and Tavakoli, Fatemeh and Sridhar, Meera},
  booktitle={2023 53rd Annual IEEE/IFIP International Conference on Dependable Systems and Networks (DSN)},
  pages={470--479},
  year={2023},
  organization={IEEE}
}
@inproceedings{jin2018your,
  title={Your remnant tells secret: Residual resolution in ddos protection services},
  author={Jin, Lin and Hao, Shuai and Wang, Haining and Cotton, Chase},
  booktitle={2018 48th Annual IEEE/IFIP International Conference on Dependable Systems and Networks (DSN)},
  pages={362--373},
  year={2018},
  organization={IEEE}
}
@inproceedings{noroozian2021can,
  title={Can isps help mitigate iot malware? a longitudinal study of broadband isp security efforts},
  author={Noroozian, Arman and Rodriguez, Elsa Turcios and Lastdrager, Elmer and Kasama, Takahiro and Van Eeten, Michel and Ga{\~n}{\'a}n, Carlos H},
  booktitle={2021 IEEE European Symposium on Security and Privacy (EuroS\&P)},
  pages={337--352},
  year={2021},
  organization={IEEE}
}
@inproceedings{srinivasa2022bad,
  title={A Bad IDEa: Weaponizing uncontrolled online-IDEs in availability attacks},
  author={Srinivasa, Shreyas and Georgoulias, Dimitrios and Pedersen, Jens Myrup and Vasilomanolakis, Emmanouil},
  booktitle={2022 IEEE European Symposium on Security and Privacy Workshops (EuroS\&PW)},
  pages={82--92},
  year={2022},
  organization={IEEE}
}
@inproceedings{durumeric2015search,
  title={A search engine backed by Internet-wide scanning},
  author={Durumeric, Zakir and Adrian, David and Mirian, Ariana and Bailey, Michael and Halderman, J Alex},
  booktitle={Proceedings of the 22nd ACM SIGSAC conference on computer and communications security},
  pages={542--553},
  year={2015}
}
@inproceedings{mirian2016internet,
  title={An internet-wide view of ics devices},
  author={Mirian, Ariana and Ma, Zane and Adrian, David and Tischer, Matthew and Chuenchujit, Thasphon and Yardley, Tim and Berthier, Robin and Mason, Joshua and Durumeric, Zakir and Halderman, J Alex and others},
  booktitle={2016 14th Annual Conference on Privacy, Security and Trust (PST)},
  pages={96--103},
  year={2016},
  organization={IEEE}
}

@inproceedings{torabi2018inferring,
  title={Inferring, characterizing, and investigating internet-scale malicious iot device activities: A network telescope perspective},
  author={Torabi, Sadegh and Bou-Harb, Elias and Assi, Chadi and Galluscio, Mario and Boukhtouta, Amine and Debbabi, Mourad},
  booktitle={2018 48th Annual IEEE/IFIP International Conference on Dependable Systems and Networks (DSN)},
  pages={562--573},
  year={2018},
  organization={IEEE}
}

@article{nosyk2023closed,
  title={The Closed Resolver Project: Measuring the Deployment of Inbound Source Address Validation},
  author={Nosyk, Yevheniya and Korczy{\'n}ski, Maciej and Lone, Qasim and Skwarek, Marcin and Jonglez, Baptiste and Duda, Andrzej},
  journal={IEEE/ACM Transactions on Networking},
  year={2023},
  publisher={IEEE}
}
@article{dainotti2013estimating,
  title={Estimating internet address space usage through passive measurements},
  author={Dainotti, Alberto and Benson, Karyn and King, Alistair and Claffy, KC and Kallitsis, Michael and Glatz, Eduard and Dimitropoulos, Xenofontas},
  journal={ACM SIGCOMM Computer Communication Review},
  volume={44},
  number={1},
  pages={42--49},
  year={2013},
  publisher={ACM New York, NY, USA}
}

@inproceedings{lone2017using,
  title={Using loops observed in traceroute to infer the ability to spoof},
  author={Lone, Qasim and Luckie, Matthew and Korczy{\'n}ski, Maciej and Van Eeten, Michel},
  booktitle={Passive and Active Measurement: 18th International Conference, PAM 2017, Sydney, NSW, Australia, March 30-31, 2017, Proceedings 18},
  pages={229--241},
  year={2017},
  organization={Springer}
}

@misc{fbi-amplification-attack,
title = {FBI warns of new DDoS attack vectors: CoAP, WS-DD, ARMS, and Jenkins},
howpublished = {\url{https://www.zdnet.com}},
year = {2020}
}
@inproceedings{kuhrer2014exit,
  title={Exit from Hell? Reducing the Impact of $\{$Amplification$\}$$\{$DDoS$\}$ Attacks},
  author={K{\"u}hrer, Marc and Hupperich, Thomas and Rossow, Christian and Holz, Thorsten},
  booktitle={23rd USENIX security symposium (USENIX security 14)},
  pages={111--125},
  year={2014}
}
@inproceedings{pan2024loopy,
  title={Loopy Hell(ow): Infinite Traffic Loops at the Application Layer},
  author={Pan, Yepeng and Ascheman, Anna and Rossow, Christian },
  booktitle={33rd USENIX security symposium (USENIX security 24)},
  pages={111--125},
  year={2024}
}

@misc{securelist-amplification-attack,
title = {DDoS attacks in Q1 2021},
howpublished = {\url{https://securelist.com/ddos-attacks-in-q1-2021/102166/}},
year = {2020}
}
@misc{spoofer,
title = {Spoofer Project},
author={CAIDA},
howpublished = {\url{https://www.caida.org/projects/spoofer/}},
year = {2014}
}
@misc{shodan,
title = {Shodan},
howpublished = {\url{https://www.shodan.io/}},
year = {2020}
}
@misc{slowloris,
title = {Slowloris},
howpublished = {\url{https://en.wikipedia.org/wiki/Slowloris_(computer_security)}},
year = {2020}
}
@misc{cloudflare-ddos-report,
title = {DDoS threat report for 2023 Q4},
howpublished = {\url{https://blog.cloudflare.com/ddos-threat-report-2023-q4}},
year = {2020}
}