@article{Albrecht15,
  author    = {Martin R. Albrecht and Rachel Player and Sam Scott},
  title     = {On the Concrete Hardness of Learning with Errors},
  journal   = {Journal of Mathematical Cryptology},
  volume    = {9},
  number    = {3},
  pages     = {169--203},
  year      = {2015},
  publisher = {De Gruyter}
}

@inproceedings{Albrecht2023,
  author    = {Martin R. Albrecht and Benjamin Curtis and Eamonn W. Postlethwaite},
  title     = {On the Concrete Security of LWE with Small Secrets},
  booktitle = {Advances in Cryptology – ASIACRYPT 2023},
  series    = {Lecture Notes in Computer Science},
  volume    = {14441},
  pages     = {138--168},
  year      = {2023},
  publisher = {Springer}
}

@inproceedings{Bai2023,
  author    = {Shi Bai and Pierre-Alain Fouque and Adeline Roux-Langlois},
  title     = {Improved Polynomial-Time Algorithms for Module-LWE},
  booktitle = {Advances in Cryptology – ASIACRYPT 2023},
  series    = {Lecture Notes in Computer Science},
  volume    = {14441},
  pages     = {169--199},
  year      = {2023},
  publisher = {Springer}
}

@article{Bos2018kyber,
  author    = {Joppe W. Bos and Craig Costello and Michael Naehrig and Douglas Stebila},
  title     = {Post-Quantum Key Exchange – A New Hope for Kyber},
  journal   = {Journal of Cryptographic Engineering},
  volume    = {8},
  number    = {3},
  pages     = {213--225},
  year      = {2018},
  publisher = {Springer}
}

@article{Brakerski2014,
  author    = {Zvika Brakerski},
  title     = {Fully Homomorphic Encryption without Modulus Switching from Classical GapSVP},
  journal   = {SIAM Journal on Computing},
  volume    = {43},
  number    = {6},
  pages     = {150--179},
  year      = {2014},
  publisher = {SIAM}
}

@inproceedings{Chen2023,
  author    = {Yuanmi Chen and Phong Q. Nguyen and Damien Stehlé},
  title     = {The BKW Algorithm and Its Application to LWE},
  booktitle = {Advances in Cryptology – ASIACRYPT 2023},
  series    = {Lecture Notes in Computer Science},
  volume    = {14441},
  pages     = {200--219},
  year      = {2023},
  publisher = {Springer}
}

@article{Chillotti2020tfhe,
author = {Chillotti, Ilaria and Gama, Nicolas and Georgieva, Mariya and Izabach\`{e}ne, Malika},
title = {TFHE: Fast Fully Homomorphic Encryption Over the Torus},
year = {2020},
issue_date = {Jan 2020},
publisher = {Springer-Verlag},
address = {Berlin, Heidelberg},
volume = {33},
number = {1},
issn = {0933-2790},
url = {https://doi.org/10.1007/s00145-019-09319-x},
doi = {10.1007/s00145-019-09319-x},
journal = {J. Cryptol.},
month = jan,
pages = {34–91},
numpages = {58},
}

@inproceedings{Dottling2023,
  author    = {Nico Döttling and Dimitris Kolonelos and Russell W. F. Lai and Chuanwei Lin and Giulio Malavolta and Ahmadreza Rahimi},
  title     = {Efficient Laconic Cryptography from Learning with Errors},
  booktitle = {Advances in Cryptology – EUROCRYPT 2023},
  series    = {Lecture Notes in Computer Science},
  volume    = {14006},
  pages     = {417--446},
  year      = {2023},
  publisher = {Springer}
}

@article{Dowlin2017cryptonets,
  title = 	 {CryptoNets: Applying Neural Networks to Encrypted Data with High Throughput and Accuracy},
  author = 	 {Gilad-Bachrach, Ran and Dowlin, Nathan and Laine, Kim and Lauter, Kristin and Naehrig, Michael and Wernsing, John},
  booktitle = 	 {Proceedings of The 33rd International Conference on Machine Learning},
  pages = 	 {201--210},
  year = 	 {2016},
  editor = 	 {Balcan, Maria Florina and Weinberger, Kilian Q.},
  volume = 	 {48},
  series = 	 {Proceedings of Machine Learning Research},
  address = 	 {New York, New York, USA},
  month = 	 {20--22 Jun},
  publisher =    {PMLR},
  pdf = 	 {http://proceedings.mlr.press/v48/gilad-bachrach16.pdf},
  url = 	 {https://proceedings.mlr.press/v48/gilad-bachrach16.html},
}

@inproceedings{Ducas2018dilithium,
  author    = {Léo Ducas and Vadim Lyubashevsky},
  title     = {DILITHIUM: A Lattice-Based Digital Signature Scheme},
  booktitle = {Post-Quantum Cryptography - PQCrypto 2018},
  series    = {Lecture Notes in Computer Science},
  volume    = {10786},
  pages     = {347--368},
  year      = {2018},
  publisher = {Springer}
}

@inproceedings{Ducas2023,
  author    = {Léo Ducas and Thomas Prest},
  title     = {Fast Fourier Orthogonalization},
  booktitle = {Advances in Cryptology – ASIACRYPT 2023},
  series    = {Lecture Notes in Computer Science},
  volume    = {14441},
  pages     = {220--249},
  year      = {2023},
  publisher = {Springer}
}

@inproceedings{Eldar2023,
  author    = {Lior Eldar and Oded Regev},
  title     = {A Quantum Algorithm for Solving the Hidden Subgroup Problem in Semi-Abelian Groups},
  booktitle = {Advances in Cryptology – ASIACRYPT 2023},
  series    = {Lecture Notes in Computer Science},
  volume    = {14441},
  pages     = {250--267},
  year      = {2023},
  publisher = {Springer}
}

@inproceedings{Faugere2002,
author = {Faug\`{e}re, Jean Charles},
title = {A new efficient algorithm for computing Gr\"{o}bner bases without reduction to zero (F5)},
year = {2002},
isbn = {1581134843},
publisher = {Association for Computing Machinery},
address = {New York, NY, USA},
url = {https://doi.org/10.1145/780506.780516},
doi = {10.1145/780506.780516},
booktitle = {Proceedings of the 2002 International Symposium on Symbolic and Algebraic Computation},
pages = {75–83},
numpages = {9},
location = {Lille, France},
series = {ISSAC '02}
}

@inproceedings{GentryHaleviSmart2012,
  author    = {Craig Gentry and Shai Halevi and Nigel P. Smart},
  title     = {Fully Homomorphic Encryption with Polylog Overhead},
  booktitle = {Advances in Cryptology - EUROCRYPT 2012},
  series    = {Lecture Notes in Computer Science},
  volume    = {7237},
  pages     = {465--482},
  year      = {2012},
  publisher = {Springer}
}

@article{Hoffstein1998,
  author    = {Jeffrey Hoffstein and Jill Pipher and Joseph H. Silverman},
  title     = {NTRU: A Ring-Based Public Key Cryptosystem},
  journal   = {Algorithmic Number Theory},
  volume    = {1423},
  pages     = {267--288},
  year      = {1998},
  publisher = {Springer}
}

@inproceedings{Jain2024,
  author    = {Aayush Jain and Huijia Lin and Sagnik Saha},
  title     = {A Systematic Study of Sparse LWE},
  booktitle = {Advances in Cryptology – CRYPTO 2024},
  series    = {Lecture Notes in Computer Science},
  volume    = {14922},
  pages     = {210--245},
  year      = {2024},
  publisher = {Springer}
}

@article{LyubashevskyPR13,
  author    = {Vadim Lyubashevsky and Chris Peikert and Oded Regev},
  title     = {On Ideal Lattices and Learning with Errors over Rings},
year = {2013},
issue_date = {November 2013},
publisher = {Association for Computing Machinery},
address = {New York, NY, USA},
issn = {0004-5411},
url = {https://doi.org/10.1145/2535925},
doi = {10.1145/2535925},
journal = {J. ACM},
month = nov,
articleno = {43},
numpages = {35},
}

@inproceedings{May2023,
  author    = {Alexander May and Julian Nowakowski},
  title     = {Too Many Hints – When LLL Breaks LWE},
  booktitle = {Advances in Cryptology – ASIACRYPT 2023},
  series    = {Lecture Notes in Computer Science},
  volume    = {14441},
  pages     = {106--137},
  year      = {2023},
  publisher = {Springer}
}

@article{Patarin1996,
  author    = {Jacques Patarin},
  title     = {Hidden Fields Equations (HFE) and Isomorphisms of Polynomials (IP): Two New Families of Asymmetric Algorithms},
  journal   = {Advances in Cryptology - EUROCRYPT 1996},
  volume    = {1070},
  pages     = {33--48},
  year      = {1996},
  publisher = {Springer}
}

@article{Peikert16,
  author    = {Chris Peikert},
  title     = {A Decade of Lattice Cryptography},
  journal   = {Foundations and Trends in Theoretical Computer Science},
  volume    = {10},
  number    = {4},
  pages     = {307--424},
  year      = {2016},
  publisher = {Now Publishers}
}

@article{Phong2017,
author="Phong, Le Trieu
and Aono, Yoshinori
and Hayashi, Takuya
and Wang, Lihua
and Moriai, Shiho",
editor="Batten, Lynn
and Kim, Dong Seong
and Zhang, Xuyun
and Li, Gang",
title="Privacy-Preserving Deep Learning: Revisited and Enhanced",
booktitle="Applications and Techniques in Information Security",
year="2017",
publisher="Springer Singapore",
address="Singapore",
pages="100--110",
isbn="978-981-10-5421-1"
}

@inproceedings{Pouly2024,
  author    = {Amaury Pouly and Yixin Shen},
  title     = {Provable Dual Attacks on Learning with Errors},
  booktitle = {Advances in Cryptology – EUROCRYPT 2024},
  series    = {Lecture Notes in Computer Science},
  volume    = {14657},
  pages     = {256--285},
  year      = {2024},
  publisher = {Springer}
}

@misc{bfv,
      author = {Junfeng Fan and Frederik Vercauteren},
      title = {Somewhat Practical Fully Homomorphic Encryption},
      howpublished = {Cryptology ePrint Archive, Paper 2012/144},
      year = {2012},
      note = {\url{https://eprint.iacr.org/2012/144}},
      url = {https://eprint.iacr.org/2012/144}
}

@inproceedings{cbootland_ants20,
      author = {Carl Bootland and Wouter Castryck and Frederik Vercauteren},
      title = {On the Security of the Multivariate Ring Learning with Errors Problem},
  booktitle = {Proceedings of the Fourteenth Algorithmic Number Theory Symposium, ANTS-XIV},
  pages     = {57-71},
  year      = {2020},
  doi       = {doi.org/10.2140/obs.2020.4.57}
}

@inproceedings{ckks,
  author    = {Jung Hee Cheon and
               Andrey Kim and
               Miran Kim and
               Yong Soo Song},
  editor    = {Tsuyoshi Takagi and
               Thomas Peyrin},
  title     = {Homomorphic Encryption for Arithmetic of Approximate Numbers},
  booktitle = {Advances in Cryptology - {ASIACRYPT} 2017 - 23rd International Conference
               on the Theory and Applications of Cryptology and Information Security,
               Hong Kong, China, December 3-7, 2017, Proceedings, Part {I}},
  series    = {Lecture Notes in Computer Science},
  volume    = {10624},
  pages     = {409--437},
  publisher = {Springer},
  year      = {2017},
  url       = {https://doi.org/10.1007/978-3-319-70694-8\_15},
  doi       = {10.1007/978-3-319-70694-8\_15},
  timestamp = {Sun, 02 Jun 2019 21:16:53 +0200},
  biburl    = {https://dblp.org/rec/conf/asiacrypt/CheonKKS17.bib},
  bibsource = {dblp computer science bibliography, https://dblp.org}
}

@inproceedings{danb_crypto04,
author="Boneh, Dan
and Boyen, Xavier",
editor="Franklin, Matt",
title="Secure Identity Based Encryption Without Random Oracles",
booktitle="Advances in Cryptology -- CRYPTO 2004",
year="2004",
publisher="Springer Berlin Heidelberg",
address="Berlin, Heidelberg",
pages="443--459",
abstract="We present a fully secure Identity Based Encryption scheme whose proof of security does not rely on the random oracle heuristic. Security is based on the Decision Bilinear Diffie-Hellman assumption. This solves an open problem posed by Boneh and Franklin in 2001.",
isbn="978-3-540-28628-8"
}

@inproceedings{hzhu_iwsec23,
author = {Zhu, Haiming and Kamada, Shoichi and Kudo, Momonari and Takagi, Tsuyoshi},
title = {Improved Hybrid Attack via Error-Splitting Method for Finding Quinary Short Lattice Vectors},
year = {2023},
isbn = {978-3-031-41325-4},
publisher = {Springer-Verlag},
address = {Berlin, Heidelberg},
booktitle = {Advances in Information and Computer Security: 18th International Workshop on Security, IWSEC 2023, Yokohama, Japan, August 29–31, 2023, Proceedings},
pages = {117–136},
numpages = {20},
keywords = {Sparse Vector, Meet-in-the-Middle, Hybrid Attack, Shortest Vector Problem},
location = {Yokohama, Japan}
}

@article{jdey_acs23,
author = {Dey, Jayashree and Dutta, Ratna},
title = {Progress in Multivariate Cryptography: Systematic Review, Challenges, and Research Directions},
year = {2023},
issue_date = {December 2023},
publisher = {Association for Computing Machinery},
address = {New York, NY, USA},
volume = {55},
number = {12},
issn = {0360-0300},
url = {https://doi.org/10.1145/3571071},
doi = {10.1145/3571071},
journal = {ACM Comput. Surv.},
month = mar,
articleno = {246},
numpages = {34},
keywords = {Post-quantum cryptography, multivariate polynomials, HFE polynomials, diophantine equations, MQ problem}
}

@article{oregev_jacm09,
author = {Regev, Oded},
title = {On Lattices, Learning with Errors, Random Linear Codes, and Cryptography},
year = {2009},
issue_date = {September 2009},
publisher = {Association for Computing Machinery},
address = {New York, NY, USA},
volume = {56},
number = {6},
issn = {0004-5411},
url = {https://doi.org/10.1145/1568318.1568324},
doi = {10.1145/1568318.1568324},
journal = {J. ACM},
month = {sep},
articleno = {34},
numpages = {40},
keywords = {public key encryption, cryptography, quantum computation, average-case hardness, Lattice}
}

@article{peikert2024,
  author    = {Chris Peikert and Zachary Pepin},
  title     = {Algebraically Structured LWE, Revisited},
  journal   = {Journal of Cryptology},
  volume    = {37},
  pages     = {28},
  year      = {2024},
  doi       = {10.1007/s00145-024-01085-6}
}

@article{pravi_tecs24,
author = {Ravi, Prasanna and Chattopadhyay, Anupam and D’Anvers, Jan Pieter and Baksi, Anubhab},
title = {Side-channel and Fault-injection attacks over Lattice-based Post-quantum Schemes (Kyber, Dilithium): Survey and New Results},
year = {2024},
issue_date = {March 2024},
publisher = {Association for Computing Machinery},
address = {New York, NY, USA},
volume = {23},
number = {2},
issn = {1539-9087},
url = {https://doi.org/10.1145/3603170},
doi = {10.1145/3603170},
journal = {ACM Trans. Embed. Comput. Syst.},
month = mar,
articleno = {35},
numpages = {54},
keywords = {Lattice-based cryptography, side-channel attacks, fault-injection attacks, Kyber, Dilithium}
}

