@book{dillenbourg1999collaborative,
  title={Collaborative learning: Cognitive and computational approaches. advances in learning and instruction series.},
  author={Dillenbourg, Pierre},
  year={1999},
  publisher={ERIC}
}

@inproceedings{ke2020guided,
  title={Guided collaborative training for pixel-wise semi-supervised learning},
  author={Ke, Zhanghan and Qiu, Di and Li, Kaican and Yan, Qiong and Lau, Rynson WH},
  booktitle={Computer Vision--ECCV 2020: 16th European Conference, Glasgow, UK, August 23--28, 2020, Proceedings, Part XIII 16},
  pages={429--445},
  year={2020},
  organization={Springer}
}

@article{somepalli2021saint,
  title={Saint: Improved neural networks for tabular data via row attention and contrastive pre-training},
  author={Somepalli, Gowthami and Goldblum, Micah and Schwarzschild, Avi and Bruss, C Bayan and Goldstein, Tom},
  journal={arXiv preprint arXiv:2106.01342},
  year={2021}
}

@article{vaswani2017attention,
  title={Attention is all you need},
  author={Vaswani, A},
  journal={Advances in Neural Information Processing Systems},
  year={2017}
}

