@article{klambauer2017self,
  title={Self-normalizing neural networks},
  author={Klambauer, G{\"u}nter and Unterthiner, Thomas and Mayr, Andreas and Hochreiter, Sepp},
  journal={Advances in neural information processing systems},
  volume={30},
  year={2017}
}

@inproceedings{song2019autoint,
  title={Autoint: Automatic feature interaction learning via self-attentive neural networks},
  author={Song, Weiping and Shi, Chence and Xiao, Zhiping and Duan, Zhijian and Xu, Yewen and Zhang, Ming and Tang, Jian},
  booktitle={Proceedings of the 28th ACM international conference on information and knowledge management},
  pages={1161--1170},
  year={2019}
}

@inproceedings{Popov2020Neural,
    title={Neural Oblivious Decision Ensembles for Deep Learning on Tabular Data},
    author={Sergei Popov and Stanislav Morozov and Artem Babenko},
    booktitle={International Conference on Learning Representations},
    year={2020},
    url={https://openreview.net/forum?id=r1eiu2VtwH}
}

@inproceedings{wang2021dcn,
  title={Dcn v2: Improved deep \& cross network and practical lessons for web-scale learning to rank systems},
  author={Wang, Ruoxi and Shivanna, Rakesh and Cheng, Derek and Jain, Sagar and Lin, Dong and Hong, Lichan and Chi, Ed},
  booktitle={Proceedings of the web conference 2021},
  pages={1785--1797},
  year={2021}
}

@inproceedings{arik2021tabnet,
  title={Tabnet: Attentive interpretable tabular learning},
  author={Arik, Sercan {\"O} and Pfister, Tomas},
  booktitle={Proceedings of the AAAI conference on artificial intelligence},
  volume={35},
  number={8},
  pages={6679--6687},
  year={2021}
}

@article{ye2023training,
  title={Training-free generalization on heterogeneous tabular data via meta-representation},
  author={Ye, Han-Jia and Zhou, Qi-Le and Zhan, De-Chuan},
  journal={arXiv preprint arXiv:2311.00055},
  year={2023}
}

@inproceedings{bonet2024hyperfast,
  title={HyperFast: Instant Classification for Tabular Data},
  author={Bonet, David and Montserrat, Daniel Mas and Gir{\'o}-i-Nieto, Xavier and Ioannidis, Alexander G},
  booktitle={Proceedings of the AAAI Conference on Artificial Intelligence},
  volume={38},
  number={10},
  pages={11114--11123},
  year={2024}
}

@article{huang2020tabtransformer,
  title={Tabtransformer: Tabular data modeling using contextual embeddings},
  author={Huang, Xin and Khetan, Ashish and Cvitkovic, Milan and Karnin, Zohar},
  journal={arXiv preprint arXiv:2012.06678},
  year={2020}
}

@article{gorishniy2021revisiting,
  title={Revisiting deep learning models for tabular data},
  author={Gorishniy, Yury and Rubachev, Ivan and Khrulkov, Valentin and Babenko, Artem},
  journal={Advances in Neural Information Processing Systems},
  volume={34},
  pages={18932--18943},
  year={2021}
}

@inproceedings{gorishniy2024tabr,
  title={TabR: Tabular Deep Learning Meets Nearest Neighbors},
  author={Gorishniy, Yury and Rubachev, Ivan and Kartashev, Nikolay and Shlenskii, Daniil and Kotelnikov, Akim and Babenko, Artem},
  booktitle={The Twelfth International Conference on Learning Representations},
  year={2024}
}

@inproceedings{nader2022dnnr,
  title={DNNR: Differential nearest neighbors regression},
  author={Nader, Youssef and Sixt, Leon and Landgraf, Tim},
  booktitle={International Conference on Machine Learning},
  pages={16296--16317},
  year={2022},
  organization={PMLR}
}

@article{ye2024modern,
  title={Modern neighborhood components analysis: A deep tabular baseline two decades later},
  author={Ye, Han-Jia and Yin, Huai-Hong and Zhan, De-Chuan},
  journal={arXiv preprint arXiv:2407.03257},
  year={2024}
}

@article{somepalli2021saint,
  title={Saint: Improved neural networks for tabular data via row attention and contrastive pre-training},
  author={Somepalli, Gowthami and Goldblum, Micah and Schwarzschild, Avi and Bruss, C Bayan and Goldstein, Tom},
  journal={arXiv preprint arXiv:2106.01342},
  year={2021}
}

@inproceedings{xu2024bishop,
  title={BiSHop: Bi-Directional Cellular Learning for Tabular Data with Generalized Sparse Modern Hopfield Model},
  author={Xu, Chenwei and Huang, Yu-Chao and Hu, Jerry Yao-Chieh and Li, Weijian and Gilani, Ammar and Goan, Hsi-Sheng and Liu, Han},
  booktitle={Forty-first International Conference on Machine Learning (ICML)},
  year={2024},
  url={https://arxiv.org/abs/2404.03830}
}

@inproceedings{chen2022danets,
  title={Danets: Deep abstract networks for tabular data classification and regression},
  author={Chen, Jintai and Liao, Kuanlun and Wan, Yao and Chen, Danny Z and Wu, Jian},
  booktitle={Proceedings of the AAAI Conference on Artificial Intelligence},
  volume={36},
  number={4},
  pages={3930--3938},
  year={2022}
}

@inproceedings{cheng2024arithmetic,
  title={Arithmetic Feature Interaction Is Necessary for Deep Tabular Learning},
  author={Cheng, Yi and Hu, Renjun and Ying, Haochao and Shi, Xing and Wu, Jian and Lin, Wei},
  booktitle={Proceedings of the AAAI Conference on Artificial Intelligence},
  volume={38},
  number={10},
  pages={11516--11524},
  year={2024}
}

@inproceedings{chen2024can,
  title={Can a Deep Learning Model be a Sure Bet for Tabular Prediction?},
  author={Chen, Jintai and Yan, Jiahuan and Chen, Qiyuan and Chen, Danny Z and Wu, Jian and Sun, Jimeng},
  booktitle={Proceedings of the 30th ACM SIGKDD Conference on Knowledge Discovery and Data Mining},
  pages={288--296},
  year={2024}
}

@inproceedings{chen2023trompt,
    author = {Chen, Kuan-Yu and Chiang, Ping-Han and Chou, Hsin-Rung and Chen, Ting-Wei and Chang, Darby Tien-Hao},
    title = {Trompt: towards a better deep neural network for tabular data},
    year = {2023},
    booktitle = {Proceedings of the 40th International Conference on Machine Learning},
}

@inproceedings{jiang2024protogate,
  title={ProtoGate: Prototype-based Neural Networks with Global-to-local Feature Selection for Tabular Biomedical Data},
  author={Jiang, Xiangjian and Margeloiu, Andrei and Simidjievski, Nikola and Jamnik, Mateja},
  booktitle={Forty-first International Conference on Machine Learning},
  year={2024}
}


@inproceedings{chen2016xgboost,
  title={Xgboost: A scalable tree boosting system},
  author={Chen, Tianqi and Guestrin, Carlos},
  booktitle={Proceedings of the 22nd acm sigkdd international conference on knowledge discovery and data mining},
  pages={785--794},
  year={2016}
}

@article{prokhorenkova2018catboost,
  title={CatBoost: unbiased boosting with categorical features},
  author={Prokhorenkova, Liudmila and Gusev, Gleb and Vorobev, Aleksandr and Dorogush, Anna Veronika and Gulin, Andrey},
  journal={Advances in neural information processing systems},
  volume={31},
  year={2018}
}

@inproceedings{ronneberger2015u,
  title={U-net: Convolutional networks for biomedical image segmentation},
  author={Ronneberger, Olaf and Fischer, Philipp and Brox, Thomas},
  booktitle={Medical image computing and computer-assisted intervention--MICCAI 2015: 18th international conference, Munich, Germany, October 5-9, 2015, proceedings, part III 18},
  pages={234--241},
  year={2015},
  organization={Springer}
}

@inproceedings{lee2015deeply,
  title={Deeply-supervised nets},
  author={Lee, Chen-Yu and Xie, Saining and Gallagher, Patrick and Zhang, Zhengyou and Tu, Zhuowen},
  booktitle={Artificial intelligence and statistics},
  pages={562--570},
  year={2015},
  organization={Pmlr}
}

@article{dou20173d,
  title={3D deeply supervised network for automated segmentation of volumetric medical images},
  author={Dou, Qi and Yu, Lequan and Chen, Hao and Jin, Yueming and Yang, Xin and Qin, Jing and Heng, Pheng-Ann},
  journal={Medical image analysis},
  volume={41},
  pages={40--54},
  year={2017},
  publisher={Elsevier}
}
@inproceedings{zhou2018unet++,
  title={Unet++: A nested u-net architecture for medical image segmentation},
  author={Zhou, Zongwei and Rahman Siddiquee, Md Mahfuzur and Tajbakhsh, Nima and Liang, Jianming},
  booktitle={Deep Learning in Medical Image Analysis and Multimodal Learning for Clinical Decision Support: 4th International Workshop, DLMIA 2018, and 8th International Workshop, ML-CDS 2018, Held in Conjunction with MICCAI 2018, Granada, Spain, September 20, 2018, Proceedings 4},
  pages={3--11},
  year={2018},
  organization={Springer}
}

@book{dillenbourg1999collaborative,
  title={Collaborative learning: Cognitive and computational approaches. advances in learning and instruction series.},
  author={Dillenbourg, Pierre},
  year={1999},
  publisher={ERIC}
}

@inproceedings{ke2020guided,
  title={Guided collaborative training for pixel-wise semi-supervised learning},
  author={Ke, Zhanghan and Qiu, Di and Li, Kaican and Yan, Qiong and Lau, Rynson WH},
  booktitle={Computer Vision--ECCV 2020: 16th European Conference, Glasgow, UK, August 23--28, 2020, Proceedings, Part XIII 16},
  pages={429--445},
  year={2020},
  organization={Springer}
}

@article{vaswani2017attention,
  title={Attention is all you need},
  author={Vaswani, A},
  journal={Advances in Neural Information Processing Systems},
  year={2017}
}

@inproceedings{zhou24ftta,
    author       = {Zhi Zhou and Yu-Kun Yang and Lan-Zhe Guo and Yu-Feng Li},
    title        = {Fully Test-time Adaptation for Tabular Data},
    booktitle    = {Proceedings of the 39th AAAI conference on Artificial Intelligence},
    year         = {2025}
}

@inproceedings{akiba2019optuna,
  title={Optuna: A next-generation hyperparameter optimization framework},
  author={Akiba, Takuya and Sano, Shotaro and Yanase, Toshihiko and Ohta, Takeru and Koyama, Masanori},
  booktitle={Proceedings of the 25th ACM SIGKDD international conference on knowledge discovery \& data mining},
  pages={2623--2631},
  year={2019}
}

@article{shazeer2020glu,
  title={Glu variants improve transformer},
  author={Shazeer, Noam},
  journal={arXiv preprint arXiv:2002.05202},
  year={2020}
}

@article{touvron2023llama,
  title={Llama: Open and efficient foundation language models},
  author={Touvron, Hugo and Lavril, Thibaut and Izacard, Gautier and Martinet, Xavier and Lachaux, Marie-Anne and Lacroix, Timoth{\'e}e and Rozi{\`e}re, Baptiste and Goyal, Naman and Hambro, Eric and Azhar, Faisal and others},
  journal={arXiv preprint arXiv:2302.13971},
  year={2023}
}
