@ARTICLE{BosuCodeReviewOSSMicrosoft,
  author={Bosu, Amiangshu and Carver, Jeffrey C. and Bird, Christian and Orbeck, Jonathan and Chockley, Christopher},
  journal={IEEE Transactions on Software Engineering}, 
  title={Process Aspects and Social Dynamics of Contemporary Code Review: Insights from Open Source Development and Industrial Practice at Microsoft},
  year={2017},
  volume={43},
  number={1},
  pages={56-75},
  doi={10.1109/TSE.2016.2576451}}

@inproceedings{Brown_Suggestions_2020,
    author = {Brown, Chris and Parnin, Chris},
    title = {Understanding the Impact of GitHub Suggested Changes on Recommendations between Developers},
    year = {2020},
    isbn = {9781450370431},
    publisher = {Association for Computing Machinery},
    address = {New York, NY, USA},
    url = {https://doi.org/10.1145/3368089.3409722},
    doi = {10.1145/3368089.3409722},
    booktitle = {Proceedings of the 28th ACM Joint Meeting on European Software Engineering Conference and Symposium on the Foundations of Software Engineering},
    pages = {1065–1076},
    numpages = {12},
    keywords = {developer recommendations, Empirical software engineering, online programming communities, GitHub, suggested changes},
    location = {Virtual Event, USA},
    series = {ESEC/FSE 2020}
}

@inproceedings{Campbell_Cognitive_Complexity_2018,
    author = {Campbell, G. Ann},
    title = {Cognitive Complexity: An Overview and Evaluation},
    year = {2018},
    isbn = {9781450357135},
    publisher = {Association for Computing Machinery},
    address = {New York, NY, USA},
    url = {https://doi.org/10.1145/3194164.3194186},
    doi = {10.1145/3194164.3194186},
    booktitle = {Proceedings of the 2018 International Conference on Technical Debt},
    pages = {57–58},
    numpages = {2},
    location = {Gothenburg, Sweden},
    series = {TechDebt '18}
}

@inproceedings{Dabisch_2012,
    author = {Dabbish, Laura and Stuart, Colleen and Tsay, Jason and Herbsleb, Jim},
    title = {Social Coding in GitHub: Transparency and Collaboration in an Open Software Repository},
    year = {2012},
    isbn = {9781450310864},
    publisher = {Association for Computing Machinery},
    address = {New York, NY, USA},
    url = {https://doi.org/10.1145/2145204.2145396},
    doi = {10.1145/2145204.2145396},
    booktitle = {Proceedings of the ACM 2012 Conference on Computer Supported Cooperative Work},
    pages = {1277–1286},
    numpages = {10},
    keywords = {coordination, awareness, transparency, open source software development, collaboration, social computing},
    location = {Seattle, Washington, USA},
    series = {CSCW '12}
}

@book{Dutoit:Book:2006,
  title={Rationale management in software engineering: Concepts and techniques},
  author={Dutoit, Allen H and McCall, Raymond and Mistrik, Ivan and Paech, Barbara},
  year={2006},
  publisher={Springer}
}

@inproceedings{LaToza_Questions_Code_2010,
    author = {LaToza, Thomas D. and Myers, Brad A.},
    title = {Hard-to-Answer Questions about Code},
    year = {2010},
    isbn = {9781450305471},
    publisher = {Association for Computing Machinery},
    address = {New York, NY, USA},
    url = {https://doi.org/10.1145/1937117.1937125},
    doi = {10.1145/1937117.1937125},
    booktitle = {Evaluation and Usability of Programming Languages and Tools},
    articleno = {8},
    numpages = {6},
    keywords = {program comprehension, developer questions},
    location = {Reno, Nevada},
    series = {PLATEAU '10}
}

@ARTICLE{Maalej:TSE:2013,
author={Maalej, Walid and Robillard, Martin P.},
journal={IEEE Transactions on Software Engineering}, 
title={Patterns of Knowledge in API Reference Documentation}, 
year={2013},
volume={39},
number={9},
pages={1264-1282},
keywords={Documentation;Taxonomy;Encoding;Reliability;Java;Software;Sociology;API documentation;software documentation;empirical study;content analysis;grounded method;data mining;pattern mining;Java;.NET},
doi={10.1109/TSE.2013.12}
}

@ARTICLE{Ortu_2020,
  author={Ortu, Marco and Destefanis, Giuseppe and Graziotin, Daniel and Marchesi, Michele and Tonelli, Roberto},
  journal={IEEE Access}, 
  title={How do you Propose Your Code Changes? Empirical Analysis of Affect Metrics of Pull Requests on GitHub}, 
  year={2020},
  volume={8},
  number={},
  pages={110897-110907},
  doi={10.1109/ACCESS.2020.3002663}
  }

@inproceedings{Rahman_Insights_PR_Github_2014,
    author = {Rahman, Mohammad Masudur and Roy, Chanchal K.},
    title = {An Insight into the Pull Requests of GitHub},
    year = {2014},
    isbn = {9781450328630},
    publisher = {Association for Computing Machinery},
    address = {New York, NY, USA},
    url = {https://doi.org/10.1145/2597073.2597121},
    doi = {10.1145/2597073.2597121},
    booktitle = {Proceedings of the 11th Working Conference on Mining Software Repositories},
    pages = {364–367},
    numpages = {4},
    keywords = {topic model, Commit comments, pull request},
    location = {Hyderabad, India},
    series = {MSR 2014}
}

@inproceedings{Rigby_Convergent_Contemporary_CR_2013,
    author = {Rigby, Peter C. and Bird, Christian},
    title = {Convergent Contemporary Software Peer Review Practices},
    year = {2013},
    isbn = {9781450322379},
    publisher = {Association for Computing Machinery},
    address = {New York, NY, USA},
    url = {https://doi.org/10.1145/2491411.2491444},
    doi = {10.1145/2491411.2491444},
    booktitle = {Proceedings of the 2013 9th Joint Meeting on Foundations of Software Engineering},
    pages = {202–212},
    numpages = {11},
    keywords = {Empirical Software Engineering, Inspection, Open source software, Peer code review, Software firms},
    location = {Saint Petersburg, Russia},
    series = {ESEC/FSE 2013}
}

@inproceedings{Sadowski_Search_Code_2015,
    author = {Sadowski, Caitlin and Stolee, Kathryn T. and Elbaum, Sebastian},
    title = {How Developers Search for Code: A Case Study},
    year = {2015},
    isbn = {9781450336758},
    publisher = {Association for Computing Machinery},
    address = {New York, NY, USA},
    url = {https://doi.org/10.1145/2786805.2786855},
    doi = {10.1145/2786805.2786855},
    booktitle = {Proceedings of the 2015 10th Joint Meeting on Foundations of Software Engineering},
    pages = {191–201},
    numpages = {11},
    keywords = {developer tools, user evaluation, code search},
    location = {Bergamo, Italy},
    series = {ESEC/FSE 2015}
}

@inproceedings{Tsay_Discussions_GitHub_2014,
    author = {Tsay, Jason and Dabbish, Laura and Herbsleb, James},
    title = {Let's Talk about It: Evaluating Contributions through Discussion in GitHub},
    year = {2014},
    isbn = {9781450330565},
    publisher = {Association for Computing Machinery},
    address = {New York, NY, USA},
    url = {https://doi.org/10.1145/2635868.2635882},
    doi = {10.1145/2635868.2635882},
    booktitle = {Proceedings of the 22nd ACM SIGSOFT International Symposium on Foundations of Software Engineering},
    pages = {144–154},
    numpages = {11},
    keywords = {GitHub, discussion, transparency, contribution, social computing, social media, open source, evaluation},
    location = {Hong Kong, China},
    series = {FSE 2014}
}

@inproceedings{Tsay_Social_Factors_2014,
    author = {Tsay, Jason and Dabbish, Laura and Herbsleb, James},
    title = {Influence of Social and Technical Factors for Evaluating Contribution in GitHub},
    year = {2014},
    isbn = {9781450327565},
    publisher = {Association for Computing Machinery},
    address = {New York, NY, USA},
    url = {https://doi.org/10.1145/2568225.2568315},
    doi = {10.1145/2568225.2568315},
    booktitle = {Proceedings of the 36th International Conference on Software Engineering},
    pages = {356–366},
    numpages = {11},
    keywords = {contribution, transparency, social computing, open source, social media, signaling theory, GitHub},
    location = {Hyderabad, India},
    series = {ICSE 2014}
}

@article{Widyasari:TOSEM:2024,
author = {Widyasari, Ratnadira and Zhang, Ting and Bouraffa, Abir and Maalej, Walid and Lo, David},
title = {Explaining Explanations: An Empirical Study of Explanations in Code Reviews},
year = {2024},
publisher = {Association for Computing Machinery},
address = {New York, NY, USA},
issn = {1049-331X},
url = {https://doi.org/10.1145/3708518},
doi = {10.1145/3708518},
journal = {ACM Trans. Softw. Eng. Methodol.},
month = dec,
keywords = {code review, explanation, empirical study, large language model}
}

@INPROCEEDINGS{Zampetti_2019,
  author={Zampetti, Fiorella and Bavota, Gabriele and Canfora, Gerardo and Penta, Massimiliano Di},
  booktitle={2019 IEEE 26th International Conference on Software Analysis, Evolution and Reengineering (SANER)}, 
  title={A Study on the Interplay between Pull Request Review and Continuous Integration Builds}, 
  year={2019},
  volume={},
  number={},
  pages={38-48},
  doi={10.1109/SANER.2019.8667996}
 }

@inproceedings{maalej2023rsse,
  title={From RSSE to BotSE: Potentials and Challenges Revisited after 15 Years},
  author={Maalej, Walid},
  booktitle={2023 IEEE/ACM 5th International Workshop on Bots in Software Engineering (BotSE)},
  pages={19--22},
  year={2023},
  organization={IEEE}
}

@inproceedings{palvannan2023suggestion,
  title={Suggestion bot: analyzing the impact of automated suggested changes on code reviews},
  author={Palvannan, Nivishree and Brown, Chris},
  booktitle={2023 IEEE/ACM 5th International Workshop on Bots in Software Engineering (BotSE)},
  pages={33--37},
  year={2023},
  organization={IEEE}
}

@article{wurzel2022interpersonal,
  title={Interpersonal conflicts during code review: Developers' experience and practices},
  author={Wurzel Gon{\c{c}}alves, Pavl{\'\i}na and {\c{C}}alikli, G{\"u}l and Bacchelli, Alberto},
  journal={Proceedings of the ACM on Human-Computer Interaction},
  volume={6},
  number={CSCW1},
  pages={1--33},
  year={2022},
  publisher={ACM New York, NY, USA}
}

