@article{wawrla2019applications,
  title={Applications of drones in warehouse operations},
  author={Wawrla, Lukas and Maghazei, Omid and Netland, Torbj{\o}rn},
  journal={ETH Zurich, D-MTEC, Whitepaper},
  year={2019}
}

@inproceedings{Scott2017DroneDM,
  title={Drone Delivery Models for Healthcare},
  author={Judy E. Scott and Carlton H. Scott},
  booktitle={Hawaii Int Conf Syst Sci},
  year={2017},
  url={https://api.semanticscholar.org/CorpusID:27433971}
}

@article{honig2018trajectory,
  title={Trajectory planning for quadrotor swarms},
  author={H{\"o}nig, Wolfgang and Preiss, James A and Kumar, TK Satish and Sukhatme, Gaurav S and Ayanian, Nora},
  journal={IEEE Trans Robot},
  volume={34},
  number={4},
  pages={856--869},
  year={2018},
  publisher={IEEE}
}

@inproceedings{schlag2016k,
  title={K-way hypergraph partitioning via n-level recursive bisection},
  author={Schlag, Sebastian and Henne, Vitali and Heuer, Tobias and Meyerhenke, Henning and Sanders, Peter and Schulz, Christian},
  booktitle={Proc Workshop on Algorithm Eng and Exp},
  pages={53--67},
  year={2016},
  organization={SIAM}
}

@article{sharon2015conflict,
  title={Conflict-based search for optimal multi-agent pathfinding},
  author={Sharon, Guni and Stern, Roni and Felner, Ariel and Sturtevant, Nathan R},
  journal={Artif Intell},
  volume={219},
  pages={40--66},
  year={2015},
  publisher={Elsevier}
}

@inproceedings{preiss2017crazyswarm,
  title={Crazyswarm: A large nano-quadcopter swarm},
  author={Preiss, James A and Honig, Wolfgang and Sukhatme, Gaurav S and Ayanian, Nora},
  booktitle={IEEE Int Conf Robot Automat},
  pages={3299--3304},
  year={2017},
  organization={IEEE}
}


@inproceedings{zhang2021hierarchical,
  title={A Hierarchical Approach to Multi-Agent Path Finding},
  author={Zhang, Han and Yao, Mingze and Liu, Ziang and Li, Jiaoyang and Terr, Lucas and Chan, Shao-Hung and Kumar, TK Satish and Koenig, Sven},
  booktitle={Proc Int Symp Combin Search},
  volume={12},
  number={1},
  pages={209--211},
  year={2021}
}

@inproceedings{leet2022shard,
  title={Shard Systems: Scalable, Robust and Persistent Multi-Agent Path Finding with Performance Guarantees},
  author={Leet, Christopher and Li, Jiaoyang and Koenig, Sven},
  booktitle={Proc AAAI Conf Artif Intell},
  volume={36},
  number={9},
  pages={9386--9395},
  year={2022}
}

@article{sartoretti2019primal,
  title={Primal: Pathfinding via reinforcement and imitation multi-agent learning},
  author={Sartoretti, Guillaume and Kerr, Justin and Shi, Yunfei and Wagner, Glenn and Kumar, TK Satish and Koenig, Sven and Choset, Howie},
  journal={IEEE Robot Automat Lett},
  volume={4},
  number={3},
  pages={2378--2385},
  year={2019},
  publisher={IEEE}
}

@inproceedings{ma2021distributed,
  title={Distributed heuristic multi-agent path finding with communication},
  author={Ma, Ziyuan and Luo, Yudong and Ma, Hang},
  booktitle={IEEE Int Conf Robot Automat},
  pages={8699--8705},
  year={2021},
  organization={IEEE}
}

@article{dobson2014sparse,
  title={Sparse roadmap spanners for asymptotically near-optimal motion planning},
  author={Dobson, Andrew and Bekris, Kostas E},
  journal={Int J Robot Res},
  volume={33},
  number={1},
  pages={18--47},
  year={2014},
  publisher={SAGE UK: London, England}
}

@inproceedings{li2021anytime,
  title={Anytime multi-agent path finding via large neighborhood search},
  author={Li, Jiaoyang and Chen, Zhe and Harabor, Daniel and Stuckey, P and Koenig, Sven},
  booktitle={Proc Int Joint Conf Artif Intell},
  year={2021}
}

@article{gottesburen2020advanced,
  title={Advanced flow-based multilevel hypergraph partitioning},
  author={Gottesb{\"u}ren, Lars and Hamann, Michael and Schlag, Sebastian and Wagner, Dorothea},
  journal={arXiv preprint arXiv:2003.12110},
  year={2020}
}


@inproceedings{phillips2011sipp,
  title={{SIPP}: Safe interval path planning for dynamic environments},
  author={Phillips, Mike and Likhachev, Maxim},
  booktitle={IEEE Int Conf Robot Automat},
  pages={5628--5635},
  year={2011},
  organization={IEEE}
}

@inproceedings{ma2019searching,
  title={Searching with consistent prioritization for multi-agent path finding},
  author={Ma, Hang and Harabor, Daniel and Stuckey, Peter J and Li, Jiaoyang and Koenig, Sven},
  booktitle={Proc AAAI Conf Artif Intell},
  volume={33},
  number={01},
  pages={7643--7650},
  year={2019}
}

@article{csenbacslar2021rlss,
  title={RLSS: Real-time Multi-Robot Trajectory Replanning using Linear Spatial Separations},
  author={{\c{S}}enba{\c{s}}lar, Bask{\i}n and H{\"o}nig, Wolfgang and Ayanian, Nora},
  journal={arXiv preprint arXiv:2103.07588},
  year={2021}
}

@article{csenbacslar2023rlss,
  title={{RLSS}: real-time, decentralized, cooperative, networkless multi-robot trajectory planning using linear spatial separations},
  author={{\c{S}}enba{\c{s}}lar, Bask{\i}n and H{\"o}nig, Wolfgang and Ayanian, Nora},
  journal={Autonomous Robots},
  volume={47},
  number={7},
  pages={921--946},
  year={2023},
  publisher={Springer}
}

@article{hornung2013octomap,
  title={OctoMap: An efficient probabilistic 3D mapping framework based on octrees},
  author={Hornung, Armin and Wurm, Kai M and Bennewitz, Maren and Stachniss, Cyrill and Burgard, Wolfram},
  journal={Autonomous robots},
  volume={34},
  pages={189--206},
  year={2013},
  publisher={Springer}
}



@article{van2020drones,
  title={Drones in humanitarian contexts, robot ethics, and the human--robot interaction},
  author={van Wynsberghe, Aimee and Comes, Tina},
  journal={Ethics and Information Technology},
  volume={22},
  pages={43--53},
  year={2020},
  publisher={Springer}
}

@book{mattson2019openmp,
  title={The OpenMP common core: making OpenMP simple again},
  author={Mattson, Timothy G and He, Yun Helen and Koniges, Alice E},
  year={2019},
  publisher={MIT Press}
}

@article{dagum1998openmp,
  title={OpenMP: an industry standard API for shared-memory programming},
  author={Dagum, Leonardo and Menon, Ramesh},
  journal={IEEE Comput. Sci. and Eng.},
  volume={5},
  number={1},
  pages={46--55},
  year={1998},
  publisher={IEEE}
}

@article{lin2023sacha,
  title={SACHA: Soft Actor-Critic with Heuristic-Based Attention for Partially Observable Multi-Agent Path Finding},
  author={Lin, Qiushi and Ma, Hang},
  journal={IEEE Robot. and Automat. Lett.},
  year={2023},
  publisher={IEEE}
}


@article{zhou2017fast,
  title={Fast, on-line collision avoidance for dynamic vehicles using buffered voronoi cells},
  author={Zhou, Dingjiang and Wang, Zijian and Bandyopadhyay, Saptarshi and Schwager, Mac},
  journal={IEEE Robot Automat Lett},
  volume={2},
  number={2},
  pages={1047--1054},
  year={2017},
  publisher={IEEE}
}

@article{park2020online,
  title={Online trajectory planning for multiple quadrotors in dynamic environments using relative safe flight corridor},
  author={Park, Jungwon and Kim, H Jin},
  journal={IEEE Robot. and Automat. Lett.},
  volume={6},
  number={2},
  pages={659--666},
  year={2020},
  publisher={IEEE}
}

@inproceedings{barer2014suboptimal,
  title={Suboptimal variants of the conflict-based search algorithm for the multi-agent pathfinding problem},
  author={Barer, Max and Sharon, Guni and Stern, Roni and Felner, Ariel},
  booktitle={Proc Int Symp Combin Search},
  volume={5},
  number={1},
  pages={19--27},
  year={2014}
}

@inproceedings{li2019multi,
  title={Multi-agent path finding for large agents},
  author={Li, Jiaoyang and Surynek, Pavel and Felner, Ariel and Ma, Hang and Kumar, TK Satish and Koenig, Sven},
  booktitle={Proc AAAI Conf Artif Intell},
  volume={33},
  number={01},
  pages={7627--7634},
  year={2019}
}

@inproceedings{walker2018extended,
  title={Extended Increasing Cost Tree Search for Non-Unit Cost Domains.},
  author={Walker, Thayne T and Sturtevant, Nathan R and Felner, Ariel},
  booktitle={IJCAI},
  pages={534--540},
  year={2018}
}

@inproceedings{yakovlev2017any,
  title={Any-angle pathfinding for multiple agents based on {SIPP} algorithm},
  author={Yakovlev, Konstantin and Andreychuk, Anton},
  booktitle={Proc Int Conf Automated Planning Scheduling},
  volume={27},
  pages={586--594},
  year={2017}
}

@article{yu2018effective,
  title={An effective algorithmic framework for near optimal multi-robot path planning},
  author={Yu, Jingjin and Rus, Daniela},
  journal={Robotics Research: Volume 1},
  pages={495--511},
  year={2018},
  publisher={Springer}
}

@article{awerbuch2012distributed,
  title={Distributed algorithms for multicommodity flow problems via approximate steepest descent framework},
  author={Awerbuch, Baruch and Khandekar, Rohit and Rao, Satish},
  journal={ACM Trans. on Algorithms},
  volume={9},
  number={1},
  pages={1--14},
  year={2012},
  publisher={ACM New York, NY, USA}
}

@inproceedings{awerbuch2007greedy,
  title={Greedy distributed optimization of multi-commodity flows},
  author={Awerbuch, Baruch and Khandekar, Rohit},
  booktitle={Proc ACM Symp Princ Distrib Comput},
  pages={274--283},
  year={2007}
}

@article{cortes1995support,
  title={Support-vector networks},
  author={Cortes, Corinna and Vapnik, Vladimir},
  journal={Mach. Learn.},
  volume={20},
  pages={273--297},
  year={1995},
  publisher={Springer}
}

@article{zhang2020numerical,
  title={Numerical analysis of downwash flow field from quad-rotor unmanned aerial vehicles},
  author={Zhang, Haiyan and Lan, Yubin and Shen, Ningwen and Wu, Jinyong and Wang, Tao and Han, Jie and Wen, Sheng},
  journal={Int J Precis Agricultural Aviation},
  volume={3},
  number={4},
  year={2020}
}

@inproceedings{yu2013structure,
  title={Structure and intractability of optimal multi-robot path planning on graphs},
  author={Yu, Jingjin and LaValle, Steven},
  booktitle={Proc AAAI Conf Artif Intell},
  volume={27},
  number={1},
  pages={1443--1449},
  year={2013}
}

@article{yu2015intractability,
  title={Intractability of optimal multirobot path planning on planar graphs},
  author={Yu, Jingjin},
  journal={IEEE Robot Automat Lett},
  volume={1},
  number={1},
  pages={33--40},
  year={2015},
  publisher={IEEE}
}

@book{10.5555/137406,
author = {Ahuja, Ravindra K. and Magnanti, Thomas L. and Orlin, James B.},
title = {Network flows: theory, algorithms, and applications},
year = {1993},
isbn = {013617549X},
publisher = {Prentice-Hall, Inc.},
address = {USA}
}

@inproceedings{yeo2015empirical,
  title={An empirical model of rotorcrafy UAV downwash for disturbance localization and avoidance},
  author={Yeo, Derrick and Shrestha, Elena and Paley, Derek A and Atkins, Ella M},
  booktitle={AIAA Atmos Flight Mech Conf},
  pages={1685},
  year={2015}
}

@article{wang2017safety,
  title={Safety barrier certificates for collisions-free multirobot systems},
  author={Wang, Li and Ames, Aaron D and Egerstedt, Magnus},
  journal={IEEE Transactions on Robotics},
  volume={33},
  number={3},
  pages={661--674},
  year={2017},
  publisher={IEEE}
}

@article{luis2020online,
  title={Online trajectory generation with distributed model predictive control for multi-robot motion planning},
  author={Luis, Carlos E and Vukosavljev, Marijan and Schoellig, Angela P},
  journal={IEEE Robotics and Automation Letters},
  volume={5},
  number={2},
  pages={604--611},
  year={2020},
  publisher={IEEE}
}

@article{mercy2017spline,
  title={Spline-based motion planning for autonomous guided vehicles in a dynamic environment},
  author={Mercy, Tim and Van Parys, Ruben and Pipeleers, Goele},
  journal={IEEE Transactions on Control Systems Technology},
  volume={26},
  number={6},
  pages={2182--2189},
  year={2017},
  publisher={IEEE}
}

@book{yano2020theory,
  title={The theory of Lie derivatives and its applications},
  author={Yano, Kentaro},
  year={2020},
  publisher={Courier Dover Publications}
}

@article{lindemann2018control,
  title={Control barrier functions for signal temporal logic tasks},
  author={Lindemann, Lars and Dimarogonas, Dimos V},
  journal={IEEE control systems letters},
  volume={3},
  number={1},
  pages={96--101},
  year={2018},
  publisher={IEEE}
}

@inproceedings{ames2019control,
  title={Control barrier functions: Theory and applications},
  author={Ames, Aaron D and Coogan, Samuel and Egerstedt, Magnus and Notomista, Gennaro and Sreenath, Koushil and Tabuada, Paulo},
  booktitle={2019 18th European control conference (ECC)},
  pages={3420--3431},
  year={2019},
  organization={IEEE}
}

@inproceedings{ames2012control,
  title={Control lyapunov functions and hybrid zero dynamics},
  author={Ames, Aaron D and Galloway, Kevin and Grizzle, Jessy W},
  booktitle={2012 IEEE 51st IEEE Conference on Decision and Control (CDC)},
  pages={6837--6842},
  year={2012},
  organization={IEEE}
}

@article{xiao2021high,
  title={High-order control barrier functions},
  author={Xiao, Wei and Belta, Calin},
  journal={IEEE Transactions on Automatic Control},
  volume={67},
  number={7},
  pages={3655--3662},
  year={2021},
  publisher={IEEE}
}

@inproceedings{liu2023iterative,
  title={Iterative convex optimization for model predictive control with discrete-time high-order control barrier functions},
  author={Liu, Shuo and Zeng, Jun and Sreenath, Koushil and Belta, Calin A},
  booktitle={2023 American Control Conference (ACC)},
  pages={3368--3375},
  year={2023},
  organization={IEEE}
}

@inproceedings{capelli2020connectivity,
  title={Connectivity maintenance: Global and optimized approach through control barrier functions},
  author={Capelli, Beatrice and Sabattini, Lorenzo},
  booktitle={2020 IEEE International Conference on Robotics and Automation (ICRA)},
  pages={5590--5596},
  year={2020},
  organization={IEEE}
}

@inproceedings{ge2022vision,
  title={Vision-based relative detection and tracking for teams of micro aerial vehicles},
  author={Ge, Rundong and Lee, Moonyoung and Radhakrishnan, Vivek and Zhou, Yang and Li, Guanrui and Loianno, Giuseppe},
  booktitle={2022 IEEE/RSJ International Conference on Intelligent Robots and Systems (IROS)},
  pages={380--387},
  year={2022},
  organization={IEEE}
}

@article{walter2019uvdar,
  title={Uvdar system for visual relative localization with application to leader--follower formations of multirotor uavs},
  author={Walter, Viktor and Staub, Nicolas and Franchi, Antonio and Saska, Martin},
  journal={IEEE Robotics and Automation Letters},
  volume={4},
  number={3},
  pages={2637--2644},
  year={2019},
  publisher={IEEE}
}

@article{catellani2023distributed,
  title={Distributed Control of a Limited Angular Field-of-View Multi-Robot System in Communication-Denied Scenarios: A Probabilistic Approach},
  author={Catellani, Mattia and Sabattini, Lorenzo},
  journal={IEEE Robotics and Automation Letters},
  volume={9},
  number={1},
  pages={739--746},
  year={2023},
  publisher={IEEE}
}

@article{malyuta2020long,
  title={Long-duration fully autonomous operation of rotorcraft unmanned aerial systems for remote-sensing data acquisition},
  author={Malyuta, Danylo and Brommer, Christian and Hentzen, Daniel and Stastny, Thomas and Siegwart, Roland and Brockers, Roland},
  journal={Journal of Field Robotics},
  volume={37},
  number={1},
  pages={137--157},
  year={2020},
  publisher={Wiley Online Library}
}


@inproceedings{zeng2021safety,
  title={Safety-critical model predictive control with discrete-time control barrier function},
  author={Zeng, Jun and Zhang, Bike and Sreenath, Koushil},
  booktitle={2021 American Control Conference (ACC)},
  pages={3882--3889},
  year={2021},
  organization={IEEE}
}

@article{queralta2020collaborative,
  title={Collaborative multi-robot search and rescue: Planning, coordination, perception, and active vision},
  author={Queralta, Jorge Pena and Taipalmaa, Jussi and Pullinen, Bilge Can and Sarker, Victor Kathan and Gia, Tuan Nguyen and Tenhunen, Hannu and Gabbouj, Moncef and Raitoharju, Jenni and Westerlund, Tomi},
  journal={Ieee Access},
  volume={8},
  pages={191617--191643},
  year={2020},
  publisher={IEEE}
}

@article{robin2016multi,
  title={Multi-robot target detection and tracking: taxonomy and survey},
  author={Robin, Cyril and Lacroix, Simon},
  journal={Autonomous Robots},
  volume={40},
  pages={729--760},
  year={2016},
  publisher={Springer}
}

@article{khan2016cooperative,
  title={Cooperative robots to observe moving targets},
  author={Khan, Asif and Rinner, Bernhard and Cavallaro, Andrea},
  journal={IEEE transactions on cybernetics},
  volume={48},
  number={1},
  pages={187--198},
  year={2016},
  publisher={IEEE}
}

@article{drew2021multi,
  title={Multi-agent systems for search and rescue applications},
  author={Drew, Daniel S},
  journal={Current Robotics Reports},
  volume={2},
  pages={189--200},
  year={2021},
  publisher={Springer}
}

@inproceedings{li2023nonlinear,
  title={Nonlinear model predictive control for cooperative transportation and manipulation of cable suspended payloads with multiple quadrotors},
  author={Li, Guanrui and Loianno, Giuseppe},
  booktitle={2023 IEEE/RSJ International Conference on Intelligent Robots and Systems (IROS)},
  pages={5034--5041},
  year={2023},
  organization={IEEE}
}

@article{yan2019comprehensive,
  title={A comprehensive survey on UAV communication channel modeling},
  author={Yan, Chaoxing and Fu, Lingang and Zhang, Jiankang and Wang, Jingjing},
  journal={IEEE Access},
  volume={7},
  pages={107769--107792},
  year={2019},
  publisher={IEEE}
}

@article{gielis2022critical,
  title={A critical review of communications in multi-robot systems},
  author={Gielis, Jennifer and Shankar, Ajay and Prorok, Amanda},
  journal={Current robotics reports},
  volume={3},
  number={4},
  pages={213--225},
  year={2022},
  publisher={Springer}
}

@article{xu2017correctness,
  title={Correctness guarantees for the composition of lane keeping and adaptive cruise control},
  author={Xu, Xiangru and Grizzle, Jessy W and Tabuada, Paulo and Ames, Aaron D},
  journal={IEEE Transactions on Automation Science and Engineering},
  volume={15},
  number={3},
  pages={1216--1229},
  year={2017},
  publisher={IEEE}
}

@inproceedings{abdi2023safe,
  title={Safe control using vision-based control barrier function (v-cbf)},
  author={Abdi, Hossein and Raja, Golnaz and Ghabcheloo, Reza},
  booktitle={2023 IEEE International Conference on Robotics and Automation (ICRA)},
  pages={782--788},
  year={2023},
  organization={IEEE}
}

@article{tan2021high,
  title={High-order barrier functions: Robustness, safety, and performance-critical control},
  author={Tan, Xiao and Cortez, Wenceslao Shaw and Dimarogonas, Dimos V},
  journal={IEEE Transactions on Automatic Control},
  volume={67},
  number={6},
  pages={3021--3028},
  year={2021},
  publisher={IEEE}
}

@article{liu2024multi,
  title={Multi-Robot Target Tracking with Sensing and Communication Danger Zones},
  author={Liu, Jiazhen and Li, Peihan and Wu, Yuwei and Sukhatme, Gaurav S and Kumar, Vijay and Zhou, Lifeng},
  journal={arXiv preprint arXiv:2404.07880},
  year={2024}
}

@inproceedings{meier2015px4,
  title={PX4: A node-based multithreaded open source robotics framework for deeply embedded platforms},
  author={Meier, Lorenz and Honegger, Dominik and Pollefeys, Marc},
  booktitle={2015 IEEE international conference on robotics and automation (ICRA)},
  pages={6235--6240},
  year={2015},
  organization={IEEE}
}

@article{zhou2022swarm,
  title={Swarm of micro flying robots in the wild},
  author={Zhou, Xin and Wen, Xiangyong and Wang, Zhepei and Gao, Yuman and Li, Haojia and Wang, Qianhao and Yang, Tiankai and Lu, Haojian and Cao, Yanjun and Xu, Chao and others},
  journal={Science Robotics},
  volume={7},
  number={66},
  pages={eabm5954},
  year={2022},
  publisher={American Association for the Advancement of Science}
}

@inproceedings{quigley2009ros,
  title={ROS: an open-source Robot Operating System},
  author={Quigley, Morgan and Conley, Ken and Gerkey, Brian and Faust, Josh and Foote, Tully and Leibs, Jeremy and Wheeler, Rob and Ng, Andrew Y and others},
  booktitle={ICRA workshop on open source software},
  volume={3},
  number={3.2},
  pages={5},
  year={2009},
  organization={Kobe, Japan}
}

@inproceedings{pan2024hierarchical,
  title={Hierarchical Large Scale Multirobot Path (Re) Planning},
  author={Pan, Lishuo and Hsu, Kevin and Ayanian, Nora},
  booktitle={2024 IEEE/RSJ International Conference on Intelligent Robots and Systems (IROS)},
  pages={5319--5326},
  year={2024},
  organization={IEEE}
}

@inproceedings{ames2014control,
  title={Control barrier function based quadratic programs with application to adaptive cruise control},
  author={Ames, Aaron D and Grizzle, Jessy W and Tabuada, Paulo},
  booktitle={53rd IEEE conference on decision and control},
  pages={6271--6278},
  year={2014},
  organization={IEEE}
}

@inproceedings{xiao2021hoclbf,
  title={High order control lyapunov-barrier functions for temporal logic specifications},
  author={Xiao, Wei and Belta, Calin A and Cassandras, Christos G},
  booktitle={2021 American Control Conference (ACC)},
  pages={4886--4891},
  year={2021},
  organization={IEEE}
}

@article{diwan2023object,
  title={Object detection using YOLO: Challenges, architectural successors, datasets and applications},
  author={Diwan, Tausif and Anirudh, G and Tembhurne, Jitendra V},
  journal={multimedia Tools and Applications},
  volume={82},
  number={6},
  pages={9243--9275},
  year={2023},
  publisher={Springer}
}

@article{bauer2002introduction,
  title={Introduction to the GiNaC framework for symbolic computation within the C++ programming language},
  author={Bauer, Christian and Frink, Alexander and Kreckel, Richard},
  journal={Journal of Symbolic Computation},
  volume={33},
  number={1},
  pages={1--12},
  year={2002},
  publisher={Elsevier}
}

@article{luis2019trajectory,
  title={Trajectory generation for multiagent point-to-point transitions via distributed model predictive control},
  author={Luis, Carlos E and Schoellig, Angela P},
  journal={IEEE Robotics and Automation Letters},
  volume={4},
  number={2},
  pages={375--382},
  year={2019},
  publisher={IEEE}
}

@inproceedings{mellinger2011minimum,
  title={Minimum snap trajectory generation and control for quadrotors},
  author={Mellinger, Daniel and Kumar, Vijay},
  booktitle={2011 IEEE international conference on robotics and automation},
  pages={2520--2525},
  year={2011},
  organization={IEEE}
}

@article{bertoncelli2024directed,
  title={Directed graph topology preservation in multi-robot systems with limited field of view using control barrier functions},
  author={Bertoncelli, Filippo and Radhakrishnan, Vivek and Catellani, Mattia and Loianno, Giuseppe and Sabattini, Lorenzo},
  journal={IEEE Access},
  year={2024},
  publisher={IEEE}
}

@inproceedings{redmon2016you,
  title={You only look once: Unified, real-time object detection},
  author={Redmon, J},
  booktitle={Proceedings of the IEEE conference on computer vision and pattern recognition},
  year={2016}
}

@inproceedings{sforni2024receding,
  title={Receding Horizon CBF-Based Multi-Layer Controllers for Safe Trajectory Generation},
  author={Sforni, Lorenzo and Notarstefano, Giuseppe and Ames, Aaron D},
  booktitle={2024 American Control Conference (ACC)},
  pages={4765--4770},
  year={2024},
  organization={IEEE}
}

@article{dickson2024spline,
  title={Spline Trajectory Tracking and Obstacle Avoidance for Mobile Agents via Convex Optimization},
  author={Dickson, Akua and Cassandras, Christos G and Tron, Roberto},
  journal={arXiv preprint arXiv:2403.16900},
  year={2024}
}

@article{pan2025hierarchical,
  title={Hierarchical Trajectory (Re) Planning for a Large Scale Swarm},
  author={Pan, Lishuo and Wang, Yutong and Ayanian, Nora},
  journal={arXiv preprint arXiv:2501.16743},
  year={2025}
}

@inbook{doi:10.2514/6.2024-4145,
author = {Anoop Kiran and Narek Harutyunyan and Nora Ayanian and Kenneth Breuer},
title = {Downwash Dynamics: Impact of Separation on Forces, Moments, and Velocities for Dense Quadrotor Flight},
booktitle = {AIAA AVIATION FORUM AND ASCEND 2024},
chapter = {},
pages = {},
doi = {10.2514/6.2024-4145},
eprint = {https://arc.aiaa.org/doi/pdf/10.2514/6.2024-4145}}