@inproceedings{sen-tst-1,
  author       = {Juncen Li and
                  Robin Jia and
                  He He and
                  Percy Liang},
  editor       = {Marilyn A. Walker and
                  Heng Ji and
                  Amanda Stent},
  title        = {Delete, Retrieve, Generate: a Simple Approach to Sentiment and Style
                  Transfer},
  booktitle    = {Proc. of NAACL},
  pages        = {1865--1874},
  publisher    = {Association for Computational Linguistics},
  year         = {2018},
}

@article{sen-tst-2,
  author       = {Xing Wu and
                  Tao Zhang and
                  Liangjun Zang and
                  Jizhong Han and
                  Songlin Hu},
  title        = {"Mask and Infill" : Applying Masked Language Model to Sentiment Transfer},
  journal      = {CoRR},
  volume       = {abs/1908.08039},
  year         = {2019},
}


@inproceedings{tst-style-ins,
  author       = {Xiaoyuan Yi and
                  Zhenghao Liu and
                  Wenhao Li and
                  Maosong Sun},
  editor       = {Christian Bessiere},
  title        = {Text Style Transfer via Learning Style Instance Supported Latent Space},
  booktitle    = {Proc. of IJCAI},
  pages        = {3801--3807},
  publisher    = {ijcai.org},
  year         = {2020},
}

@inproceedings{tst-para,
  author       = {Kalpesh Krishna and
                  John Wieting and
                  Mohit Iyyer},
  editor       = {Bonnie Webber and
                  Trevor Cohn and
                  Yulan He and
                  Yang Liu},
  title        = {Reformulating Unsupervised Style Transfer as Paraphrase Generation},
  booktitle    = {Proc. of EMNLP},
  pages        = {737--762},
  publisher    = {Association for Computational Linguistics},
  year         = {2020},
}

@inproceedings{tst-bias,
  author       = {Ewoenam Kwaku Tokpo and
                  Toon Calders},
  editor       = {Daphne Ippolito and
                  Liunian Harold Li and
                  Maria Leonor Pacheco and
                  Danqi Chen and
                  Nianwen Xue},
  title        = {Text Style Transfer for Bias Mitigation using Masked Language Modeling},
  booktitle    = {Proc. of },
  pages        = {163--171},
  publisher    = {Association for Computational Linguistics},
  year         = {2022},
}

@article{tst-sc2,
  author       = {Jie Zhao and
                  Ziyu Guan and
                  Cai Xu and
                  Wei Zhao and
                  Yue Jiang},
  title        = {{SC2:} Towards Enhancing Content Preservation and Style Consistency
                  in Long Text Style Transfer},
  journal      = {CoRR},
  volume       = {abs/2406.04578},
  year         = {2024},
}

@inproceedings{storytrans,
  author       = {Xuekai Zhu and
                  Jian Guan and
                  Minlie Huang and
                  Juan Liu},
  editor       = {Anna Rogers and
                  Jordan L. Boyd{-}Graber and
                  Naoaki Okazaki},
  title        = {StoryTrans: Non-Parallel Story Author-Style Transfer with Discourse
                  Representations and Content Enhancing},
  booktitle    = {Proc. of ACL},
  pages        = {14803--14819},
  publisher    = {Association for Computational Linguistics},
  year         = {2023},
}

@inproceedings{paraguide,
  author       = {Zachary Horvitz and
                  Ajay Patel and
                  Chris Callison{-}Burch and
                  Zhou Yu and
                  Kathleen R. McKeown},
  editor       = {Michael J. Wooldridge and
                  Jennifer G. Dy and
                  Sriraam Natarajan},
  title        = {ParaGuide: Guided Diffusion Paraphrasers for Plug-and-Play Textual
                  Style Transfer},
  booktitle    = {Proc. of AAAI},
  pages        = {18216--18224},
  publisher    = {{AAAI} Press},
  year         = {2024},
}

@article{gpt-2,
  title={Language models are unsupervised multitask learners},
  author={Radford, Alec and Wu, Jeffrey and Child, Rewon and Luan, David and Amodei, Dario and Sutskever, Ilya and others},
  journal={OpenAI blog},
  volume={1},
  number={8},
  pages={9},
  year={2019}
}

@inproceedings{tst-imat,
  author       = {Zhijing Jin and
                  Di Jin and
                  Jonas Mueller and
                  Nicholas Matthews and
                  Enrico Santus},
  editor       = {Kentaro Inui and
                  Jing Jiang and
                  Vincent Ng and
                  Xiaojun Wan},
  title        = {IMaT: Unsupervised Text Attribute Transfer via Iterative Matching
                  and Translation},
  booktitle    = {Proc. of EMNLP-IJCNLP},
  pages        = {3095--3107},
  publisher    = {Association for Computational Linguistics},
  year         = {2019},
}

@inproceedings{spe-ts-1,
  author       = {Carolina Scarton and
                  Lucia Specia},
  editor       = {Iryna Gurevych and
                  Yusuke Miyao},
  title        = {Learning Simplifications for Specific Target Audiences},
  booktitle    = {Proc. of ACL},
  pages        = {712--718},
  publisher    = {Association for Computational Linguistics},
  year         = {2018},
}

@inproceedings{spe-tst-2,
  author       = {Daiki Nishihara and
                  Tomoyuki Kajiwara and
                  Yuki Arase},
  editor       = {Fernando Alva{-}Manchego and
                  Eunsol Choi and
                  Daniel Khashabi},
  title        = {Controllable Text Simplification with Lexical Constraint Loss},
  booktitle    = {Proc. of ACL Workshops},
  pages        = {260--266},
  publisher    = {Association for Computational Linguistics},
  year         = {2019},
}

@inproceedings{edit-ts-1,
  author       = {Dhruv Kumar and
                  Lili Mou and
                  Lukasz Golab and
                  Olga Vechtomova},
  editor       = {Dan Jurafsky and
                  Joyce Chai and
                  Natalie Schluter and
                  Joel R. Tetreault},
  title        = {Iterative Edit-Based Unsupervised Sentence Simplification},
  booktitle    = {Proc. of ACL},
  pages        = {7918--7928},
  publisher    = {Association for Computational Linguistics},
  year         = {2020},
}

@article{ts-lsbert,
  author       = {Jipeng Qiang and
                  Yun Li and
                  Yi Zhu and
                  Yunhao Yuan and
                  Xindong Wu},
  title        = {LSBert: {A} Simple Framework for Lexical Simplification},
  journal      = {CoRR},
  volume       = {abs/2006.14939},
  year         = {2020},
}

@inproceedings{bleu,
  author    = {Kishore Papineni and
               Salim Roukos and
               Todd Ward and
               Wei{-}Jing Zhu},
  title     = {Bleu: a Method for Automatic Evaluation of Machine Translation},
  booktitle = {Proc. of ACL},
  pages     = {311--318},
  year      = {2002}
}

@inproceedings{tst-ft-1,
  author       = {Daryna Dementieva and
                  Daniil Moskovskiy and
                  David Dale and
                  Alexander Panchenko},
  editor       = {Jong C. Park and
                  Yuki Arase and
                  Baotian Hu and
                  Wei Lu and
                  Derry Wijaya and
                  Ayu Purwarianti and
                  Adila Alfa Krisnadhi},
  title        = {Exploring Methods for Cross-lingual Text Style Transfer: The Case
                  of Text Detoxification},
  booktitle    = {Proc. of IJCNLP},
  pages        = {1083--1101},
  publisher    = {Association for Computational Linguistics},
  year         = {2023},
}

@inproceedings{tst-ft-2,
  author       = {Sourabrata Mukherjee and
                  Atul Kr. Ojha and
                  Ondrej Dusek},
  editor       = {Saad Mahamood and
                  Minh Le Nguyen and
                  Daphne Ippolito},
  title        = {Are Large Language Models Actually Good at Text Style Transfer?},
  booktitle    = {Proc. of INLG},
  pages        = {523--539},
  publisher    = {Association for Computational Linguistics},
  year         = {2024},
}


@inproceedings{tst-icl-1,
  author       = {Huiyu Mai and
                  Wenhao Jiang and
                  Zhi{-}Hong Deng},
  editor       = {Houda Bouamor and
                  Juan Pino and
                  Kalika Bali},
  title        = {Prefix-Tuning Based Unsupervised Text Style Transfer},
  booktitle    = {Proc. of EMNLP Findings},
  pages        = {14847--14856},
  publisher    = {Association for Computational Linguistics},
  year         = {2023},
}

@inproceedings{tst-icl-2,
  author       = {Chiyu Zhang and
                  Honglong Cai and
                  Yuezhang Li and
                  Yuexin Wu and
                  Le Hou and
                  Muhammad Abdul{-}Mageed},
  editor       = {Yang (Trista) Cao and
                  Isabel Papadimitriou and
                  Anaelia Ovalle and
                  Marcos Zampieri and
                  Francis Ferraro and
                  Swabha Swayamdipta},
  title        = {Distilling Text Style Transfer With Self-Explanation From LLMs},
  booktitle    = {Proc. of NAACL Student Research Workshop},
  pages        = {200--211},
  publisher    = {Association for Computational Linguistics},
  year         = {2024},
}

@article{tst-icl-3,
  author       = {Jianlin Chen},
  title        = {LMStyle Benchmark: Evaluating Text Style Transfer for Chatbots},
  journal      = {CoRR},
  volume       = {abs/2403.08943},
  year         = {2024},
}

@inproceedings{llm-cr,
  title={Large Language Model is not a (Multilingual) Compositional Relation Reasoner},
  author={Zhao, Jinman and Zhang, Xueyan},
  booktitle={First Conference on Language Modeling},
  year={2024}
}

@inproceedings{role-cha,
  author       = {Xintao Wang and
                  Yunze Xiao and
                  Jen{-}tse Huang and
                  Siyu Yuan and
                  Rui Xu and
                  Haoran Guo and
                  Quan Tu and
                  Yaying Fei and
                  Ziang Leng and
                  Wei Wang and
                  Jiangjie Chen and
                  Cheng Li and
                  Yanghua Xiao},
  editor       = {Lun{-}Wei Ku and
                  Andre Martins and
                  Vivek Srikumar},
  title        = {InCharacter: Evaluating Personality Fidelity in Role-Playing Agents
                  through Psychological Interviews},
  booktitle    = {Proc. of ACL},
  pages        = {1840--1873},
  publisher    = {Association for Computational Linguistics},
  year         = {2024},
}

@inproceedings{l2c,
  author       = {Jiali Chen and
                  Xusen Hei and
                  Yuqi Xue and
                  Yuancheng Wei and
                  Jiayuan Xie and
                  Yi Cai and
                  Qing Li},
  editor       = {Jianfei Cai and
                  Mohan S. Kankanhalli and
                  Balakrishnan Prabhakaran and
                  Susanne Boll and
                  Ramanathan Subramanian and
                  Liang Zheng and
                  Vivek K. Singh and
                  Pablo C{\'{e}}sar and
                  Lexing Xie and
                  Dong Xu},
  title        = {Learning to Correction: Explainable Feedback Generation for Visual
                  Commonsense Reasoning Distractor},
  booktitle    = {Proc. of ACM MM},
  pages        = {8209--8218},
  publisher    = {{ACM}},
  year         = {2024},
}

@article{kb-vqa-ex,
  author       = {Jiayuan Xie and
                  Yi Cai and
                  Jiali Chen and
                  Ruohang Xu and
                  Jiexin Wang and
                  Qing Li},
  title        = {Knowledge-Augmented Visual Question Answering With Natural Language
                  Explanation},
  journal      = {{IEEE} Trans. Image Process.},
  volume       = {33},
  pages        = {2652--2664},
  year         = {2024},
}

@article{llm-long,
  author       = {Zhiyuan Hu and
                  Yuliang Liu and
                  Jinman Zhao and
                  Suyuchen Wang and
                  Yan Wang and
                  Wei Shen and
                  Qing Gu and
                  Anh Tuan Luu and
                  See{-}Kiong Ng and
                  Zhiwei Jiang and
                  Bryan Hooi},
  title        = {LongRecipe: Recipe for Efficient Long Context Generalization in Large
                  Language Models},
  journal      = {CoRR},
  volume       = {abs/2409.00509},
  year         = {2024},
}

@article{llm-role,
  author       = {Jinman Zhao and
                  Zifan Qian and
                  Linbo Cao and
                  Yining Wang and
                  Yitian Ding},
  title        = {Bias and Toxicity in Role-Play Reasoning},
  journal      = {CoRR},
  volume       = {abs/2409.13979},
  year         = {2024},
}


@inproceedings{tst-pd-1,
  author       = {Guoqing Luo and
                  Yutong Han and
                  Lili Mou and
                  Mauajama Firdaus},
  editor       = {Houda Bouamor and
                  Juan Pino and
                  Kalika Bali},
  title        = {Prompt-Based Editing for Text Style Transfer},
  booktitle    = {Proc. of EMNLP Findings},
  pages        = {5740--5750},
  publisher    = {Association for Computational Linguistics},
  year         = {2023},
}

@article{edu-curriculum-1,
  title={Research on the Teaching of Chinese Language and Literature in Modern Educational Thoughts},
  author={Luo, Zhao},
  journal={Review of Educational Theory},
  volume={2},
  number={2},
  pages={29--33},
  year={2019}
}


@inproceedings{tst-pd-2,
  author       = {Qingyi Liu and
                  Jinghui Qin and
                  Wenxuan Ye and
                  Hao Mou and
                  Yuxuan He and
                  Keze Wang},
  editor       = {Michael J. Wooldridge and
                  Jennifer G. Dy and
                  Sriraam Natarajan},
  title        = {Adaptive Prompt Routing for Arbitrary Text Style Transfer with Pre-trained Language Models},
  booktitle    = {Proc. of AAAI},
  pages        = {18689--18697},
  publisher    = {{AAAI} Press},
  year         = {2024},
}

@inproceedings{rouge,
  author    = {Chin-Yew Lin},
  title     = {Rouge: A package for automatic evaluation of summaries},
  booktitle = {Proc. of ACL Workshop},
  pages     = {74–81},
  year      = {2004}
}

@inproceedings{meteor,
  author    = {Michael J. Denkowski and
               Alon Lavie},
  title     = {Meteor Universal: Language Specific Translation Evaluation for Any
               Target Language},
  booktitle = {Proc. of ACL Workshop},
  pages     = {376--380},
  year      = {2014}
}

@inproceedings{bert-score,
  author       = {Tianyi Zhang and
                  Varsha Kishore and
                  Felix Wu and
                  Kilian Q. Weinberger and
                  Yoav Artzi},
  title        = {BERTScore: Evaluating Text Generation with {BERT}},
  booktitle    = {Proc. of ICLR},
  publisher    = {OpenReview.net},
  year         = {2020},
}

@article{ped-zone,
  title={Vygotsky's zone of proximal development: Instructional implications and teachers' professional development.},
  author={Shabani, Karim and Khatib, Mohamad and Ebadi, Saman},
  journal={English language teaching},
  volume={3},
  number={4},
  pages={237--248},
  year={2010},
  publisher={ERIC}
}


@article{eapmt,
  author       = {Shanshan Wang and
                  Derek F. Wong and
                  Jingming Yao and
                  Lidia S. Chao},
  title        = {What is the Best Way for ChatGPT to Translate Poetry?},
  journal      = {CoRR},
  volume       = {abs/2406.03450},
  year         = {2024},
}

@inproceedings{p-r,
  author       = {Mirac Suzgun and
                  Luke Melas{-}Kyriazi and
                  Dan Jurafsky},
  editor       = {Yoav Goldberg and
                  Zornitsa Kozareva and
                  Yue Zhang},
  title        = {Prompt-and-Rerank: {A} Method for Zero-Shot and Few-Shot Arbitrary
                  Textual Style Transfer with Small Language Models},
  booktitle    = {Proc. of EMNLP},
  pages        = {2195--2222},
  publisher    = {Association for Computational Linguistics},
  year         = {2022},
}

@article{llama-cn,
  author       = {Yiming Cui and
                  Ziqing Yang and
                  Xin Yao},
  title        = {Efficient and Effective Text Encoding for Chinese LLaMA and Alpaca},
  journal      = {CoRR},
  volume       = {abs/2304.08177},
  year         = {2023},
}

@inproceedings{lora,
  author       = {Edward J. Hu and
                  Yelong Shen and
                  Phillip Wallis and
                  Zeyuan Allen{-}Zhu and
                  Yuanzhi Li and
                  Shean Wang and
                  Lu Wang and
                  Weizhu Chen},
  title        = {LoRA: Low-Rank Adaptation of Large Language Models},
  booktitle    = {Proc. of ICLR},
  publisher    = {OpenReview.net},
  year         = {2022},
}


@inproceedings{coeff,
  title={Cohen's kappa coefficient as a performance measure for feature selection},
  author={Vieira, Susana M and Kaymak, Uzay and Sousa, Jo{\~a}o MC},
  booktitle={International conference on fuzzy systems},
  pages={1--8},
  year={2010},
}

@article{qwen2,
  title={Qwen2 technical report},
  author={Yang, An and Yang, Baosong and Hui, Binyuan and Zheng, Bo and Yu, Bowen and Zhou, Chang and Li, Chengpeng and Li, Chengyuan and Liu, Dayiheng and Huang, Fei and others},
  journal={arXiv preprint arXiv:2407.10671},
  year={2024}
}

@article{llama3,
  title={The Llama 3 Herd of Models},
  author={Dubey, Abhimanyu and Jauhri, Abhinav and Pandey, Abhinav and Kadian, Abhishek and Al-Dahle, Ahmad and Letman, Aiesha and Mathur, Akhil and Schelten, Alan and Yang, Amy and Fan, Angela and others},
  journal={arXiv preprint arXiv:2407.21783},
  year={2024}
}

@article{llama2,
  author       = {Hugo Touvron and
                  Louis Martin and
                  Kevin Stone and
                  Peter Albert and
                  Amjad Almahairi and
                  Yasmine Babaei and
                  Nikolay Bashlykov and
                  Soumya Batra and
                  Prajjwal Bhargava and
                  Shruti Bhosale and
                  Dan Bikel and
                  Lukas Blecher and
                  Cristian Canton{-}Ferrer and
                  Moya Chen and
                  Guillem Cucurull and
                  David Esiobu and
                  Jude Fernandes and
                  Jeremy Fu and
                  Wenyin Fu and
                  Brian Fuller and
                  Cynthia Gao and
                  Vedanuj Goswami and
                  Naman Goyal and
                  Anthony Hartshorn and
                  Saghar Hosseini and
                  Rui Hou and
                  Hakan Inan and
                  Marcin Kardas and
                  Viktor Kerkez and
                  Madian Khabsa and
                  Isabel Kloumann and
                  Artem Korenev and
                  Punit Singh Koura and
                  Marie{-}Anne Lachaux and
                  Thibaut Lavril and
                  Jenya Lee and
                  Diana Liskovich and
                  Yinghai Lu and
                  Yuning Mao and
                  Xavier Martinet and
                  Todor Mihaylov and
                  Pushkar Mishra and
                  Igor Molybog and
                  Yixin Nie and
                  Andrew Poulton and
                  Jeremy Reizenstein and
                  Rashi Rungta and
                  Kalyan Saladi and
                  Alan Schelten and
                  Ruan Silva and
                  Eric Michael Smith and
                  Ranjan Subramanian and
                  Xiaoqing Ellen Tan and
                  Binh Tang and
                  Ross Taylor and
                  Adina Williams and
                  Jian Xiang Kuan and
                  Puxin Xu and
                  Zheng Yan and
                  Iliyan Zarov and
                  Yuchen Zhang and
                  Angela Fan and
                  Melanie Kambadur and
                  Sharan Narang and
                  Aur{\'{e}}lien Rodriguez and
                  Robert Stojnic and
                  Sergey Edunov and
                  Thomas Scialom},
  title        = {Llama 2: Open Foundation and Fine-Tuned Chat Models},
  journal      = {CoRR},
  volume       = {abs/2307.09288},
  year         = {2023},
}

@article{glm4,
  title={ChatGLM: A Family of Large Language Models from GLM-130B to GLM-4 All Tools},
  author={GLM, Team and Zeng, Aohan and Xu, Bin and Wang, Bowen and Zhang, Chenhui and Yin, Da and Rojas, Diego and Feng, Guanyu and Zhao, Hanlin and Lai, Hanyu and others},
  journal={arXiv preprint arXiv:2406.12793},
  year={2024}
}

@article{gpt4,
  author       = {OpenAI},
  title        = {{GPT-4} Technical Report},
  journal      = {CoRR},
  volume       = {abs/2303.08774},
  year         = {2023},
}


@inproceedings{instruct-gpt,
  author       = {Long Ouyang and
                  Jeffrey Wu and
                  Xu Jiang and
                  Diogo Almeida and
                  Carroll L. Wainwright and
                  Pamela Mishkin and
                  Chong Zhang and
                  Sandhini Agarwal and
                  Katarina Slama and
                  Alex Ray and
                  John Schulman and
                  Jacob Hilton and
                  Fraser Kelton and
                  Luke Miller and
                  Maddie Simens and
                  Amanda Askell and
                  Peter Welinder and
                  Paul F. Christiano and
                  Jan Leike and
                  Ryan Lowe},
  editor       = {Sanmi Koyejo and
                  S. Mohamed and
                  A. Agarwal and
                  Danielle Belgrave and
                  K. Cho and
                  A. Oh},
  title        = {Training language models to follow instructions with human feedback},
  booktitle    = {{Proc. of NeurIPS}},
  year         = {2022},
}


@inproceedings{dpo,
  author       = {Rafael Rafailov and
                  Archit Sharma and
                  Eric Mitchell and
                  Christopher D. Manning and
                  Stefano Ermon and
                  Chelsea Finn},
  editor       = {Alice Oh and
                  Tristan Naumann and
                  Amir Globerson and
                  Kate Saenko and
                  Moritz Hardt and
                  Sergey Levine},
  title        = {Direct Preference Optimization: Your Language Model is Secretly a
                  Reward Model},
  booktitle    = {Proc. of NeurIPS},
  year         = {2023},
}

@article{icl,
  title={A survey on in-context learning},
  author={Dong, Qingxiu and Li, Lei and Dai, Damai and Zheng, Ce and Wu, Zhiyong and Chang, Baobao and Sun, Xu and Xu, Jingjing and Sui, Zhifang},
  journal={arXiv preprint arXiv:2301.00234},
  year={2022}
}

@book{cn-classic-1,
  title={The Chinese Classics: Vol. I},
  author={Legge, James},
  year={2022},
  publisher={BoD--Books on Demand}
}

@book{cn-classic-2,
  title={The classic Chinese novel: A critical introduction},
  author={Hsia, Chih-tsing},
  year={2016},
  publisher={The Chinese University of Hong Kong Press}
}

@book{ada-1,
  title={Adapting Canonical Texts in Children's Literature},
  author={M{\"u}ller, Anja},
  year={2013},
  publisher={A\&C Black}
}

@article{ada-2,
  title={Children's Literature Adaptation Studies: Interdisciplinary Theoretical Resources with a Special Focus for Education},
  author={Hui, Haifeng},
  journal={History of Education and Children's Literature: HECL: XIX, 1, 2024},
  pages={629--647},
  year={2024},
  publisher={EUM-Edizioni Universit{\`a} di Macerata}
}

@inproceedings{llm-tst-1,
  author       = {Pusheng Liu and
                  Lianwei Wu and
                  Linyong Wang and
                  Sensen Guo and
                  Yang Liu},
  editor       = {Nicoletta Calzolari and
                  Min{-}Yen Kan and
                  V{\'{e}}ronique Hoste and
                  Alessandro Lenci and
                  Sakriani Sakti and
                  Nianwen Xue},
  title        = {Step-by-Step: Controlling Arbitrary Style in Text with Large Language
                  Models},
  booktitle    = {Proc. of COLING},
  pages        = {15285--15295},
  publisher    = {{ELRA} and {ICCL}},
  year         = {2024},
}

@inproceedings{llm-tst-2,
  author       = {Phil Sidney Ostheimer and
                  Mayank Kumar Nagda and
                  Marius Kloft and
                  Sophie Fellenz},
  editor       = {Nicoletta Calzolari and
                  Min{-}Yen Kan and
                  V{\'{e}}ronique Hoste and
                  Alessandro Lenci and
                  Sakriani Sakti and
                  Nianwen Xue},
  title        = {Text Style Transfer Evaluation Using Large Language Models},
  booktitle    = {Proc. of COLING},
  pages        = {15802--15822},
  publisher    = {{ELRA} and {ICCL}},
  year         = {2024},
}

@article{less-word,
  author       = {Wei Xu and
                  Courtney Napoles and
                  Ellie Pavlick and
                  Quanze Chen and
                  Chris Callison{-}Burch},
  title        = {Optimizing Statistical Machine Translation for Text Simplification},
  journal      = {Trans. Assoc. Comput. Linguistics},
  volume       = {4},
  pages        = {401--415},
  year         = {2016},
 }

@inproceedings{cn-sta,
  title={A corpus-based study of character and bigram frequencies in Chinese e-texts and its implications for Chinese language instruction},
  author={Da, Jun},
  booktitle={Proceedings of the fourth international conference on new technologies in teaching and learning Chinese},
  pages={501--511},
  year={2004},
  organization={Citeseer}
}

@inproceedings{child-red,
  author       = {Madalina Chitez and
                  Mihai Dascalu and
                  Aura Cristina Udrea and
                  Cosmin Striletchi and
                  Karla Cs{\"{u}}r{\"{o}}s and
                  Roxana Rogobete and
                  Alexandru Oravitan},
  editor       = {Nicoletta Calzolari and
                  Min{-}Yen Kan and
                  V{\'{e}}ronique Hoste and
                  Alessandro Lenci and
                  Sakriani Sakti and
                  Nianwen Xue},
  title        = {Towards Building the {LEMI} Readability Platform for Children's Literature
                  in the Romanian Language},
  booktitle    = {Proc. of COLING},
  pages        = {16450--16456},
  publisher    = {{ELRA} and {ICCL}},
  year         = {2024},
}

@inproceedings{child-ts,
  author       = {Maria Valentini and
                  Jennifer Weber and
                  Jesus Salcido and
                  T{\'{e}}a Wright and
                  Eliana Colunga and
                  Katharina von der Wense},
  editor       = {Houda Bouamor and
                  Juan Pino and
                  Kalika Bali},
  title        = {On the Automatic Generation and Simplification of Children's Stories},
  booktitle    = {Proc. of EMNLP},
  pages        = {3588--3598},
  publisher    = {Association for Computational Linguistics},
  year         = {2023},
}
@inproceedings{llm-tst-0,
  author       = {Emily Reif and
                  Daphne Ippolito and
                  Ann Yuan and
                  Andy Coenen and
                  Chris Callison{-}Burch and
                  Jason Wei},
  editor       = {Smaranda Muresan and
                  Preslav Nakov and
                  Aline Villavicencio},
  title        = {A Recipe for Arbitrary Text Style Transfer with Large Language Models},
  booktitle    = {Proc. of ACL},
  pages        = {837--848},
  publisher    = {Association for Computational Linguistics},
  year         = {2022},
}

@inproceedings{llm-ts,
  author       = {Tannon Kew and
                  Alison Chi and
                  Laura V{\'{a}}squez{-}Rodr{\'{\i}}guez and
                  Sweta Agrawal and
                  Dennis Aumiller and
                  Fernando Alva{-}Manchego and
                  Matthew Shardlow},
  editor       = {Houda Bouamor and
                  Juan Pino and
                  Kalika Bali},
  title        = {{BLESS:} Benchmarking Large Language Models on Sentence Simplification},
  booktitle    = {Proc. of EMNLP},
  pages        = {13291--13309},
  publisher    = {Association for Computational Linguistics},
  year         = {2023},
}


@article{yl-sen-con,
  title={Hierarchical template transformer for fine-grained sentiment controllable generation},
  author={Yuan, Li and Wang, Jin and Yu, Liang-Chih and Zhang, Xuejie},
  journal={Information Processing \& Management},
  volume={59},
  number={5},
  pages={103048},
  year={2022},
  publisher={Elsevier}
}

@inproceedings{yl-logic,
  title={A Logical Pattern Memory Pre-trained Model for Entailment Tree Generation},
  author={Yuan, Li and Cai, Yi and Ren, Haopeng and Wang, Jiexin},
  booktitle={Proc. of COLING},
  pages={759--772},
  year={2024}
}

@inproceedings{causal-vqg,
  author       = {Jiali Chen and
                  Zhenjun Guo and
                  Jiayuan Xie and
                  Yi Cai and
                  Qing Li},
  editor       = {Abdulmotaleb El{-}Saddik and
                  Tao Mei and
                  Rita Cucchiara and
                  Marco Bertini and
                  Diana Patricia Tobon Vallejo and
                  Pradeep K. Atrey and
                  M. Shamim Hossain},
  title        = {Deconfounded Visual Question Generation with Causal Inference},
  booktitle    = {Proc. of ACM MM},
  pages        = {5132--5142},
  publisher    = {{ACM}},
  year         = {2023}
}

@inproceedings{le-ts-1,
  author       = {Louis Martin and
                  {\'{E}}ric de la Clergerie and
                  Beno{\^{\i}}t Sagot and
                  Antoine Bordes},
  editor       = {Nicoletta Calzolari and
                  Fr{\'{e}}d{\'{e}}ric B{\'{e}}chet and
                  Philippe Blache and
                  Khalid Choukri and
                  Christopher Cieri and
                  Thierry Declerck and
                  Sara Goggi and
                  Hitoshi Isahara and
                  Bente Maegaard and
                  Joseph Mariani and
                  H{\'{e}}l{\`{e}}ne Mazo and
                  Asunci{\'{o}}n Moreno and
                  Jan Odijk and
                  Stelios Piperidis},
  title        = {Controllable Sentence Simplification},
  booktitle    = {Proc. of LREC},
  pages        = {4689--4698},
  publisher    = {European Language Resources Association},
  year         = {2020},
}

@inproceedings{scott,
  author       = {Peifeng Wang and
                  Zhengyang Wang and
                  Zheng Li and
                  Yifan Gao and
                  Bing Yin and
                  Xiang Ren},
  editor       = {Anna Rogers and
                  Jordan L. Boyd{-}Graber and
                  Naoaki Okazaki},
  title        = {{SCOTT:} Self-Consistent Chain-of-Thought Distillation},
  booktitle    = {Proc. of ACL},
  pages        = {5546--5558},
  publisher    = {Association for Computational Linguistics},
  year         = {2023},
}

@inproceedings{edit-ts-2,
  author       = {Jonathan Mallinson and
                  Aliaksei Severyn and
                  Eric Malmi and
                  Guillermo Garrido},
  editor       = {Trevor Cohn and
                  Yulan He and
                  Yang Liu},
  title        = {{FELIX:} Flexible Text Editing Through Tagging and Insertion},
  booktitle    = {Proc. of EMNLP Findings},
  series       = {Findings of {ACL}},
  volume       = {{EMNLP} 2020},
  pages        = {1244--1255},
  publisher    = {Association for Computational Linguistics},
  year         = {2020},
}

@inproceedings{instructscore,
  author       = {Wenda Xu and
                  Danqing Wang and
                  Liangming Pan and
                  Zhenqiao Song and
                  Markus Freitag and
                  William Wang and
                  Lei Li},
  editor       = {Houda Bouamor and
                  Juan Pino and
                  Kalika Bali},
  title        = {{INSTRUCTSCORE:} Towards Explainable Text Generation Evaluation with
                  Automatic Feedback},
  booktitle    = {Proc. of EMNLP},
  pages        = {5967--5994},
  publisher    = {Association for Computational Linguistics},
  year         = {2023},
}

@inproceedings{openke,
  author       = {Xu Han and
                  Shulin Cao and
                  Xin Lv and
                  Yankai Lin and
                  Zhiyuan Liu and
                  Maosong Sun and
                  Juanzi Li},
  editor       = {Eduardo Blanco and
                  Wei Lu},
  title        = {OpenKE: An Open Toolkit for Knowledge Embedding},
  booktitle    = {Proc. of EMNLP},
  pages        = {139--144},
  publisher    = {Association for Computational Linguistics},
  year         = {2018},
}

@article{bfpt,
  title={The big five personality factors and personal values},
  author={Roccas, Sonia and Sagiv, Lilach and Schwartz, Shalom H and Knafo, Ariel},
  journal={Personality and social psychology bulletin},
  volume={28},
  number={6},
  pages={789--801},
  year={2002},
  publisher={Sage Publications Sage CA: Thousand Oaks, CA}
}


@inproceedings{tst-alm,
  author       = {Bakhtiyar Syed and
                  Gaurav Verma and
                  Balaji Vasan Srinivasan and
                  Anandhavelu Natarajan and
                  Vasudeva Varma},
  title        = {Adapting Language Models for Non-Parallel Author-Stylized Rewriting},
  booktitle    = {Proc. of AAAI},
  pages        = {9008--9015},
  publisher    = {{AAAI} Press},
  year         = {2020},
}

@article{tst-cn,
  author       = {Minzhang Xu and
                  Min Peng and
                  Fang Liu},
  title        = {Text style transfer between classical and modern chinese through prompt-based
                  reinforcement learning},
  journal      = {World Wide Web {(WWW)}},
  volume       = {26},
  number       = {2},
  pages        = {733--750},
  year         = {2023},
}
