@inproceedings{child-ts,
  author       = {Maria Valentini and
                  Jennifer Weber and
                  Jesus Salcido and
                  T{\'{e}}a Wright and
                  Eliana Colunga and
                  Katharina von der Wense},
  editor       = {Houda Bouamor and
                  Juan Pino and
                  Kalika Bali},
  title        = {On the Automatic Generation and Simplification of Children's Stories},
  booktitle    = {Proc. of EMNLP},
  pages        = {3588--3598},
  publisher    = {Association for Computational Linguistics},
  year         = {2023},
}

@inproceedings{edit-ts-1,
  author       = {Dhruv Kumar and
                  Lili Mou and
                  Lukasz Golab and
                  Olga Vechtomova},
  editor       = {Dan Jurafsky and
                  Joyce Chai and
                  Natalie Schluter and
                  Joel R. Tetreault},
  title        = {Iterative Edit-Based Unsupervised Sentence Simplification},
  booktitle    = {Proc. of ACL},
  pages        = {7918--7928},
  publisher    = {Association for Computational Linguistics},
  year         = {2020},
}

@inproceedings{edit-ts-2,
  author       = {Jonathan Mallinson and
                  Aliaksei Severyn and
                  Eric Malmi and
                  Guillermo Garrido},
  editor       = {Trevor Cohn and
                  Yulan He and
                  Yang Liu},
  title        = {{FELIX:} Flexible Text Editing Through Tagging and Insertion},
  booktitle    = {Proc. of EMNLP Findings},
  series       = {Findings of {ACL}},
  volume       = {{EMNLP} 2020},
  pages        = {1244--1255},
  publisher    = {Association for Computational Linguistics},
  year         = {2020},
}

@inproceedings{p-r,
  author       = {Mirac Suzgun and
                  Luke Melas{-}Kyriazi and
                  Dan Jurafsky},
  editor       = {Yoav Goldberg and
                  Zornitsa Kozareva and
                  Yue Zhang},
  title        = {Prompt-and-Rerank: {A} Method for Zero-Shot and Few-Shot Arbitrary
                  Textual Style Transfer with Small Language Models},
  booktitle    = {Proc. of EMNLP},
  pages        = {2195--2222},
  publisher    = {Association for Computational Linguistics},
  year         = {2022},
}

@inproceedings{storytrans,
  author       = {Xuekai Zhu and
                  Jian Guan and
                  Minlie Huang and
                  Juan Liu},
  editor       = {Anna Rogers and
                  Jordan L. Boyd{-}Graber and
                  Naoaki Okazaki},
  title        = {StoryTrans: Non-Parallel Story Author-Style Transfer with Discourse
                  Representations and Content Enhancing},
  booktitle    = {Proc. of ACL},
  pages        = {14803--14819},
  publisher    = {Association for Computational Linguistics},
  year         = {2023},
}

@article{ts-lsbert,
  author       = {Jipeng Qiang and
                  Yun Li and
                  Yi Zhu and
                  Yunhao Yuan and
                  Xindong Wu},
  title        = {LSBert: {A} Simple Framework for Lexical Simplification},
  journal      = {CoRR},
  volume       = {abs/2006.14939},
  year         = {2020},
}

@inproceedings{tst-ft-1,
  author       = {Daryna Dementieva and
                  Daniil Moskovskiy and
                  David Dale and
                  Alexander Panchenko},
  editor       = {Jong C. Park and
                  Yuki Arase and
                  Baotian Hu and
                  Wei Lu and
                  Derry Wijaya and
                  Ayu Purwarianti and
                  Adila Alfa Krisnadhi},
  title        = {Exploring Methods for Cross-lingual Text Style Transfer: The Case
                  of Text Detoxification},
  booktitle    = {Proc. of IJCNLP},
  pages        = {1083--1101},
  publisher    = {Association for Computational Linguistics},
  year         = {2023},
}

@inproceedings{tst-ft-2,
  author       = {Sourabrata Mukherjee and
                  Atul Kr. Ojha and
                  Ondrej Dusek},
  editor       = {Saad Mahamood and
                  Minh Le Nguyen and
                  Daphne Ippolito},
  title        = {Are Large Language Models Actually Good at Text Style Transfer?},
  booktitle    = {Proc. of INLG},
  pages        = {523--539},
  publisher    = {Association for Computational Linguistics},
  year         = {2024},
}

@inproceedings{tst-icl-1,
  author       = {Huiyu Mai and
                  Wenhao Jiang and
                  Zhi{-}Hong Deng},
  editor       = {Houda Bouamor and
                  Juan Pino and
                  Kalika Bali},
  title        = {Prefix-Tuning Based Unsupervised Text Style Transfer},
  booktitle    = {Proc. of EMNLP Findings},
  pages        = {14847--14856},
  publisher    = {Association for Computational Linguistics},
  year         = {2023},
}

@article{tst-icl-3,
  author       = {Jianlin Chen},
  title        = {LMStyle Benchmark: Evaluating Text Style Transfer for Chatbots},
  journal      = {CoRR},
  volume       = {abs/2403.08943},
  year         = {2024},
}

@inproceedings{tst-pd-2,
  author       = {Qingyi Liu and
                  Jinghui Qin and
                  Wenxuan Ye and
                  Hao Mou and
                  Yuxuan He and
                  Keze Wang},
  editor       = {Michael J. Wooldridge and
                  Jennifer G. Dy and
                  Sriraam Natarajan},
  title        = {Adaptive Prompt Routing for Arbitrary Text Style Transfer with Pre-trained Language Models},
  booktitle    = {Proc. of AAAI},
  pages        = {18689--18697},
  publisher    = {{AAAI} Press},
  year         = {2024},
}

@article{tst-sc2,
  author       = {Jie Zhao and
                  Ziyu Guan and
                  Cai Xu and
                  Wei Zhao and
                  Yue Jiang},
  title        = {{SC2:} Towards Enhancing Content Preservation and Style Consistency
                  in Long Text Style Transfer},
  journal      = {CoRR},
  volume       = {abs/2406.04578},
  year         = {2024},
}

@article{yl-sen-con,
  title={Hierarchical template transformer for fine-grained sentiment controllable generation},
  author={Yuan, Li and Wang, Jin and Yu, Liang-Chih and Zhang, Xuejie},
  journal={Information Processing \& Management},
  volume={59},
  number={5},
  pages={103048},
  year={2022},
  publisher={Elsevier}
}

