@inproceedings{bau2017broden,
  author={Bau, David and Zhou, Bolei and Khosla, Aditya and Oliva, Aude and Torralba, Antonio},
  booktitle={2017 IEEE Conference on Computer Vision and Pattern Recognition (CVPR)}, 
  title={Network Dissection: Quantifying Interpretability of Deep Visual Representations}, 
  year={2017},
  volume={},
  number={},
  pages={3319-3327},
  keywords={Visualization;Training;Detectors;Image color analysis;Semantics;Image segmentation},
  doi={10.1109/CVPR.2017.354}
}

@article{bricken2023monosemanticity,
    title={Towards Monosemanticity: Decomposing Language Models With Dictionary Learning},
    author={Bricken, Trenton and Templeton, Adly and Batson, Joshua and Chen, Brian and Jermyn, Adam and Conerly, Tom and Turner, Nick and Anil, Cem and Denison, Carson and Askell, Amanda and Lasenby, Robert and Wu, Yifan and Kravec, Shauna and Schiefer, Nicholas and Maxwell, Tim and Joseph, Nicholas and Hatfield-Dodds, Zac and Tamkin, Alex and Nguyen, Karina and McLean, Brayden and Burke, Josiah E and Hume, Tristan and Carter, Shan and Henighan, Tom and Olah, Christopher},
    year={2023},
    journal={Transformer Circuits Thread},
    note={https://transformer-circuits.pub/2023/monosemantic-features/index.html}
}

@article{chen2019looks,
  title={This looks like that: deep learning for interpretable image recognition},
  author={Chen, Chaofan and Li, Oscar and Tao, Daniel and Barnett, Alina and Rudin, Cynthia and Su, Jonathan K},
  journal={Advances in neural information processing systems},
  volume={32},
  year={2019}
}

@article{chowdhury2025prompt,
  title={Prompt-CAM: A Simpler Interpretable Transformer for Fine-Grained Analysis},
  author={Chowdhury, Arpita and Paul, Dipanjyoti and Mai, Zheda and Gu, Jianyang and Zhang, Ziheng and Mehrab, Kazi Sajeed and Campolongo, Elizabeth G and Rubenstein, Daniel and Stewart, Charles V and Karpatne, Anuj and others},
  journal={arXiv preprint arXiv:2501.09333},
  year={2025}
}

@InProceedings{donnelly2022deformable,
    author    = {Donnelly, Jon and Barnett, Alina Jade and Chen, Chaofan},
    title     = {Deformable ProtoPNet: An Interpretable Image Classifier Using Deformable Prototypes},
    booktitle = {Proceedings of the IEEE/CVF Conference on Computer Vision and Pattern Recognition (CVPR)},
    month     = {June},
    year      = {2022},
    pages     = {10265-10275}
}

@article{elsayed2018adversarial,
  title={Adversarial reprogramming of neural networks},
  author={Elsayed, Gamaleldin F and Goodfellow, Ian and Sohl-Dickstein, Jascha},
  journal={arXiv preprint arXiv:1806.11146},
  year={2018}
}

@article{gao2024scaling,
  title={Scaling and evaluating sparse autoencoders},
  author={Gao, Leo and la Tour, Tom Dupr{\'e} and Tillman, Henk and Goh, Gabriel and Troll, Rajan and Radford, Alec and Sutskever, Ilya and Leike, Jan and Wu, Jeffrey},
  journal={arXiv preprint arXiv:2406.04093},
  year={2024}
}

@article{ghiasi2022vision,
  title={What do vision transformers learn? a visual exploration},
  author={Ghiasi, Amin and Kazemi, Hamid and Borgnia, Eitan and Reich, Steven and Shu, Manli and Goldblum, Micah and Wilson, Andrew Gordon and Goldstein, Tom},
  journal={arXiv preprint arXiv:2212.06727},
  year={2022}
}

@article{goodfellow2014explaining,
  title={Explaining and harnessing adversarial examples},
  author={Goodfellow, Ian J and Shlens, Jonathon and Szegedy, Christian},
  journal={arXiv preprint arXiv:1412.6572},
  year={2014}
}

@InProceedings{goyal2019counterfactual,
  title = 	 {Counterfactual Visual Explanations},
  author =       {Goyal, Yash and Wu, Ziyan and Ernst, Jan and Batra, Dhruv and Parikh, Devi and Lee, Stefan},
  booktitle = 	 {Proceedings of the 36th International Conference on Machine Learning},
  pages = 	 {2376--2384},
  year = 	 {2019},
  editor = 	 {Chaudhuri, Kamalika and Salakhutdinov, Ruslan},
  volume = 	 {97},
  series = 	 {Proceedings of Machine Learning Research},
  month = 	 {09--15 Jun},
  publisher =    {PMLR},
  pdf = 	 {http://proceedings.mlr.press/v97/goyal19a/goyal19a.pdf},
  url = 	 {https://proceedings.mlr.press/v97/goyal19a.html},
}

@inproceedings{hernandez2022natural,
    title={Natural Language Descriptions of Deep Visual Features},
    author={Hernandez, Evan and Schwettmann, Sarah and Bau, David and Bagashvili, Teona and Torralba, Antonio and Andreas, Jacob},
    booktitle={International Conference on Learning Representations},
    year={2022},
    url={https://arxiv.org/abs/2201.11114}
}

@inproceedings{kim2018tcav,
  title={Interpretability beyond feature attribution: Quantitative testing with concept activation vectors (tcav)},
  author={Kim, Been and Wattenberg, Martin and Gilmer, Justin and Cai, Carrie and Wexler, James and Viegas, Fernanda and others},
  booktitle={International conference on machine learning},
  pages={2668--2677},
  year={2018},
  organization={PMLR}
}

@InProceedings{koh2020concept,
  title = 	 {Concept Bottleneck Models},
  author =       {Koh, Pang Wei and Nguyen, Thao and Tang, Yew Siang and Mussmann, Stephen and Pierson, Emma and Kim, Been and Liang, Percy},
  booktitle = 	 {Proceedings of the 37th International Conference on Machine Learning},
  pages = 	 {5338--5348},
  year = 	 {2020},
  editor = 	 {III, Hal Daumé and Singh, Aarti},
  volume = 	 {119},
  series = 	 {Proceedings of Machine Learning Research},
  month = 	 {13--18 Jul},
  publisher =    {PMLR},
  pdf = 	 {http://proceedings.mlr.press/v119/koh20a/koh20a.pdf},
  url = 	 {https://proceedings.mlr.press/v119/koh20a.html},
}

@article{lim2024sparse,
  title={Sparse autoencoders reveal selective remapping of visual concepts during adaptation},
  author={Lim, Hyesu and Choi, Jinho and Choo, Jaegul and Schneider, Steffen},
  journal={arXiv preprint arXiv:2412.05276},
  year={2024}
}

@article{makhzani2013k,
  title={K-sparse autoencoders},
  author={Makhzani, Alireza and Frey, Brendan},
  journal={arXiv preprint arXiv:1312.5663},
  year={2013}
}

@article{makhzani2015winner,
  title={Winner-take-all autoencoders},
  author={Makhzani, Alireza and Frey, Brendan J},
  journal={Advances in neural information processing systems},
  volume={28},
  year={2015}
}

@article{meng2022rome,
  title={Locating and editing factual associations in GPT},
  author={Meng, Kevin and Bau, David and Andonian, Alex and Belinkov, Yonatan},
  journal={Advances in Neural Information Processing Systems},
  volume={35},
  pages={17359--17372},
  year={2022}
}

@inproceedings{meng2023memit,
    title={Mass-Editing Memory in a Transformer},
    author={Kevin Meng and Arnab Sen Sharma and Alex J Andonian and Yonatan Belinkov and David Bau},
    booktitle={The Eleventh International Conference on Learning Representations },
    year={2023},
    url={https://openreview.net/forum?id=MkbcAHIYgyS}
}

@article{mikolov2013word2vec,
  title={Distributed representations of words and phrases and their compositionality},
  author={Mikolov, Tomas and Sutskever, Ilya and Chen, Kai and Corrado, Greg S and Dean, Jeff},
  journal={Advances in neural information processing systems},
  volume={26},
  year={2013}
}

@inproceedings{moosavi2016deepfool,
  title={Deepfool: a simple and accurate method to fool deep neural networks},
  author={Moosavi-Dezfooli, Seyed-Mohsen and Fawzi, Alhussein and Frossard, Pascal},
  booktitle={Proceedings of the IEEE conference on computer vision and pattern recognition},
  pages={2574--2582},
  year={2016}
}

@inproceedings{moosavi2017universal,
  title={Universal adversarial perturbations},
  author={Moosavi-Dezfooli, Seyed-Mohsen and Fawzi, Alhussein and Fawzi, Omar and Frossard, Pascal},
  booktitle={Proceedings of the IEEE conference on computer vision and pattern recognition},
  pages={1765--1773},
  year={2017}
}

@article{mordvintsev2015inceptionism,
  title={Inceptionism: Going deeper into neural networks},
  author={Mordvintsev, Alexander and Olah, Christopher and Tyka, Mike},
  journal={Google research blog},
  volume={20},
  number={14},
  pages={5},
  year={2015}
}

@inbook{nauta2021looks,
   title={This Looks Like That, Because ... Explaining Prototypes for Interpretable Image Recognition},
   ISBN={9783030937362},
   ISSN={1865-0937},
   url={http://dx.doi.org/10.1007/978-3-030-93736-2_34},
   DOI={10.1007/978-3-030-93736-2_34},
   booktitle={Machine Learning and Principles and Practice of Knowledge Discovery in Databases},
   publisher={Springer International Publishing},
   author={Nauta, Meike and Jutte, Annemarie and Provoost, Jesper and Seifert, Christin},
   year={2021},
   pages={441–456}
}

@article{olah2017feature,
  author = {Olah, Chris and Mordvintsev, Alexander and Schubert, Ludwig},
  title = {Feature Visualization},
  journal = {Distill},
  year = {2017},
  note = {https://distill.pub/2017/feature-visualization},
  doi = {10.23915/distill.00007}
}

@inproceedings{paul2024simple,
  title={A simple interpretable transformer for fine-grained image classification and analysis},
  author={Paul, Dipanjyoti and Chowdhury, Arpita and Xiong, Xinqi and Chang, Feng-Ju and Carlyn, David and Stevens, Samuel and Provost, Kaiya L and Karpatne, Anuj and Carstens, Bryan and Rubenstein, Daniel and others},
  booktitle={International Conference on Learning Representations},
  year={2024}
}

@inproceedings{pennington2014glove,
  title={Glove: Global vectors for word representation},
  author={Pennington, Jeffrey and Socher, Richard and Manning, Christopher D},
  booktitle={Proceedings of the 2014 conference on empirical methods in natural language processing (EMNLP)},
  pages={1532--1543},
  year={2014}
}

@article{schrodi2024concept,
  title={Concept Bottleneck Models Without Predefined Concepts},
  author={Schrodi, Simon and Schur, Julian and Argus, Max and Brox, Thomas},
  journal={arXiv preprint arXiv:2407.03921},
  year={2024}
}

@article{simonyan2013deep,
  title={Deep inside convolutional networks: Visualising image classification models and saliency maps},
  author={Simonyan, Karen},
  journal={arXiv preprint arXiv:1312.6034},
  year={2013}
}

@inproceedings{subramanian2018spine,
  title={Spine: Sparse interpretable neural embeddings},
  author={Subramanian, Anant and Pruthi, Danish and Jhamtani, Harsh and Berg-Kirkpatrick, Taylor and Hovy, Eduard},
  booktitle={Proceedings of the AAAI conference on artificial intelligence},
  volume={32},
  year={2018}
}

@article{szegedy2013intriguing,
  title={Intriguing properties of neural networks},
  author={Szegedy, C},
  journal={arXiv preprint arXiv:1312.6199},
  year={2013}
}

@inproceedings{tan2024explain,
  title={Explain via any concept: Concept bottleneck model with open vocabulary concepts},
  author={Tan, Andong and Zhou, Fengtao and Chen, Hao},
  booktitle={European Conference on Computer Vision},
  pages={123--138},
  year={2024},
  organization={Springer}
}

@article{templeton2024scaling,
    title={Scaling Monosemanticity: Extracting Interpretable Features from Claude 3 Sonnet},
    author={Templeton, Adly and Conerly, Tom and Marcus, Jonathan and Lindsey, Jack and Bricken, Trenton and Chen, Brian and Pearce, Adam and Citro, Craig and Ameisen, Emmanuel and Jones, Andy and Cunningham, Hoagy and Turner, Nicholas L and McDougall, Callum and MacDiarmid, Monte and Freeman, C. Daniel and Sumers, Theodore R. and Rees, Edward and Batson, Joshua and Jermyn, Adam and Carter, Shan and Olah, Chris and Henighan, Tom},
    year={2024},
    journal={Transformer Circuits Thread},
    url={https://transformer-circuits.pub/2024/scaling-monosemanticity/index.html}
}

@misc{thasarathan2025universal,
  title={Universal Sparse Autoencoders: Interpretable Cross-Model Concept Alignment}, 
  author={Harrish Thasarathan and Julian Forsyth and Thomas Fel and Matthew Kowal and Konstantinos Derpanis},
  year={2025},
  eprint={2502.03714},
  archivePrefix={arXiv},
  primaryClass={cs.CV},
  url={https://arxiv.org/abs/2502.03714}, 
}

@article{willard2024looks,
  title={This looks better than that: Better interpretable models with protopnext},
  author={Willard, Frank and Moffett, Luke and Mokel, Emmanuel and Donnelly, Jon and Guo, Stark and Yang, Julia and Kim, Giyoung and Barnett, Alina Jade and Rudin, Cynthia},
  journal={arXiv preprint arXiv:2406.14675},
  year={2024}
}

@inproceedings{yuksekgonul2023posthoc,
title={Post-hoc Concept Bottleneck Models},
author={Mert Yuksekgonul and Maggie Wang and James Zou},
booktitle={The Eleventh International Conference on Learning Representations },
year={2023},
url={https://openreview.net/forum?id=nA5AZ8CEyow}
}

@article{yun2021transformer,
  title={Transformer visualization via dictionary learning: contextualized embedding as a linear superposition of transformer factors},
  author={Yun, Zeyu and Chen, Yubei and Olshausen, Bruno A and LeCun, Yann},
  journal={arXiv preprint arXiv:2103.15949},
  year={2021}
}

@inproceedings{zeiler2014visualizing,
  title={Visualizing and Understanding Convolutional Networks},
  author={Zeiler, MD},
  booktitle={European conference on computer vision/arXiv},
  volume={1311},
  year={2014}
}

@article{zhang2019word,
  title={Word embedding visualization via dictionary learning},
  author={Zhang, Juexiao and Chen, Yubei and Cheung, Brian and Olshausen, Bruno A},
  journal={arXiv preprint arXiv:1910.03833},
  year={2019}
}

@article{zhou2018interpreting,
  title={Interpreting deep visual representations via network dissection},
  author={Zhou, Bolei and Bau, David and Oliva, Aude and Torralba, Antonio},
  journal={IEEE transactions on pattern analysis and machine intelligence},
  volume={41},
  number={9},
  pages={2131--2145},
  year={2018},
  publisher={IEEE}
}

