@article{chalkidis2021lexglue,
  title={LexGLUE: A benchmark dataset for legal language understanding in English},
  author={Chalkidis, Ilias and Jana, Abhik and Hartung, Dirk and Bommarito, Michael and Androutsopoulos, Ion and Katz, Daniel Martin and Aletras, Nikolaos},
  journal={arXiv preprint arXiv:2110.00976},
  year={2021}
}

@misc{dahl2024large,
      title={Large Legal Fictions: Profiling Legal Hallucinations in Large Language Models}, 
      author={Matthew Dahl and Varun Magesh and Mirac Suzgun and Daniel E. Ho},
      year={2024},
      eprint={2401.01301},
      archivePrefix={arXiv},
      primaryClass={cs.CL}
}

@article{fei2023lawbench,
  title={Lawbench: Benchmarking legal knowledge of large language models},
  author={Fei, Zhiwei and Shen, Xiaoyu and Zhu, Dawei and Zhou, Fengzhe and Han, Zhuo and Zhang, Songyang and Chen, Kai and Shen, Zongwen and Ge, Jidong},
  journal={arXiv preprint arXiv:2309.16289},
  year={2023}
}

@misc{golovneva2023roscoesuitemetricsscoring,
      title={ROSCOE: A Suite of Metrics for Scoring Step-by-Step Reasoning}, 
      author={Olga Golovneva and Moya Chen and Spencer Poff and Martin Corredor and Luke Zettlemoyer and Maryam Fazel-Zarandi and Asli Celikyilmaz},
      year={2023},
      eprint={2212.07919},
      archivePrefix={arXiv},
      primaryClass={cs.CL},
      url={https://arxiv.org/abs/2212.07919}, 
}

@misc{guha2023legalbench,
      title={LegalBench: A Collaboratively Built Benchmark for Measuring Legal Reasoning in Large Language Models}, 
      author={Neel Guha and Julian Nyarko and Daniel E. Ho and Christopher Ré and Adam Chilton and Aditya Narayana and Alex Chohlas-Wood and Austin Peters and Brandon Waldon and Daniel N. Rockmore and Diego Zambrano and Dmitry Talisman and Enam Hoque and Faiz Surani and Frank Fagan and Galit Sarfaty and Gregory M. Dickinson and Haggai Porat and Jason Hegland and Jessica Wu and Joe Nudell and Joel Niklaus and John Nay and Jonathan H. Choi and Kevin Tobia and Margaret Hagan and Megan Ma and Michael Livermore and Nikon Rasumov-Rahe and Nils Holzenberger and Noam Kolt and Peter Henderson and Sean Rehaag and Sharad Goel and Shang Gao and Spencer Williams and Sunny Gandhi and Tom Zur and Varun Iyer and Zehua Li},
      year={2023},
      eprint={2308.11462},
      archivePrefix={arXiv},
      primaryClass={cs.CL}
}

@misc{hao2024llmreasonersnewevaluation,
      title={LLM Reasoners: New Evaluation, Library, and Analysis of Step-by-Step Reasoning with Large Language Models}, 
      author={Shibo Hao and Yi Gu and Haotian Luo and Tianyang Liu and Xiyan Shao and Xinyuan Wang and Shuhua Xie and Haodi Ma and Adithya Samavedhi and Qiyue Gao and Zhen Wang and Zhiting Hu},
      year={2024},
      eprint={2404.05221},
      archivePrefix={arXiv},
      primaryClass={cs.CL},
      url={https://arxiv.org/abs/2404.05221}, 
}

@misc{he2024socrevallargelanguagemodels,
      title={SocREval: Large Language Models with the Socratic Method for Reference-Free Reasoning Evaluation}, 
      author={Hangfeng He and Hongming Zhang and Dan Roth},
      year={2024},
      eprint={2310.00074},
      archivePrefix={arXiv},
      primaryClass={cs.CL},
      url={https://arxiv.org/abs/2310.00074}, 
}

@article{kang2024bridging,
  title={Bridging Law and Data: Augmenting Reasoning via a Semi-Structured Dataset with IRAC methodology},
  author={Kang, Xiaoxi and Qu, Lizhen and Soon, Lay-Ki and Li, Zhuang and Trakic, Adnan},
  journal={arXiv preprint arXiv:2406.13217},
  year={2024}
}

@misc{li2023making,
      title={Making Large Language Models Better Reasoners with Step-Aware Verifier}, 
      author={Yifei Li and Zeqi Lin and Shizhuo Zhang and Qiang Fu and Bei Chen and Jian-Guang Lou and Weizhu Chen},
      year={2023},
      eprint={2206.02336},
      archivePrefix={arXiv},
      primaryClass={cs.CL}
}

@misc{ling2023deductiveverificationchainofthoughtreasoning,
      title={Deductive Verification of Chain-of-Thought Reasoning}, 
      author={Zhan Ling and Yunhao Fang and Xuanlin Li and Zhiao Huang and Mingu Lee and Roland Memisevic and Hao Su},
      year={2023},
      eprint={2306.03872},
      archivePrefix={arXiv},
      primaryClass={cs.CL},
      url={https://arxiv.org/abs/2306.03872}, 
}

@article{patel2024multi,
  title={Multi-logieval: Towards evaluating multi-step logical reasoning ability of large language models},
  author={Patel, Nisarg and Kulkarni, Mohith and Parmar, Mihir and Budhiraja, Aashna and Nakamura, Mutsumi and Varshney, Neeraj and Baral, Chitta},
  journal={arXiv preprint arXiv:2406.17169},
  year={2024}
}

@misc{prasad2023recevalevaluatingreasoningchains,
      title={ReCEval: Evaluating Reasoning Chains via Correctness and Informativeness}, 
      author={Archiki Prasad and Swarnadeep Saha and Xiang Zhou and Mohit Bansal},
      year={2023},
      eprint={2304.10703},
      archivePrefix={arXiv},
      primaryClass={cs.CL},
      url={https://arxiv.org/abs/2304.10703}, 
}

@misc{tyagi2024stepbystepreasoningsolvegrid,
      title={Step-by-Step Reasoning to Solve Grid Puzzles: Where do LLMs Falter?}, 
      author={Nemika Tyagi and Mihir Parmar and Mohith Kulkarni and Aswin RRV and Nisarg Patel and Mutsumi Nakamura and Arindam Mitra and Chitta Baral},
      year={2024},
      eprint={2407.14790},
      archivePrefix={arXiv},
      primaryClass={cs.CL},
      url={https://arxiv.org/abs/2407.14790}, 
}

@misc{tyen2024llmsreasoningerrorscorrect,
      title={LLMs cannot find reasoning errors, but can correct them given the error location}, 
      author={Gladys Tyen and Hassan Mansoor and Victor Cărbune and Peter Chen and Tony Mak},
      year={2024},
      eprint={2311.08516},
      archivePrefix={arXiv},
      primaryClass={cs.AI},
      url={https://arxiv.org/abs/2311.08516}, 
}

@misc{xu2024verifystepstepincorrect,
      title={Can We Verify Step by Step for Incorrect Answer Detection?}, 
      author={Xin Xu and Shizhe Diao and Can Yang and Yang Wang},
      year={2024},
      eprint={2402.10528},
      archivePrefix={arXiv},
      primaryClass={cs.CL},
      url={https://arxiv.org/abs/2402.10528}, 
}

