% Use this file for citations not found in the ACL Anthology (contained in "anthology.bib").
@misc{huang2023reasoning,
      title={Towards Reasoning in Large Language Models: A Survey}, 
      author={Jie Huang and Kevin Chen-Chuan Chang},
      year={2023},
      eprint={2212.10403},
      archivePrefix={arXiv},
      primaryClass={cs.CL}
}

@misc{qiao2023reasoning,
      title={Reasoning with Language Model Prompting: A Survey}, 
      author={Shuofei Qiao and Yixin Ou and Ningyu Zhang and Xiang Chen and Yunzhi Yao and Shumin Deng and Chuanqi Tan and Fei Huang and Huajun Chen},
      year={2023},
      eprint={2212.09597},
      archivePrefix={arXiv},
      primaryClass={cs.CL}
}

@misc{yu2020reclor,
      title={ReClor: A Reading Comprehension Dataset Requiring Logical Reasoning}, 
      author={Weihao Yu and Zihang Jiang and Yanfei Dong and Jiashi Feng},
      year={2020},
      eprint={2002.04326},
      archivePrefix={arXiv},
      primaryClass={cs.CL}
}

@misc{han2024folio,
      title={FOLIO: Natural Language Reasoning with First-Order Logic}, 
      author={Simeng Han and Hailey Schoelkopf and Yilun Zhao and Zhenting Qi and Martin Riddell and Wenfei Zhou and James Coady and David Peng and Yujie Qiao and Luke Benson and Lucy Sun and Alex Wardle-Solano and Hannah Szabo and Ekaterina Zubova and Matthew Burtell and Jonathan Fan and Yixin Liu and Brian Wong and Malcolm Sailor and Ansong Ni and Linyong Nan and Jungo Kasai and Tao Yu and Rui Zhang and Alexander R. Fabbri and Wojciech Kryscinski and Semih Yavuz and Ye Liu and Xi Victoria Lin and Shafiq Joty and Yingbo Zhou and Caiming Xiong and Rex Ying and Arman Cohan and Dragomir Radev},
      year={2024},
      eprint={2209.00840},
      archivePrefix={arXiv},
      primaryClass={cs.CL}
}

@misc{parmar2024systematic,
      title={Towards Systematic Evaluation of Logical Reasoning Ability of Large Language Models}, 
      author={Mihir Parmar and Nisarg Patel and Neeraj Varshney and Mutsumi Nakamura and Man Luo and Santosh Mashetty and Arindam Mitra and Chitta Baral},
      year={2024},
      eprint={2404.15522},
      archivePrefix={arXiv},
      primaryClass={cs.CL}
}

@misc{wei2022chainofthought,
    title={Chain-of-Thought Prompting Elicits Reasoning in Large Language Models},
    author={Jason Wei and Xuezhi Wang and Dale Schuurmans and Maarten Bosma and Brian Ichter and Fei Xia and Ed Chi and Quoc Le and Denny Zhou},
    year={2022},
    eprint={2201.11903},
    archivePrefix={arXiv},
    primaryClass={cs.CL}
}

@article{mondorf2024beyond,
  title={Beyond Accuracy: Evaluating the Reasoning Behavior of Large Language Models--A Survey},
  author={Mondorf, Philipp and Plank, Barbara},
  journal={arXiv preprint arXiv:2404.01869},
  year={2024}
}

@article{zelikman2022star,
  title={Star: Bootstrapping reasoning with reasoning},
  author={Zelikman, Eric and Wu, Yuhuai and Mu, Jesse and Goodman, Noah},
  journal={Advances in Neural Information Processing Systems},
  volume={35},
  pages={15476--15488},
  year={2022}
}

@article{zelikman2024quiet,
  title={Quiet-star: Language models can teach themselves to think before speaking},
  author={Zelikman, Eric and Harik, Georges and Shao, Yijia and Jayasiri, Varuna and Haber, Nick and Goodman, Noah D},
  journal={arXiv preprint arXiv:2403.09629},
  year={2024}
}
@article{hao2023reasoning,
  title={Reasoning with language model is planning with world model},
  author={Hao, Shibo and Gu, Yi and Ma, Haodi and Hong, Joshua Jiahua and Wang, Zhen and Wang, Daisy Zhe and Hu, Zhiting},
  journal={arXiv preprint arXiv:2305.14992},
  year={2023}
}

@misc{wang2023selfconsistency,
      title={Self-Consistency Improves Chain of Thought Reasoning in Language Models}, 
      author={Xuezhi Wang and Jason Wei and Dale Schuurmans and Quoc Le and Ed Chi and Sharan Narang and Aakanksha Chowdhery and Denny Zhou},
      year={2023},
      eprint={2203.11171},
      archivePrefix={arXiv},
      primaryClass={cs.CL}
}

@misc{wang2022iteratively,
      title={Iteratively Prompt Pre-trained Language Models for Chain of Thought}, 
      author={Boshi Wang and Xiang Deng and Huan Sun},
      year={2022},
      eprint={2203.08383},
      archivePrefix={arXiv},
      primaryClass={cs.CL}
}

@misc{liu2023improving,
      title={Improving Large Language Model Fine-tuning for Solving Math Problems}, 
      author={Yixin Liu and Avi Singh and C. Daniel Freeman and John D. Co-Reyes and Peter J. Liu},
      year={2023},
      eprint={2310.10047},
      archivePrefix={arXiv},
      primaryClass={cs.CL}
}
@misc{havrilla2024teaching,
      title={Teaching Large Language Models to Reason with Reinforcement Learning}, 
      author={Alex Havrilla and Yuqing Du and Sharath Chandra Raparthy and Christoforos Nalmpantis and Jane Dwivedi-Yu and Maksym Zhuravinskyi and Eric Hambro and Sainbayar Sukhbaatar and Roberta Raileanu},
      year={2024},
      eprint={2403.04642},
      archivePrefix={arXiv},
      primaryClass={cs.LG}
}

@misc{li2023making,
      title={Making Large Language Models Better Reasoners with Step-Aware Verifier}, 
      author={Yifei Li and Zeqi Lin and Shizhuo Zhang and Qiang Fu and Bei Chen and Jian-Guang Lou and Weizhu Chen},
      year={2023},
      eprint={2206.02336},
      archivePrefix={arXiv},
      primaryClass={cs.CL}
}

@misc{yu2022retrieval,
      title={Retrieval Augmentation for Commonsense Reasoning: A Unified Approach}, 
      author={Wenhao Yu and Chenguang Zhu and Zhihan Zhang and Shuohang Wang and Zhuosheng Zhang and Yuwei Fang and Meng Jiang},
      year={2022},
      eprint={2210.12887},
      archivePrefix={arXiv},
      primaryClass={cs.CL}
}
@misc{chen2023program,
      title={Program of Thoughts Prompting: Disentangling Computation from Reasoning for Numerical Reasoning Tasks}, 
      author={Wenhu Chen and Xueguang Ma and Xinyi Wang and William W. Cohen},
      year={2023},
      eprint={2211.12588},
      archivePrefix={arXiv},
      primaryClass={cs.CL}
}
@misc{gao2023pal,
      title={PAL: Program-aided Language Models}, 
      author={Luyu Gao and Aman Madaan and Shuyan Zhou and Uri Alon and Pengfei Liu and Yiming Yang and Jamie Callan and Graham Neubig},
      year={2023},
      eprint={2211.10435},
      archivePrefix={arXiv},
      primaryClass={cs.CL}
}

@misc{dahl2024large,
      title={Large Legal Fictions: Profiling Legal Hallucinations in Large Language Models}, 
      author={Matthew Dahl and Varun Magesh and Mirac Suzgun and Daniel E. Ho},
      year={2024},
      eprint={2401.01301},
      archivePrefix={arXiv},
      primaryClass={cs.CL}
}

@article{lai2023large,
  title={Large language models in law: A survey},
  author={Lai, Jinqi and Gan, Wensheng and Wu, Jiayang and Qi, Zhenlian and Yu, Philip S},
  journal={arXiv preprint arXiv:2312.03718},
  year={2023}
}

@misc{guha2023legalbench,
      title={LegalBench: A Collaboratively Built Benchmark for Measuring Legal Reasoning in Large Language Models}, 
      author={Neel Guha and Julian Nyarko and Daniel E. Ho and Christopher RÃ© and Adam Chilton and Aditya Narayana and Alex Chohlas-Wood and Austin Peters and Brandon Waldon and Daniel N. Rockmore and Diego Zambrano and Dmitry Talisman and Enam Hoque and Faiz Surani and Frank Fagan and Galit Sarfaty and Gregory M. Dickinson and Haggai Porat and Jason Hegland and Jessica Wu and Joe Nudell and Joel Niklaus and John Nay and Jonathan H. Choi and Kevin Tobia and Margaret Hagan and Megan Ma and Michael Livermore and Nikon Rasumov-Rahe and Nils Holzenberger and Noam Kolt and Peter Henderson and Sean Rehaag and Sharad Goel and Shang Gao and Spencer Williams and Sunny Gandhi and Tom Zur and Varun Iyer and Zehua Li},
      year={2023},
      eprint={2308.11462},
      archivePrefix={arXiv},
      primaryClass={cs.CL}
}

@article{fei2023lawbench,
  title={Lawbench: Benchmarking legal knowledge of large language models},
  author={Fei, Zhiwei and Shen, Xiaoyu and Zhu, Dawei and Zhou, Fengzhe and Han, Zhuo and Zhang, Songyang and Chen, Kai and Shen, Zongwen and Ge, Jidong},
  journal={arXiv preprint arXiv:2309.16289},
  year={2023}
}

@article{kang2024bridging,
  title={Bridging Law and Data: Augmenting Reasoning via a Semi-Structured Dataset with IRAC methodology},
  author={Kang, Xiaoxi and Qu, Lizhen and Soon, Lay-Ki and Li, Zhuang and Trakic, Adnan},
  journal={arXiv preprint arXiv:2406.13217},
  year={2024}
}

@article{kang2023can,
  title={Can ChatGPT Perform Reasoning Using the IRAC Method in Analyzing Legal Scenarios Like a Lawyer?},
  author={Kang, Xiaoxi and Qu, Lizhen and Soon, Lay-Ki and Trakic, Adnan and Zhuo, Terry Yue and Emerton, Patrick Charles and Grant, Genevieve},
  journal={arXiv preprint arXiv:2310.14880},
  year={2023}
}

@article{chalkidis2021lexglue,
  title={LexGLUE: A benchmark dataset for legal language understanding in English},
  author={Chalkidis, Ilias and Jana, Abhik and Hartung, Dirk and Bommarito, Michael and Androutsopoulos, Ion and Katz, Daniel Martin and Aletras, Nikolaos},
  journal={arXiv preprint arXiv:2110.00976},
  year={2021}
}

@misc{nguyen2023enhancing,
      title={Enhancing Logical Reasoning in Large Language Models to Facilitate Legal Applications}, 
      author={Ha-Thanh Nguyen and Wachara Fungwacharakorn and Ken Satoh},
      year={2023},
      eprint={2311.13095},
      archivePrefix={arXiv},
      primaryClass={cs.CL}
}

@misc{blairstanek2023gpt3,
      title={Can GPT-3 Perform Statutory Reasoning?}, 
      author={Andrew Blair-Stanek and Nils Holzenberger and Benjamin Van Durme},
      year={2023},
      eprint={2302.06100},
      archivePrefix={arXiv},
      primaryClass={cs.CL}
}
@article{brown2020language,
  title={Language models are few-shot learners},
  author={Brown, Tom and Mann, Benjamin and Ryder, Nick and Subbiah, Melanie and Kaplan, Jared D and Dhariwal, Prafulla and Neelakantan, Arvind and Shyam, Pranav and Sastry, Girish and Askell, Amanda and others},
  journal={Advances in neural information processing systems},
  volume={33},
  pages={1877--1901},
  year={2020}
}

@misc{krishna2023intersectionselfcorrectiontrustlanguage,
      title={On the Intersection of Self-Correction and Trust in Language Models}, 
      author={Satyapriya Krishna},
      year={2023},
      eprint={2311.02801},
      archivePrefix={arXiv},
      primaryClass={cs.LG},
      url={https://arxiv.org/abs/2311.02801}, 
}

@misc{tyagi2024stepbystepreasoningsolvegrid,
      title={Step-by-Step Reasoning to Solve Grid Puzzles: Where do LLMs Falter?}, 
      author={Nemika Tyagi and Mihir Parmar and Mohith Kulkarni and Aswin RRV and Nisarg Patel and Mutsumi Nakamura and Arindam Mitra and Chitta Baral},
      year={2024},
      eprint={2407.14790},
      archivePrefix={arXiv},
      primaryClass={cs.CL},
      url={https://arxiv.org/abs/2407.14790}, 
}

@misc{zhou2024selfdiscoverlargelanguagemodels,
      title={Self-Discover: Large Language Models Self-Compose Reasoning Structures}, 
      author={Pei Zhou and Jay Pujara and Xiang Ren and Xinyun Chen and Heng-Tze Cheng and Quoc V. Le and Ed H. Chi and Denny Zhou and Swaroop Mishra and Huaixiu Steven Zheng},
      year={2024},
      eprint={2402.03620},
      archivePrefix={arXiv},
      primaryClass={cs.AI},
      url={https://arxiv.org/abs/2402.03620}, 
}

@misc{zhang2024smalllanguagemodelsneed,
      title={Small Language Models Need Strong Verifiers to Self-Correct Reasoning}, 
      author={Yunxiang Zhang and Muhammad Khalifa and Lajanugen Logeswaran and Jaekyeom Kim and Moontae Lee and Honglak Lee and Lu Wang},
      year={2024},
      eprint={2404.17140},
      archivePrefix={arXiv},
      primaryClass={cs.CL},
      url={https://arxiv.org/abs/2404.17140}, 
}

@article{wang2023plan,
  title={Plan-and-solve prompting: Improving zero-shot chain-of-thought reasoning by large language models},
  author={Wang, Lei and Xu, Wanyu and Lan, Yihuai and Hu, Zhiqiang and Lan, Yunshi and Lee, Roy Ka-Wei and Lim, Ee-Peng},
  journal={arXiv preprint arXiv:2305.04091},
  year={2023}
}

@article{walker2007discovering,
  title={Discovering the Logic of Legal Reasoning},
  author={Walker, Vern R.},
  journal={Hofstra Law Review},
  volume={35},
  number={4},
  year={2007},
  article={2},
  url={https://scholarlycommons.law.hofstra.edu/hlr/vol35/iss4/2}
}

@article{hafner2002role,
  title={The role of context in case-based legal reasoning: teleological, temporal, and procedural},
  author={Hafner, Carole D. and Berman, Douglas H.},
  journal={Artificial Intelligence and Law},
  volume={10},
  number={1-3},
  pages={19--64},
  year={2002},
  doi={10.1023/A:1019516031847},
  url={https://doi.org/10.1023/A:1019516031847}
}

@misc{bongard2022legalargumentreasoningtask,
      title={The Legal Argument Reasoning Task in Civil Procedure}, 
      author={Leonard Bongard and Lena Held and Ivan Habernal},
      year={2022},
      eprint={2211.02950},
      archivePrefix={arXiv},
      primaryClass={cs.CL},
      url={https://arxiv.org/abs/2211.02950}, 
}

@misc{xu2024verifystepstepincorrect,
      title={Can We Verify Step by Step for Incorrect Answer Detection?}, 
      author={Xin Xu and Shizhe Diao and Can Yang and Yang Wang},
      year={2024},
      eprint={2402.10528},
      archivePrefix={arXiv},
      primaryClass={cs.CL},
      url={https://arxiv.org/abs/2402.10528}, 
}
@misc{ling2023deductiveverificationchainofthoughtreasoning,
      title={Deductive Verification of Chain-of-Thought Reasoning}, 
      author={Zhan Ling and Yunhao Fang and Xuanlin Li and Zhiao Huang and Mingu Lee and Roland Memisevic and Hao Su},
      year={2023},
      eprint={2306.03872},
      archivePrefix={arXiv},
      primaryClass={cs.CL},
      url={https://arxiv.org/abs/2306.03872}, 
}

@misc{kojima2023largelanguagemodelszeroshot,
      title={Large Language Models are Zero-Shot Reasoners}, 
      author={Takeshi Kojima and Shixiang Shane Gu and Machel Reid and Yutaka Matsuo and Yusuke Iwasawa},
      year={2023},
      eprint={2205.11916},
      archivePrefix={arXiv},
      primaryClass={cs.CL},
      url={https://arxiv.org/abs/2205.11916}, 
}

@misc{prasad2023recevalevaluatingreasoningchains,
      title={ReCEval: Evaluating Reasoning Chains via Correctness and Informativeness}, 
      author={Archiki Prasad and Swarnadeep Saha and Xiang Zhou and Mohit Bansal},
      year={2023},
      eprint={2304.10703},
      archivePrefix={arXiv},
      primaryClass={cs.CL},
      url={https://arxiv.org/abs/2304.10703}, 
}

@misc{hao2024llmreasonersnewevaluation,
      title={LLM Reasoners: New Evaluation, Library, and Analysis of Step-by-Step Reasoning with Large Language Models}, 
      author={Shibo Hao and Yi Gu and Haotian Luo and Tianyang Liu and Xiyan Shao and Xinyuan Wang and Shuhua Xie and Haodi Ma and Adithya Samavedhi and Qiyue Gao and Zhen Wang and Zhiting Hu},
      year={2024},
      eprint={2404.05221},
      archivePrefix={arXiv},
      primaryClass={cs.CL},
      url={https://arxiv.org/abs/2404.05221}, 
}

@article{lanchantin2024learning,
  title={Learning to reason and memorize with self-notes},
  author={Lanchantin, Jack and Toshniwal, Shubham and Weston, Jason and Sukhbaatar, Sainbayar and others},
  journal={Advances in Neural Information Processing Systems},
  volume={36},
  year={2024}
}

@misc{tyen2024llmsreasoningerrorscorrect,
      title={LLMs cannot find reasoning errors, but can correct them given the error location}, 
      author={Gladys Tyen and Hassan Mansoor and Victor CÄrbune and Peter Chen and Tony Mak},
      year={2024},
      eprint={2311.08516},
      archivePrefix={arXiv},
      primaryClass={cs.AI},
      url={https://arxiv.org/abs/2311.08516}, 
}

@misc{varshney2023stitchtimesavesnine,
      title={A Stitch in Time Saves Nine: Detecting and Mitigating Hallucinations of LLMs by Validating Low-Confidence Generation}, 
      author={Neeraj Varshney and Wenlin Yao and Hongming Zhang and Jianshu Chen and Dong Yu},
      year={2023},
      eprint={2307.03987},
      archivePrefix={arXiv},
      primaryClass={cs.CL},
      url={https://arxiv.org/abs/2307.03987}, 
}

@misc{liu2023gevalnlgevaluationusing,
      title={G-Eval: NLG Evaluation using GPT-4 with Better Human Alignment}, 
      author={Yang Liu and Dan Iter and Yichong Xu and Shuohang Wang and Ruochen Xu and Chenguang Zhu},
      year={2023},
      eprint={2303.16634},
      archivePrefix={arXiv},
      primaryClass={cs.CL},
      url={https://arxiv.org/abs/2303.16634}, 
}

@misc{chern2024largelanguagemodelstrusted,
      title={Can Large Language Models be Trusted for Evaluation? Scalable Meta-Evaluation of LLMs as Evaluators via Agent Debate}, 
      author={Steffi Chern and Ethan Chern and Graham Neubig and Pengfei Liu},
      year={2024},
      eprint={2401.16788},
      archivePrefix={arXiv},
      primaryClass={cs.CL},
      url={https://arxiv.org/abs/2401.16788}, 
}

@misc{wei2023chainofthoughtpromptingelicitsreasoning,
      title={Chain-of-Thought Prompting Elicits Reasoning in Large Language Models}, 
      author={Jason Wei and Xuezhi Wang and Dale Schuurmans and Maarten Bosma and Brian Ichter and Fei Xia and Ed Chi and Quoc Le and Denny Zhou},
      year={2023},
      eprint={2201.11903},
      archivePrefix={arXiv},
      primaryClass={cs.CL},
      url={https://arxiv.org/abs/2201.11903}, 
}

@inproceedings{held-habernal-2024-semeval,
    title = "{S}em{E}val-2024 Task 5: Argument Reasoning in Civil Procedure",
    author = "Held, Lena  and
      Habernal, Ivan",
    editor = {Ojha, Atul Kr.  and
      Do{\u{g}}ru{\"o}z, A. Seza  and
      Tayyar Madabushi, Harish  and
      Da San Martino, Giovanni  and
      Rosenthal, Sara  and
      Ros{\'a}, Aiala},
    booktitle = "Proceedings of the 18th International Workshop on Semantic Evaluation (SemEval-2024)",
    month = jun,
    year = "2024",
    address = "Mexico City, Mexico",
    publisher = "Association for Computational Linguistics",
    url = "https://aclanthology.org/2024.semeval-1.276",
    doi = "10.18653/v1/2024.semeval-1.276",
    pages = "2027--2038",
}

@misc{clark2018thinksolvedquestionanswering,
      title={Think you have Solved Question Answering? Try ARC, the AI2 Reasoning Challenge}, 
      author={Peter Clark and Isaac Cowhey and Oren Etzioni and Tushar Khot and Ashish Sabharwal and Carissa Schoenick and Oyvind Tafjord},
      year={2018},
      eprint={1803.05457},
      archivePrefix={arXiv},
      primaryClass={cs.AI},
      url={https://arxiv.org/abs/1803.05457}, 
}

@misc{luo2024logigluebriefsurveybenchmark,
      title={Towards LogiGLUE: A Brief Survey and A Benchmark for Analyzing Logical Reasoning Capabilities of Language Models}, 
      author={Man Luo and Shrinidhi Kumbhar and Ming shen and Mihir Parmar and Neeraj Varshney and Pratyay Banerjee and Somak Aditya and Chitta Baral},
      year={2024},
      eprint={2310.00836},
      archivePrefix={arXiv},
      primaryClass={cs.CL},
      url={https://arxiv.org/abs/2310.00836}, 
}

@misc{parmar2024logicbenchsystematicevaluationlogical,
      title={LogicBench: Towards Systematic Evaluation of Logical Reasoning Ability of Large Language Models}, 
      author={Mihir Parmar and Nisarg Patel and Neeraj Varshney and Mutsumi Nakamura and Man Luo and Santosh Mashetty and Arindam Mitra and Chitta Baral},
      year={2024},
      eprint={2404.15522},
      archivePrefix={arXiv},
      primaryClass={cs.CL},
      url={https://arxiv.org/abs/2404.15522}, 
}

@misc{dhuliawala2023chainofverificationreduceshallucinationlarge,
      title={Chain-of-Verification Reduces Hallucination in Large Language Models}, 
      author={Shehzaad Dhuliawala and Mojtaba Komeili and Jing Xu and Roberta Raileanu and Xian Li and Asli Celikyilmaz and Jason Weston},
      year={2023},
      eprint={2309.11495},
      archivePrefix={arXiv},
      primaryClass={cs.CL},
      url={https://arxiv.org/abs/2309.11495}, 
}

@misc{golovneva2023roscoesuitemetricsscoring,
      title={ROSCOE: A Suite of Metrics for Scoring Step-by-Step Reasoning}, 
      author={Olga Golovneva and Moya Chen and Spencer Poff and Martin Corredor and Luke Zettlemoyer and Maryam Fazel-Zarandi and Asli Celikyilmaz},
      year={2023},
      eprint={2212.07919},
      archivePrefix={arXiv},
      primaryClass={cs.CL},
      url={https://arxiv.org/abs/2212.07919}, 
}

@misc{he2024socrevallargelanguagemodels,
      title={SocREval: Large Language Models with the Socratic Method for Reference-Free Reasoning Evaluation}, 
      author={Hangfeng He and Hongming Zhang and Dan Roth},
      year={2024},
      eprint={2310.00074},
      archivePrefix={arXiv},
      primaryClass={cs.CL},
      url={https://arxiv.org/abs/2310.00074}, 
}

@book{glannon2013guide,
  title        = {The Glannon Guide to Civil Procedure: Learning Civil Procedure through Multiple-Choice Questions and Analysis},
  author       = {Glannon, Joseph W.},
  year         = {2019},
  edition      = {Fourth edition},
  publisher    = {Wolters Kluwer Law \& Business},
  address      = {New York},
  isbn         = {9781454827467},
  pages        = {xi, 542},
  language     = {English},
  lccn         = {2013021395},
  oclc         = {ocn845085894},
  keywords     = {Civil procedure -- United States, Problems, exercises, etc.},
}

@article{varshney2024investigating,
  title={Investigating and Addressing Hallucinations of LLMs in Tasks Involving Negation},
  author={Varshney, Neeraj and Raj, Satyam and Mishra, Venkatesh and Chatterjee, Agneet and Sarkar, Ritika and Saeidi, Amir and Baral, Chitta},
  journal={arXiv preprint arXiv:2406.05494},
  year={2024}
}

@article{lu2024insights,
  title={Insights into LLM Long-Context Failures: When Transformers Know but Don't Tell},
  author={Lu, Taiming and Gao, Muhan and Yu, Kuai and Byerly, Adam and Khashabi, Daniel},
  journal={arXiv preprint arXiv:2406.14673},
  year={2024}
}

@article{saparov2022language,
  title={Language models are greedy reasoners: A systematic formal analysis of chain-of-thought},
  author={Saparov, Abulhair and He, He},
  journal={arXiv preprint arXiv:2210.01240},
  year={2022}
}

@article{gallegos2024bias,
  title={Bias and fairness in large language models: A survey},
  author={Gallegos, Isabel O and Rossi, Ryan A and Barrow, Joe and Tanjim, Md Mehrab and Kim, Sungchul and Dernoncourt, Franck and Yu, Tong and Zhang, Ruiyi and Ahmed, Nesreen K},
  journal={Computational Linguistics},
  pages={1--79},
  year={2024},
  publisher={MIT Press 255 Main Street, 9th Floor, Cambridge, Massachusetts 02142, USA~â¦}
}

@inproceedings{zhong2024memorybank,
  title={Memorybank: Enhancing large language models with long-term memory},
  author={Zhong, Wanjun and Guo, Lianghong and Gao, Qiqi and Ye, He and Wang, Yanlin},
  booktitle={Proceedings of the AAAI Conference on Artificial Intelligence},
  volume={38},
  number={17},
  pages={19724--19731},
  year={2024}
}

@article{luo2023towards,
  title={Towards logiglue: A brief survey and a benchmark for analyzing logical reasoning capabilities of language models},
  author={Luo, Man and Kumbhar, Shrinidhi and Parmar, Mihir and Varshney, Neeraj and Banerjee, Pratyay and Aditya, Somak and Baral, Chitta and others},
  journal={arXiv preprint arXiv:2310.00836},
  year={2023}
}

@article{touvron2023llama,
  title={Llama: Open and efficient foundation language models},
  author={Touvron, Hugo and Lavril, Thibaut and Izacard, Gautier and Martinet, Xavier and Lachaux, Marie-Anne and Lacroix, Timoth{\'e}e and Rozi{\`e}re, Baptiste and Goyal, Naman and Hambro, Eric and Azhar, Faisal and others},
  journal={arXiv preprint arXiv:2302.13971},
  year={2023}
}

@article{achiam2023gpt,
  title={Gpt-4 technical report},
  author={Achiam, Josh and Adler, Steven and Agarwal, Sandhini and Ahmad, Lama and Akkaya, Ilge and Aleman, Florencia Leoni and Almeida, Diogo and Altenschmidt, Janko and Altman, Sam and Anadkat, Shyamal and others},
  journal={arXiv preprint arXiv:2303.08774},
  year={2023}
}

@article{zhao2023survey,
  title={A survey of large language models},
  author={Zhao, Wayne Xin and Zhou, Kun and Li, Junyi and Tang, Tianyi and Wang, Xiaolei and Hou, Yupeng and Min, Yingqian and Zhang, Beichen and Zhang, Junjie and Dong, Zican and others},
  journal={arXiv preprint arXiv:2303.18223},
  year={2023}
}

@article{zhou2022least,
  title={Least-to-most prompting enables complex reasoning in large language models},
  author={Zhou, Denny and Sch{\"a}rli, Nathanael and Hou, Le and Wei, Jason and Scales, Nathan and Wang, Xuezhi and Schuurmans, Dale and Cui, Claire and Bousquet, Olivier and Le, Quoc and others},
  journal={arXiv preprint arXiv:2205.10625},
  year={2022}
}

@incollection{wilberg2023mistake,
  author       = {Hanna Wilberg},
  title        = {Mistake of Fact as a Ground of Review: Distinct and Defensible},
  booktitle    = {Facts in Public Law Adjudication},
  editor       = {Joe Tomlinson and Anne Carter},
  publisher    = {Hart Publishing},
  year         = {2023},
  pages        = {201--222},
  url          = {https://ssrn.com/abstract=4167374},
  doi          = {10.2139/ssrn.4167374}
}

@article{oreilly2012errors,
  author       = {James O'Reilly},
  title        = {Errors of Fact and Errors of Law as Grounds for Judicial Review},
  journal      = {Irish Jurist},
  volume       = {47},
  year         = {2012},
  pages        = {1--48},
  url          = {http://www.jstor.org/stable/26431218},
  note         = {Accessed: 15 Dec. 2024}
}

@misc{cornell2024mistake,
  title        = {Mistake of Law},
  author       = {{Legal Information Institute, Cornell Law School}},
  year         = {2024},
  howpublished = {\url{https://www.law.cornell.edu/wex/mistake_of_law}},
  note         = {Accessed: 24 Nov. 2024}
}

@misc{cornell2024mistake_fact,
  title        = {Mistake of Fact},
  author       = {{Legal Information Institute, Cornell Law School}},
  year         = {2024},
  howpublished = {\url{https://www.law.cornell.edu/wex/mistake_of_fact}},
  note         = {Accessed: 24 Nov. 2024}
}

@article{cohen1960kappa,
  author    = {Jacob Cohen},
  title     = {A Coefficient of Agreement for Nominal Scales},
  journal   = {Educational and Psychological Measurement},
  volume    = {20},
  number    = {1},
  pages     = {37--46},
  year      = {1960},
  doi       = {10.1177/001316446002000104},
  publisher = {SAGE Publications}
}

@article{patel2024multi,
  title={Multi-logieval: Towards evaluating multi-step logical reasoning ability of large language models},
  author={Patel, Nisarg and Kulkarni, Mohith and Parmar, Mihir and Budhiraja, Aashna and Nakamura, Mutsumi and Varshney, Neeraj and Baral, Chitta},
  journal={arXiv preprint arXiv:2406.17169},
  year={2024}
}