@inproceedings{gong2023arnold,
  title={ARNOLD: A Benchmark for Language-Grounded Task Learning With Continuous States in Realistic 3D Scenes},
  author={Gong, Ran and Huang, Jiangyong and Zhao, Yizhou and Geng, Haoran and Gao, Xiaofeng and Wu, Qingyang and Ai, Wensi and Zhou, Ziheng and Terzopoulos, Demetri and Zhu, Song-Chun and others},
  booktitle={Proceedings of the IEEE/CVF International Conference on Computer Vision (ICCV)},
  year={2023}
}


@article{ke20243d,
  title={3D Diffuser Actor: Policy Diffusion with 3D Scene Representations},
  author={Ke, Tsung-Wei and Gkanatsios, Nikolaos and Fragkiadaki, Katerina},
  journal={arXiv preprint arXiv:2402.10885},
  year={2024}
}

@article{gu2023maniskill2,
    title={Maniskill2: A unified benchmark for generalizable manipulation skills},
    author={Gu, Jiayuan and Xiang, Fanbo and Li, Xuanlin and Ling, Zhan and Liu, Xiqiang and Mu, Tongzhou and Tang, Yihe and Tao, Stone and Wei, Xinyue and Yao, Yunchao and others},
    journal={arXiv preprint arXiv:2302.04659},
    year={2023}
}


@inproceedings{mu2021maniskill,
  title={ManiSkill: Generalizable Manipulation Skill Benchmark with Large-Scale Demonstrations},
  author={Mu, Tongzhou and Ling, Zhan and Xiang, Fanbo and Yang, Derek Cathera and Li, Xuanlin and Tao, Stone and Huang, Zhiao and Jia, Zhiwei and Su, Hao},
  booktitle={Thirty-fifth Conference on Neural Information Processing Systems Datasets and Benchmarks Track (Round 2)},
  year={2021}
}

@misc{pytorchrl,
  author = {Kostrikov, Ilya},
  title = {PyTorch Implementations of Reinforcement Learning Algorithms},
  year = {2018},
  publisher = {GitHub},
  journal = {GitHub repository},
  howpublished = {\url{https://github.com/ikostrikov/pytorch-a2c-ppo-acktr-gail}},
}

@article{schulman2017proximal,
  title={Proximal policy optimization algorithms},
  author={Schulman, John and Wolski, Filip and Dhariwal, Prafulla and Radford, Alec and Klimov, Oleg},
  journal={arXiv preprint arXiv:1707.06347},
  year={2017}
}

@article{urakami2019doorgym,
  title={Doorgym: A scalable door opening environment and baseline agent},
  author={Urakami, Yusuke and Hodgkinson, Alec and Carlin, Casey and Leu, Randall and Rigazio, Luca and Abbeel, Pieter},
  journal={arXiv preprint arXiv:1908.01887},
  year={2019}
}

@article{Chang2015ShapeNetAI,
  title={ShapeNet: An Information-Rich 3D Model Repository},
  author={Angel X. Chang and Thomas A. Funkhouser and Leonidas J. Guibas and Pat Hanrahan and Qi-Xing Huang and Zimo Li and Silvio Savarese and Manolis Savva and Shuran Song and Hao Su and Jianxiong Xiao and L. Yi and Fisher Yu},
  journal={ArXiv},
  year={2015},
  volume={abs/1512.03012},
  url={https://api.semanticscholar.org/CorpusID:2554264}
}

@inproceedings{hansen2004dynamic,
  title={Dynamic programming for partially observable stochastic games},
  author={Hansen, Eric A and Bernstein, Daniel S and Zilberstein, Shlomo},
  booktitle={AAAI},
  volume={4},
  pages={709--715},
  year={2004}
}
@article{oliehoek2012decentralized,
  title={Decentralized pomdps},
  author={Oliehoek, Frans A},
  journal={Reinforcement Learning: State-of-the-Art},
  pages={471--503},
  year={2012},
  publisher={Springer}
}


@article{lei2024nap,
  title={NAP: Neural 3D Articulated Object Prior},
  author={Lei, Jiahui and Deng, Congyue and Shen, William B and Guibas, Leonidas J and Daniilidis, Kostas},
  journal={Advances in Neural Information Processing Systems},
  volume={36},
  year={2024}
}

@article{albrecht2018autonomous,
  title={Autonomous agents modelling other agents: A comprehensive survey and open problems},
  author={Albrecht, Stefano V and Stone, Peter},
  journal={Artificial Intelligence},
  volume={258},
  pages={66--95},
  year={2018},
  publisher={Elsevier}
}

@inproceedings{chen2020aateam,
  title={Aateam: Achieving the ad hoc teamwork by employing the attention mechanism},
  author={Chen, Shuo and Andrejczuk, Ewa and Cao, Zhiguang and Zhang, Jie},
  booktitle={Proceedings of the AAAI Conference on Artificial Intelligence},
  volume={34},
  number={05},
  pages={7095--7102},
  year={2020}
}

@inproceedings{barrett2015cooperating,
  title={Cooperating with unknown teammates in complex domains: A robot soccer case study of ad hoc teamwork},
  author={Barrett, Samuel and Stone, Peter},
  booktitle={Proceedings of the AAAI Conference on Artificial Intelligence},
  volume={29},
  number={1},
  year={2015}
}

@inproceedings{ravula2019ad,
  title={Ad-hoc teamwork with behavior-switching agents},
  author={Ravula, Manish Chandra Reddy},
  booktitle={International Joint Conferences on Artificial Intelligence},
  year={2019},
}

@article{mirsky2020penny,
  title={A penny for your thoughts: The value of communication in ad hoc teamwork},
  author={Mirsky, Reuth and Macke, William and Wang, Andy and Yedidsion, Harel and Stone, Peter},
  journal={International Joint Conference on Artificial Intelligence},
  year={2020},
  publisher={International Joint Conference on Artificial Intelligence}
}

@inproceedings{he2016opponent,
  title={Opponent modeling in deep reinforcement learning},
  author={He, He and Boyd-Graber, Jordan and Kwok, Kevin and Daum{\'e} III, Hal},
  booktitle={International conference on machine learning},
  pages={1804--1813},
  year={2016},
  organization={PMLR}
}

@inproceedings{raileanu2018modeling,
  title={Modeling others using oneself in multi-agent reinforcement learning},
  author={Raileanu, Roberta and Denton, Emily and Szlam, Arthur and Fergus, Rob},
  booktitle={International conference on machine learning},
  pages={4257--4266},
  year={2018},
  organization={PMLR}
}

@article{
doi:10.1126/science.aay2400,
author = {Noam Brown  and Tuomas Sandholm },
title = {Superhuman AI for multiplayer poker},
journal = {Science},
volume = {365},
number = {6456},
pages = {885-890},
year = {2019},
doi = {10.1126/science.aay2400},
URL = {https://www.science.org/doi/abs/10.1126/science.aay2400},
eprint = {https://www.science.org/doi/pdf/10.1126/science.aay2400},
abstract = {Computer programs have shown superiority over humans in two-player games such as chess, Go, and heads-up, no-limit Texas hold'em poker. However, poker games usually include six players—a much trickier challenge for artificial intelligence than the two-player variant. Brown and Sandholm developed a program, dubbed Pluribus, that learned how to play six-player no-limit Texas hold'em by playing against five copies of itself (see the Perspective by Blair and Saffidine). When pitted against five elite professional poker players, or with five copies of Pluribus playing against one professional, the computer performed significantly better than humans over the course of 10,000 hands of poker. Science, this issue p. 885; see also p. 864 An AI dubbed Pluribus performs significantly better than human professionals in six-player no-limit Texas hold’em poker. In recent years there have been great strides in artificial intelligence (AI), with games often serving as challenge problems, benchmarks, and milestones for progress. Poker has served for decades as such a challenge problem. Past successes in such benchmarks, including poker, have been limited to two-player games. However, poker in particular is traditionally played with more than two players. Multiplayer games present fundamental additional issues beyond those in two-player games, and multiplayer poker is a recognized AI milestone. In this paper we present Pluribus, an AI that we show is stronger than top human professionals in six-player no-limit Texas hold’em poker, the most popular form of poker played by humans.}}

@article{luo2019end,
  title={End-to-end active object tracking and its real-world deployment via reinforcement learning},
  author={Luo, Wenhan and Sun, Peng and Zhong, Fangwei and Liu, Wei and Zhang, Tong and Wang, Yizhou},
  journal={IEEE transactions on pattern analysis and machine intelligence},
  volume={42},
  number={6},
  pages={1317--1332},
  year={2019},
  publisher={IEEE}
}

@inproceedings{hu2020other,
  title={“other-play” for zero-shot coordination},
  author={Hu, Hengyuan and Lerer, Adam and Peysakhovich, Alex and Foerster, Jakob},
  booktitle={International Conference on Machine Learning},
  pages={4399--4410},
  year={2020},
  organization={PMLR}
}

@inproceedings{treutlein2021new,
  title={A new formalism, method and open issues for zero-shot coordination},
  author={Treutlein, Johannes and Dennis, Michael and Oesterheld, Caspar and Foerster, Jakob},
  booktitle={International Conference on Machine Learning},
  pages={10413--10423},
  year={2021},
  organization={PMLR}
}

@article{papoudakis2021agent,
  title={Agent modelling under partial observability for deep reinforcement learning},
  author={Papoudakis, Georgios and Christianos, Filippos and Albrecht, Stefano},
  journal={Advances in Neural Information Processing Systems},
  volume={34},
  pages={19210--19222},
  year={2021}
}

@inproceedings{hu2021off,
  title={Off-belief learning},
  author={Hu, Hengyuan and Lerer, Adam and Cui, Brandon and Pineda, Luis and Brown, Noam and Foerster, Jakob},
  booktitle={International Conference on Machine Learning},
  pages={4369--4379},
  year={2021},
  organization={PMLR}
}

@inproceedings{lupu2021trajectory,
  title={Trajectory diversity for zero-shot coordination},
  author={Lupu, Andrei and Cui, Brandon and Hu, Hengyuan and Foerster, Jakob},
  booktitle={International conference on Machine Learning},
  pages={7204--7213},
  year={2021},
  organization={PMLR}
}

@inproceedings{fu2022greedy,
  title={Greedy when Sure and Conservative when Uncertain about the Opponents},
  author={Fu, Haobo and Tian, Ye and Yu, Hongxiang and Liu, Weiming and Wu, Shuang and Xiong, Jiechao and Wen, Ying and Li, Kai and Xing, Junliang and Fu, Qiang and others},
  booktitle={International Conference on Machine Learning},
  pages={6829--6848},
  year={2022},
  organization={PMLR}
}

@inproceedings{gu2021online,
  title={Online ad hoc teamwork under partial observability},
  author={Gu, Pengjie and Zhao, Mengchen and Hao, Jianye and An, Bo},
  booktitle={International Conference on Learning Representations},
  year={2021}
}

@inproceedings{raileanu2020fast,
  title={Fast adaptation via policy-dynamics value functions},
  author={Raileanu, Roberta and Goldstein, Max and Szlam, Arthur and Fergus, Rob},
  booktitle={International conference on Machine Learning},
  year={2020},
  organization={PMLR}
}


@inproceedings{stone2010ad,
  title={Ad hoc autonomous agent teams: Collaboration without pre-coordination},
  author={Stone, Peter and Kaminka, Gal and Kraus, Sarit and Rosenschein, Jeffrey},
  booktitle={Proceedings of the AAAI Conference on Artificial Intelligence},
  volume={24},
  number={1},
  pages={1504--1509},
  year={2010}
}

@article{strouse2021collaborating,
  title={Collaborating with humans without human data},
  author={Strouse, DJ and McKee, Kevin and Botvinick, Matt and Hughes, Edward and Everett, Richard},
  journal={Advances in Neural Information Processing Systems},
  volume={34},
  pages={14502--14515},
  year={2021}
}

@inproceedings{mirsky2022survey,
  title={A Survey of Ad Hoc Teamwork Research},
  author={Mirsky, Reuth and Carlucho, Ignacio and Rahman, Arrasy and Fosong, Elliot and Macke, William and Sridharan, Mohan and Stone, Peter and Albrecht, Stefano V},
  booktitle={Multi-Agent Systems: 19th European Conference, EUMAS 2022, D{\"u}sseldorf, Germany, September 14--16, 2022, Proceedings},
  pages={275--293},
  year={2022},
  organization={Springer}
}

@inproceedings{lucas2022any,
  title={Any-play: An intrinsic augmentation for zero-shot coordination},
  author={Lucas, Keane and Allen, Ross E},
  booktitle={Proceedings of the 21st International Conference on Autonomous Agents and Multiagent Systems},
  year={2022}
}

@inproceedings{al2018continuous,
  title={Continuous adaptation via meta-learning in nonstationary and competitive environments},
  author={Al-Shedivat, Maruan and Bansal, Trapit and Burda, Yuri and Sutskever, Ilya and Mordatch, Igor and Abbeel, Pieter},
  booktitle={International Conference on Learning Representations},
  year={2018}
}

@article{southey2009effective,
  title={Effective short-term opponent exploitation in simplified poker},
  author={Southey, Finnegan and Hoehn, Bret and Holte, Robert C},
  journal={Machine Learning},
  volume={74},
  pages={159--189},
  year={2009},
  publisher={Springer}
}
@inproceedings{charakorn2023generating,
  title={Generating Diverse Cooperative Agents by Learning Incompatible Policies},
  author={Charakorn, Rujikorn and Manoonpong, Poramate and Dilokthanakul, Nat},
  booktitle={International Conference on Learning Representations},
  year={2023}
}

@inproceedings{kim2021policy,
  title={A policy gradient algorithm for learning to learn in multiagent reinforcement learning},
  author={Kim, Dong Ki and Liu, Miao and Riemer, Matthew D and Sun, Chuangchuang and Abdulhai, Marwa and Habibi, Golnaz and Lopez-Cot, Sebastian and Tesauro, Gerald and How, Jonathan},
  booktitle={International Conference on Machine Learning},
  pages={5541--5550},
  year={2021},
  organization={PMLR}
}

@inproceedings{zhu2021few,
  title={Few-shot language coordination by modeling theory of mind},
  author={Zhu, Hao and Neubig, Graham and Bisk, Yonatan},
  booktitle={International Conference on Machine Learning},
  pages={12901--12911},
  year={2021},
  organization={PMLR}
}

@article{zintgraf2021deep,
  title={Deep interactive bayesian reinforcement learning via meta-learning},
  author={Zintgraf, Luisa and Devlin, Sam and Ciosek, Kamil and Whiteson, Shimon and Hofmann, Katja},
  journal={arXiv preprint arXiv:2101.03864},
  year={2021}
}

@article{yu2022model,
  title={Model-based opponent modeling},
  author={Yu, Xiaopeng and Jiang, Jiechuan and Zhang, Wanpeng and Jiang, Haobin and Lu, Zongqing},
  journal={Advances in Neural Information Processing Systems},
  volume={35},
  pages={28208--28221},
  year={2022}
}

@article{cui2021k,
  title={K-level reasoning for zero-shot coordination in hanabi},
  author={Cui, Brandon and Hu, Hengyuan and Pineda, Luis and Foerster, Jakob},
  journal={Advances in Neural Information Processing Systems},
  volume={34},
  pages={8215--8228},
  year={2021}
}

@article{eysenbach2018diversity,
  title={Diversity is all you need: Learning skills without a reward function},
  author={Eysenbach, Benjamin and Gupta, Abhishek and Ibarz, Julian and Levine, Sergey},
  journal={arXiv preprint arXiv:1802.06070},
  year={2018}
}

@article{zhao2021maximum,
  title={Maximum entropy population based training for zero-shot human-ai coordination},
  author={Zhao, Rui and Song, Jinming and Haifeng, Hu and Gao, Yang and Wu, Yi and Sun, Zhongqian and Wei, Yang},
  journal={arXiv preprint arXiv:2112.11701},
  year={2021}
}

@inproceedings{rahman2021towards,
  title={Towards open ad hoc teamwork using graph-based policy learning},
  author={Rahman, Muhammad A and Hopner, Niklas and Christianos, Filippos and Albrecht, Stefano V},
  booktitle={International Conference on Machine Learning},
  pages={8776--8786},
  year={2021},
  organization={PMLR}
}

@article{kuhn1950simplified,
  title={A simplified two-person poker},
  author={Kuhn, Harold W},
  journal={Contributions to the Theory of Games},
  volume={1},
  pages={97--103},
  year={1950}
}

@article{carroll2019utility,
  title={On the utility of learning about humans for human-ai coordination},
  author={Carroll, Micah and Shah, Rohin and Ho, Mark K and Griffiths, Tom and Seshia, Sanjit and Abbeel, Pieter and Dragan, Anca},
  journal={Advances in neural information processing systems},
  volume={32},
  year={2019}
}

@inproceedings{jin2022graph,
  title={Graph neural network based relation learning for abnormal perception information detection in self-driving scenarios},
  author={Jin, Kefan and Wang, Hongye and Liu, Changxing and Zhai, Yu and Tang, Ling},
  booktitle={2022 International Conference on Robotics and Automation (ICRA)},
  pages={8943--8949},
  year={2022},
  organization={IEEE}
}

@inproceedings{zuo2019craves,
  title={Craves: Controlling robotic arm with a vision-based economic system},
  author={Zuo, Yiming and Qiu, Weichao and Xie, Lingxi and Zhong, Fangwei and Wang, Yizhou and Yuille, Alan L},
  booktitle={Proceedings of the IEEE/CVF Conference on Computer Vision and Pattern Recognition},
  pages={4214--4223},
  year={2019}
}

@inproceedings{qiu2017unrealcv,
  title={Unrealcv: Virtual worlds for computer vision},
  author={Qiu, Weichao and Zhong, Fangwei and Zhang, Yi and Qiao, Siyuan and Xiao, Zihao and Kim, Tae Soo and Wang, Yizhou},
  booktitle={Proceedings of the 25th ACM International Conference on Multimedia},
  pages={1221--1224},
  year={2017}
}

@article{zhong2019ad,
  title={Ad-vat+: An asymmetric dueling mechanism for learning and understanding visual active tracking},
  author={Zhong, Fangwei and Sun, Peng and Luo, Wenhan and Yan, Tingyun and Wang, Yizhou},
  journal={IEEE transactions on pattern analysis and machine intelligence},
  volume={43},
  number={5},
  pages={1467--1482},
  year={2019},
  publisher={IEEE}
}

@inproceedings{zhong2021towards,
  title={Towards distraction-robust active visual tracking},
  author={Zhong, Fangwei and Sun, Peng and Luo, Wenhan and Yan, Tingyun and Wang, Yizhou},
  booktitle={International Conference on Machine Learning},
  pages={12782--12792},
  year={2021},
  organization={PMLR}
}

@inproceedings{zhong2023rspt,
  title={RSPT: Reconstruct Surroundings and Predict Trajectories for Generalizable Active Object Tracking},
  author={Zhong, Fangwei and Bi, Xiao and Zhang, Yudi and Zhang, Wei and Wang, Yizhou},
booktitle={Proceedings of the AAAI Conference on Artificial Intelligence},
  volume={37},
  number={03},
  pages={3705--3714},
  year={2023}
}

@inproceedings{wangtom2c,
  title={ToM2C: Target-oriented Multi-agent Communication and Cooperation with Theory of Mind},
  author={Wang, Yuanfei and Zhong, Fangwei and Xu, Jing and Wang, Yizhou},
  booktitle={International Conference on Learning Representations},
  year={2022}
}

@article{wu2022targf,
  title={TarGF: Learning Target Gradient Field to Rearrange Objects without Explicit Goal Specification},
  author={Wu, Mingdong and Zhong, Fangwei and Xia, Yulong and Dong, Hao},
  journal={Advances in Neural Information Processing Systems},
  volume={35},
  pages={31986--31999},
  year={2022}
}

@article{pan2022mate,
  title={Mate: Benchmarking multi-agent reinforcement learning in distributed target coverage control},
  author={Pan, Xuehai and Liu, Mickel and Zhong, Fangwei and Yang, Yaodong and Zhu, Song-Chun and Wang, Yizhou},
  journal={Advances in Neural Information Processing Systems},
  volume={35},
  pages={27862--27879},
  year={2022}
}

@article{xu2020learning,
  title={Learning multi-agent coordination for enhancing target coverage in directional sensor networks},
  author={Xu, Jing and Zhong, Fangwei and Wang, Yizhou},
  journal={Advances in Neural Information Processing Systems},
  volume={33},
  pages={10053--10064},
  year={2020}
}


@article{zhao2023learning,
  title={Learning fine-grained bimanual manipulation with low-cost hardware},
  author={Zhao, Tony Z and Kumar, Vikash and Levine, Sergey and Finn, Chelsea},
  journal={arXiv preprint arXiv:2304.13705},
  year={2023}
}

@inproceedings{li2020pose,
  title={Pose-assisted multi-camera collaboration for active object tracking},
  author={Li, Jing and Xu, Jing and Zhong, Fangwei and Kong, Xiangyu and Qiao, Yu and Wang, Yizhou},
  booktitle={Proceedings of the AAAI Conference on Artificial Intelligence},
  volume={34},
  number={01},
  pages={759--766},
  year={2020}
}

@InProceedings{Mo_2021_ICCV,
    author    = {Mo, Kaichun and Guibas, Leonidas J. and Mukadam, Mustafa and Gupta, Abhinav and Tulsiani, Shubham},
    title     = {Where2Act: From Pixels to Actions for Articulated 3D Objects},
    booktitle = {Proceedings of the IEEE/CVF International Conference on Computer Vision (ICCV)},
    month     = {October},
    year      = {2021},
    pages     = {6813-6823}
}

@article{xu2022umpnet,
 title={UMPNet: Universal manipulation policy network for articulated objects},
 author={Xu, Zhenjia and Zhanpeng, He and Song, Shuran},
 journal={IEEE Robotics and Automation Letters},
 year={2022},
 publisher={IEEE}
}

@inproceedings{wu2022vatmart,
title={{VAT}-Mart: Learning Visual Action Trajectory Proposals for Manipulating 3D {ART}iculated Objects},
author={Ruihai Wu and Yan Zhao and Kaichun Mo and Zizheng Guo and Yian Wang and Tianhao Wu and Qingnan Fan and Xuelin Chen and Leonidas Guibas and Hao Dong},
booktitle={International Conference on Learning Representations},
year={2022},
url={https://openreview.net/forum?id=iEx3PiooLy}
}



@inproceedings{wu2023learningforesightful,
  title={Learning Foresightful Dense Visual Affordance for Deformable Object Manipulation},
  author={Wu, Ruihai and Ning, Chuanruo and Dong, Hao},
  booktitle={IEEE International Conference on Computer Vision (ICCV)},
  year={2023}
}

@InProceedings{du2023learning, author = {Du, Yushi and Wu, Ruihai and Shen, Yan and Dong, Hao}, title = {Learning Part Motion of Articulated Objects Using Spatially Continuous Neural Implicit Representations}, booktitle = {British Machine Vision Conference (BMVC)}, month = {November}, year = {2023} }

@article{zhang2023flowbot++,
  title={Flowbot++: Learning generalized articulated objects manipulation via articulation projection},
  author={Zhang, Harry and Eisner, Ben and Held, David},
  journal={arXiv preprint arXiv:2306.12893},
  year={2023}
}


@article{xu2024naturalvlm,
  title={NaturalVLM: Leveraging Fine-grained Natural Language for Affordance-Guided Visual Manipulation},
  author={Xu, Ran and Shen, Yan and Li, Xiaoqi and Wu, Ruihai and Dong, Hao},
  journal={arXiv preprint arXiv:2403.08355},
  year={2024}
}


@article{Chi2023DiffusionPV,
  title={Diffusion Policy: Visuomotor Policy Learning via Action Diffusion},
  author={Cheng Chi and Siyuan Feng and Yilun Du and Zhenjia Xu and Eric A. Cousineau and Benjamin Burchfiel and Shuran Song},
  journal={ArXiv},
  year={2023},
  volume={abs/2303.04137},
  url={https://api.semanticscholar.org/CorpusID:257378658}
}
@article{Ze20243DDP,
  title={3D Diffusion Policy},
  author={Yanjie Ze and Gu Zhang and Kangning Zhang and Chenyuan Hu and Muhan Wang and Huazhe Xu},
  journal={ArXiv},
  year={2024},
  volume={abs/2403.03954},
  url={https://api.semanticscholar.org/CorpusID:268253298}
}

@article{ling2024articulated,
  title={Articulated Object Manipulation with Coarse-to-fine Affordance for Mitigating the Effect of Point Cloud Noise},
  author={Ling, Suhan and Wang, Yian and Wu, Shiguang and Zhuang, Yuzheng and Xu, Tianyi and Li, Yu and Liu, Chang and Dong, Hao},
  journal={ICRA},
  year={2024}
}

@inproceedings{ning2023where2explore,
      title={Where2Explore: Few-shot Affordance Learning for Unseen Novel Categories of Articulated Objects},
      author={Ning, Chuanruo and Wu, Ruihai and Lu, Haoran and Mo, Kaichun and Dong, Hao},
       booktitle={Advances in Neural Information Processing Systems (NeurIPS)},
      year={2023}
    }

@inproceedings{heppert2023carto,
  title={Carto: Category and joint agnostic reconstruction of articulated objects},
  author={Heppert, Nick and Irshad, Muhammad Zubair and Zakharov, Sergey and Liu, Katherine and Ambrus, Rares Andrei and Bohg, Jeannette and Valada, Abhinav and Kollar, Thomas},
  booktitle={Proceedings of the IEEE/CVF Conference on Computer Vision and Pattern Recognition},
  pages={21201--21210},
  year={2023}
}

@inproceedings{wei2022self,
  title={Self-supervised neural articulated shape and appearance models},
  author={Wei, Fangyin and Chabra, Rohan and Ma, Lingni and Lassner, Christoph and Zollh{\"o}fer, Michael and Rusinkiewicz, Szymon and Sweeney, Chris and Newcombe, Richard and Slavcheva, Mira},
  booktitle={Proceedings of the IEEE/CVF Conference on Computer Vision and Pattern Recognition},
  pages={15816--15826},
  year={2022}
}


@article{geng2022end,
  title={End-to-End Affordance Learning for Robotic Manipulation},
  author={Geng, Yiran and An, Boshi and Geng, Haoran and Chen, Yuanpei and Yang, Yaodong and Dong, Hao},
  journal={ICRA},
  year={2023}
}

@inproceedings{
li2024mobileafford,
title={MobileAfford: Mobile Robotic Manipulation through Differentiable Affordance Learning},
author={Yu Li and Kai Cheng and Ruihai Wu and Yan Shen and Kaichen Zhou and Hao Dong},
booktitle={2nd Workshop on Mobile Manipulation and Embodied Intelligence at ICRA 2024},
year={2024},
url={https://openreview.net/forum?id=f6sc69sfrL}
}

@article{zhao2022dualafford,
  title={Dualafford: Learning collaborative visual affordance for dual-gripper object manipulation},
  author={Zhao, Yan and Wu, Ruihai and Chen, Zhehuan and Zhang, Yourong and Fan, Qingnan and Mo, Kaichun and Dong, Hao},
  journal={arXiv preprint arXiv:2207.01971},
  year={2022}
}

@article{wang2021adaafford,
  title={AdaAfford: Learning to Adapt Manipulation Affordance for 3D Articulated Objects via Few-shot Interactions},
  author={Wang, Yian and Wu, Ruihai and Mo, Kaichun and Ke, Jiaqi and Fan, Qingnan and Guibas, Leonidas and Dong, Hao},
  journal={European conference on computer vision (ECCV 2022)},
  year={2022}
}

@inproceedings{lee2019icra,

  title={Making sense of vision and touch: Self-supervised learning of multimodal representations for contact-rich tasks},

  author={Lee, Michelle A and Zhu, Yuke and Srinivasan, Krishnan and Shah, Parth and Savarese, Silvio and Fei-Fei, Li and  Garg, Animesh and Bohg, Jeannette},

   booktitle={2019 IEEE International Conference on Robotics and Automation (ICRA)},

   year={2019},

   url={https://arxiv.org/abs/1810.10191}

}

@article{gao2021kpam,
  title={kpam 2.0: Feedback control for category-level robotic manipulation},
  author={Gao, Wei and Tedrake, Russ},
  journal={IEEE Robotics and Automation Letters},
  volume={6},
  number={2},
  pages={2962--2969},
  year={2021},
  publisher={IEEE}
}

@inproceedings{dong2021tactile,
  title={Tactile-rl for insertion: Generalization to objects of unknown geometry},
  author={Dong, Siyuan and Jha, Devesh K and Romeres, Diego and Kim, Sangwoon and Nikovski, Daniel and Rodriguez, Alberto},
  booktitle={2021 IEEE International Conference on Robotics and Automation (ICRA)},
  pages={6437--6443},
  year={2021},
  organization={IEEE}
}

@article{calandra2018more,
  title={More than a feeling: Learning to grasp and regrasp using vision and touch},
  author={Calandra, Roberto and Owens, Andrew and Jayaraman, Dinesh and Lin, Justin and Yuan, Wenzhen and Malik, Jitendra and Adelson, Edward H and Levine, Sergey},
  journal={IEEE Robotics and Automation Letters},
  volume={3},
  number={4},
  pages={3300--3307},
  year={2018},
  publisher={IEEE}
}

@inproceedings{pinto2016curious,
  title={The curious robot: Learning visual representations via physical interactions},
  author={Pinto, Lerrel and Gandhi, Dhiraj and Han, Yuanfeng and Park, Yong-Lae and Gupta, Abhinav},
  booktitle={Computer Vision--ECCV 2016: 14th European Conference, Amsterdam, The Netherlands, October 11-14, 2016, Proceedings, Part II 14},
  pages={3--18},
  year={2016},
  organization={Springer}
}

@article{calandra2017feeling,
  title={The feeling of success: Does touch sensing help predict grasp outcomes?},
  author={Calandra, Roberto and Owens, Andrew and Upadhyaya, Manu and Yuan, Wenzhen and Lin, Justin and Adelson, Edward H and Levine, Sergey},
  journal={arXiv preprint arXiv:1710.05512},
  year={2017}
}

@inproceedings{mees2023grounding,
  title={Grounding language with visual affordances over unstructured data},
  author={Mees, Oier and Borja-Diaz, Jessica and Burgard, Wolfram},
  booktitle={2023 IEEE International Conference on Robotics and Automation (ICRA)},
  pages={11576--11582},
  year={2023},
  organization={IEEE}
}

@inproceedings{lee2020multimodal,
  title={Multimodal sensor fusion with differentiable filters},
  author={Lee, Michelle A and Yi, Brent and Mart{\'\i}n-Mart{\'\i}n, Roberto and Savarese, Silvio and Bohg, Jeannette},
  booktitle={2020 IEEE/RSJ International Conference on Intelligent Robots and Systems (IROS)},
  pages={10444--10451},
  year={2020},
  organization={IEEE}
}

@article{li2022see,
  title={See, hear, and feel: Smart sensory fusion for robotic manipulation},
  author={Li, Hao and Zhang, Yizhi and Zhu, Junzhe and Wang, Shaoxiong and Lee, Michelle A and Xu, Huazhe and Adelson, Edward and Fei-Fei, Li and Gao, Ruohan and Wu, Jiajun},
  journal={arXiv preprint arXiv:2212.03858},
  year={2022}
}

@inproceedings{sundaresan2022learning,
  title={Learning visuo-haptic skewering strategies for robot-assisted feeding},
  author={Sundaresan, Priya and Belkhale, Suneel and Sadigh, Dorsa},
  booktitle={6th Annual Conference on Robot Learning},
  year={2022}
}

@article{nagarajan2020learning,
  title={Learning affordance landscapes for interaction exploration in 3d environments},
  author={Nagarajan, Tushar and Grauman, Kristen},
  journal={Advances in Neural Information Processing Systems},
  volume={33},
  pages={2005--2015},
  year={2020}
}

@inproceedings{qin2020keto,
  title={Keto: Learning keypoint representations for tool manipulation},
  author={Qin, Zengyi and Fang, Kuan and Zhu, Yuke and Fei-Fei, Li and Savarese, Silvio},
  booktitle={2020 IEEE International Conference on Robotics and Automation (ICRA)},
  pages={7278--7285},
  year={2020},
  organization={IEEE}
}

@inproceedings{mandikal2021learning,
  title={Learning dexterous grasping with object-centric visual affordances},
  author={Mandikal, Priyanka and Grauman, Kristen},
  booktitle={2021 IEEE international conference on robotics and automation (ICRA)},
  pages={6169--6176},
  year={2021},
  organization={IEEE}
}

@inproceedings{redmon2015real,
  title={Real-time grasp detection using convolutional neural networks},
  author={Redmon, Joseph and Angelova, Anelia},
  booktitle={2015 IEEE international conference on robotics and automation (ICRA)},
  pages={1316--1322},
  year={2015},
  organization={IEEE}
}

@article{lenz2015deep,
  title={Deep learning for detecting robotic grasps},
  author={Lenz, Ian and Lee, Honglak and Saxena, Ashutosh},
  journal={The International Journal of Robotics Research},
  volume={34},
  number={4-5},
  pages={705--724},
  year={2015},
  publisher={SAGE Publications Sage UK: London, England}
}

@inproceedings{borja2022affordance,
  title={Affordance learning from play for sample-efficient policy learning},
  author={Borja-Diaz, Jessica and Mees, Oier and Kalweit, Gabriel and Hermann, Lukas and Boedecker, Joschka and Burgard, Wolfram},
  booktitle={2022 International Conference on Robotics and Automation (ICRA)},
  pages={6372--6378},
  year={2022},
  organization={IEEE}
}

@inproceedings{wu2023learning,
  title={Learning generalizable dexterous manipulation from human grasp affordance},
  author={Wu, Yueh-Hua and Wang, Jiashun and Wang, Xiaolong},
  booktitle={Conference on Robot Learning},
  pages={618--629},
  year={2023},
  organization={PMLR}
}


@inproceedings{karayiannidis2012open,
  title={“Open sesame!” adaptive force/velocity control for opening unknown doors},
  author={Karayiannidis, Yiannis and Smith, Christian and Vina, Francisco E and Ogren, Petter and Kragic, Danica},
  booktitle={2012 IEEE/RSJ International Conference on Intelligent Robots and Systems},
  pages={4040--4047},
  year={2012},
  organization={IEEE}
}

@inproceedings{endres2013learning,
  title={Learning the dynamics of doors for robotic manipulation},
  author={Endres, Felix and Trinkle, Jeff and Burgard, Wolfram},
  booktitle={2013 IEEE/RSJ International Conference on Intelligent Robots and Systems},
  pages={3543--3549},
  year={2013},
  organization={IEEE}
}

@article{makoviychuk2021isaac,
  title={Isaac gym: High performance gpu-based physics simulation for robot learning},
  author={Makoviychuk, Viktor and Wawrzyniak, Lukasz and Guo, Yunrong and Lu, Michelle and Storey, Kier and Macklin, Miles and Hoeller, David and Rudin, Nikita and Allshire, Arthur and Handa, Ankur and others},
  journal={arXiv preprint arXiv:2108.10470},
  year={2021}
}

@InProceedings{Mo_2019_CVPR,
author = {Mo, Kaichun and Zhu, Shilin and Chang, Angel X. and Yi, Li and Tripathi, Subarna and Guibas, Leonidas J. and Su, Hao},
title = {{PartNet}: A Large-Scale Benchmark for Fine-Grained and Hierarchical Part-Level {3D} Object Understanding},
booktitle = {The IEEE Conference on Computer Vision and Pattern Recognition (CVPR)},
month = {June},
year = {2019}
}

@article{konidaris2009skill,
  title={Skill discovery in continuous reinforcement learning domains using skill chaining},
  author={Konidaris, George and Barto, Andrew},
  journal={Advances in neural information processing systems},
  volume={22},
  year={2009}
}

@inproceedings{bagaria2019option,
  title={Option discovery using deep skill chaining},
  author={Bagaria, Akhil and Konidaris, George},
  booktitle={International Conference on Learning Representations},
  year={2019}
}

@article{konidaris2012robot,
  title={Robot learning from demonstration by constructing skill trees},
  author={Konidaris, George and Kuindersma, Scott and Grupen, Roderic and Barto, Andrew},
  journal={The International Journal of Robotics Research},
  volume={31},
  number={3},
  pages={360--375},
  year={2012},
  publisher={SAGE Publications Sage UK: London, England}
}

@article{clegg2018learning,
  title={Learning to dress: Synthesizing human dressing motion via deep reinforcement learning},
  author={Clegg, Alexander and Yu, Wenhao and Tan, Jie and Liu, C Karen and Turk, Greg},
  journal={ACM Transactions on Graphics (TOG)},
  volume={37},
  number={6},
  pages={1--10},
  year={2018},
  publisher={ACM New York, NY, USA}
}

@inproceedings{lee2018composing,
  title={Composing complex skills by learning transition policies},
  author={Lee, Youngwoon and Sun, Shao-Hua and Somasundaram, Sriram and Hu, Edward S and Lim, Joseph J},
  booktitle={International Conference on Learning Representations},
  year={2018}
}

@inproceedings{lee2021t-star,
  title={Adversarial Skill Chaining for Long-Horizon Robot Manipulation via Terminal State Regularization},
  author={Youngwoon Lee and Joseph J. Lim and Anima Anandkumar and Yuke Zhu},
  booktitle={Conference on Robot Learning},
  year={2021}
}

@inproceedings{geng2023gapartnet,
  title={Gapartnet: Cross-category domain-generalizable object perception and manipulation via generalizable and actionable parts},
  author={Geng, Haoran and Xu, Helin and Zhao, Chengyang and Xu, Chao and Yi, Li and Huang, Siyuan and Wang, He},
  booktitle={Proceedings of the IEEE/CVF Conference on Computer Vision and Pattern Recognition},
  pages={7081--7091},
  year={2023}
}

@inproceedings{liu2022akb,
  title={Akb-48: A real-world articulated object knowledge base},
  author={Liu, Liu and Xu, Wenqiang and Fu, Haoyuan and Qian, Sucheng and Yu, Qiaojun and Han, Yang and Lu, Cewu},
  booktitle={Proceedings of the IEEE/CVF Conference on Computer Vision and Pattern Recognition},
  pages={14809--14818},
  year={2022}
}

@inproceedings{xiang2020sapien,
  title={Sapien: A simulated part-based interactive environment},
  author={Xiang, Fanbo and Qin, Yuzhe and Mo, Kaichun and Xia, Yikuan and Zhu, Hao and Liu, Fangchen and Liu, Minghua and Jiang, Hanxiao and Yuan, Yifu and Wang, He and others},
  booktitle={Proceedings of the IEEE/CVF Conference on Computer Vision and Pattern Recognition},
  pages={11097--11107},
  year={2020}
}

@article{wang2020learning,
  title={Learning semantic keypoint representations for door opening manipulation},
  author={Wang, Jiayu and Lin, Shize and Hu, Chuxiong and Zhu, Yu and Zhu, Limin},
  journal={IEEE Robotics and Automation Letters},
  volume={5},
  number={4},
  pages={6980--6987},
  year={2020},
  publisher={IEEE}
}

@inproceedings{geng2023partmanip,
  title={Partmanip: Learning cross-category generalizable part manipulation policy from point cloud observations},
  author={Geng, Haoran and Li, Ziming and Geng, Yiran and Chen, Jiayi and Dong, Hao and Wang, He},
  booktitle={Proceedings of the IEEE/CVF Conference on Computer Vision and Pattern Recognition},
  pages={2978--2988},
  year={2023}
}

@article{eisner2022flowbot3d,
  title={Flowbot3d: Learning 3d articulation flow to manipulate articulated objects},
  author={Eisner, Ben and Zhang, Harry and Held, David},
  journal={arXiv preprint arXiv:2205.04382},
  year={2022}
}

@article{zhu2020robosuite,
  title={robosuite: A modular simulation framework and benchmark for robot learning},
  author={Zhu, Yuke and Wong, Josiah and Mandlekar, Ajay and Mart{\'\i}n-Mart{\'\i}n, Roberto and Joshi, Abhishek and Nasiriany, Soroush and Zhu, Yifeng},
  journal={arXiv preprint arXiv:2009.12293},
  year={2020}
}

@inproceedings{qin2023dexpoint,
  title={Dexpoint: Generalizable point cloud reinforcement learning for sim-to-real dexterous manipulation},
  author={Qin, Yuzhe and Huang, Binghao and Yin, Zhao-Heng and Su, Hao and Wang, Xiaolong},
  booktitle={Conference on Robot Learning},
  pages={594--605},
  year={2023},
  organization={PMLR}
}

@misc{3dwarehouse,
   author = {Trimble},
   title = {3dwarehouse},
   howpublished = {\url{https://3dwarehouse.sketchup.com/}}
}

@inproceedings{jain2021screwnet,
  title={Screwnet: Category-independent articulation model estimation from depth images using screw theory},
  author={Jain, Ajinkya and Lioutikov, Rudolf and Chuck, Caleb and Niekum, Scott},
  booktitle={2021 IEEE International Conference on Robotics and Automation (ICRA)},
  pages={13670--13677},
  year={2021},
  organization={IEEE}
}

@article{liu2020nothing,
  title={Nothing but geometric constraints: A model-free method for articulated object pose estimation},
  author={Liu, Qihao and Qiu, Weichao and Wang, Weiyao and Hager, Gregory D and Yuille, Alan L},
  journal={arXiv preprint arXiv:2012.00088},
  year={2020}
}

@inproceedings{abbatematteo2019learning,
  title={Learning to generalize kinematic models to novel objects},
  author={Abbatematteo, Ben and Tellex, Stefanie and Konidaris, George},
  booktitle={Proceedings of the 3rd Conference on Robot Learning},
  year={2019}
}

@inproceedings{li2020category,
  title={Category-level articulated object pose estimation},
  author={Li, Xiaolong and Wang, He and Yi, Li and Guibas, Leonidas J and Abbott, A Lynn and Song, Shuran},
  booktitle={Proceedings of the IEEE/CVF conference on computer vision and pattern recognition},
  pages={3706--3715},
  year={2020}
}

@inproceedings{katz2008manipulating,
  title={Manipulating articulated objects with interactive perception},
  author={Katz, Dov and Brock, Oliver},
  booktitle={2008 IEEE International Conference on Robotics and Automation},
  pages={272--277},
  year={2008},
  organization={IEEE}
}

@inproceedings{katz2013interactive,
  title={Interactive segmentation, tracking, and kinematic modeling of unknown 3d articulated objects},
  author={Katz, Dov and Kazemi, Moslem and Bagnell, J Andrew and Stentz, Anthony},
  booktitle={2013 IEEE International Conference on Robotics and Automation},
  pages={5003--5010},
  year={2013},
  organization={IEEE}
}

@inproceedings{hausman2015active,
  title={Active articulation model estimation through interactive perception},
  author={Hausman, Karol and Niekum, Scott and Osentoski, Sarah and Sukhatme, Gaurav S},
  booktitle={2015 IEEE International Conference on Robotics and Automation (ICRA)},
  pages={3305--3312},
  year={2015},
  organization={IEEE}
}

@inproceedings{martin2016integrated,
  title={An integrated approach to visual perception of articulated objects},
  author={Mart{\'\i}n-Mart{\'\i}n, Roberto and H{\"o}fer, Sebastian and Brock, Oliver},
  booktitle={2016 IEEE international conference on robotics and automation (ICRA)},
  pages={5091--5097},
  year={2016},
  organization={IEEE}
}

@inproceedings{weng2021captra,
  title={Captra: Category-level pose tracking for rigid and articulated objects from point clouds},
  author={Weng, Yijia and Wang, He and Zhou, Qiang and Qin, Yuzhe and Duan, Yueqi and Fan, Qingnan and Chen, Baoquan and Su, Hao and Guibas, Leonidas J},
  booktitle={Proceedings of the IEEE/CVF International Conference on Computer Vision},
  pages={13209--13218},
  year={2021}
}

@article{ma2023sim2real,
  title={Sim2Real $\^{} 2$: Actively Building Explicit Physics Model for Precise Articulated Object Manipulation},
  author={Ma, Liqian and Meng, Jiaojiao and Liu, Shuntao and Chen, Weihang and Xu, Jing and Chen, Rui},
  journal={arXiv preprint arXiv:2302.10693},
  year={2023}
}

@article{nie2022structure,
  title={Structure from action: Learning interactions for articulated object 3d structure discovery},
  author={Nie, Neil and Gadre, Samir Yitzhak and Ehsani, Kiana and Song, Shuran},
  journal={arXiv preprint arXiv:2207.08997},
  year={2022}
}

@inproceedings{lv2022sagci,
  title={Sagci-system: Towards sample-efficient, generalizable, compositional, and incremental robot learning},
  author={Lv, Jun and Yu, Qiaojun and Shao, Lin and Liu, Wenhai and Xu, Wenqiang and Lu, Cewu},
  booktitle={2022 International Conference on Robotics and Automation (ICRA)},
  pages={98--105},
  year={2022},
  organization={IEEE}
}

@inproceedings{jiang2022ditto,
  title={Ditto: Building digital twins of articulated objects from interaction},
  author={Jiang, Zhenyu and Hsu, Cheng-Chun and Zhu, Yuke},
  booktitle={Proceedings of the IEEE/CVF Conference on Computer Vision and Pattern Recognition},
  pages={5616--5626},
  year={2022}
}


@inproceedings{schiavi2023learning,
  title={Learning agent-aware affordances for closed-loop interaction with articulated objects},
  author={Schiavi, Giulio and Wulkop, Paula and Rizzi, Giuseppe and Ott, Lionel and Siegwart, Roland and Chung, Jen Jen},
  booktitle={2023 IEEE International Conference on Robotics and Automation (ICRA)},
  pages={5916--5922},
  year={2023},
  organization={IEEE}
}

@inproceedings{wang2019normalized,
  title={Normalized object coordinate space for category-level 6d object pose and size estimation},
  author={Wang, He and Sridhar, Srinath and Huang, Jingwei and Valentin, Julien and Song, Shuran and Guibas, Leonidas J},
  booktitle={Proceedings of the IEEE/CVF Conference on Computer Vision and Pattern Recognition},
  pages={2642--2651},
  year={2019}
}

@article{yan2024dnact,
  title={DNAct: Diffusion Guided Multi-Task 3D Policy Learning},
  author={Yan, Ge and Wu, Yueh-Hua and Wang, Xiaolong},
  journal={arXiv preprint arXiv:2403.04115},
  year={2024}
}

@inproceedings{
wu2023learningenv,
title={Learning Environment-Aware Affordance for 3D Articulated Object Manipulation under Occlusions},
author={Ruihai Wu and Kai Cheng and Yan Zhao and Chuanruo Ning and Guanqi Zhan and Hao Dong},
booktitle={Thirty-seventh Conference on Neural Information Processing Systems},
year={2023},
url={https://openreview.net/forum?id=Re2NHYoZ5l}
}

@article{schulman2017proximal,
  title={Proximal policy optimization algorithms},
  author={Schulman, John and Wolski, Filip and Dhariwal, Prafulla and Radford, Alec and Klimov, Oleg},
  journal={arXiv preprint arXiv:1707.06347},
  year={2017}
}

@article{qi2017pointnet++,
  title={Pointnet++: Deep hierarchical feature learning on point sets in a metric space},
  author={Qi, Charles Ruizhongtai and Yi, Li and Su, Hao and Guibas, Leonidas J},
  journal={Advances in neural information processing systems},
  volume={30},
  year={2017}
}

@article{sohn2015learning,
  title={Learning structured output representation using deep conditional generative models},
  author={Sohn, Kihyuk and Lee, Honglak and Yan, Xinchen},
  journal={Advances in neural information processing systems},
  volume={28},
  year={2015}
}

@article{gibson1977theory,
  title={The theory of affordances},
  author={Gibson, James J},
  journal={Hilldale, USA},
  volume={1},
  number={2},
  pages={67--82},
  year={1977}
}

@inproceedings{zhou2019continuity,
  title={On the continuity of rotation representations in neural networks},
  author={Zhou, Yi and Barnes, Connelly and Lu, Jingwan and Yang, Jimei and Li, Hao},
  booktitle={Proceedings of the IEEE/CVF Conference on Computer Vision and Pattern Recognition},
  pages={5745--5753},
  year={2019}
}

@article{li2024unidoormanip,
  title={UniDoorManip: Learning Universal Door Manipulation Policy Over Large-scale and Diverse Door Manipulation Environments},
  author={Li, Yu and Zhang, Xiaojie and Wu, Ruihai and Zhang, Zilong and Geng, Yiran and Dong, Hao and He, Zhaofeng},
  journal={arXiv preprint arXiv:2403.02604},
  year={2024}
}

@article{ho2020denoising,
  title={Denoising diffusion probabilistic models},
  author={Ho, Jonathan and Jain, Ajay and Abbeel, Pieter},
  journal={Advances in neural information processing systems},
  volume={33},
  pages={6840--6851},
  year={2020}
}


@article{tie2025et-seed,
  author    = {Tie, Chenrui and Chen, Yue and Wu, Ruihai and Dong, Boxuan and Li, Zeyi and Gao, Chongkai and Dong, Hao},
  title     = {ET-SEED: Efficient Trajectory-Level SE(3) Equivariant Diffusion Policy},
  journal   = {ICLR},
  year      = {2025},
}
