@article{bao2023bi,
  title={A bi-step grounding paradigm for large language models in recommendation systems},
  author={Bao, Keqin and Zhang, Jizhi and Wang, Wenjie and Zhang, Yang and Yang, Zhengyi and Luo, Yancheng and Chen, Chong and Feng, Fuli and Tian, Qi},
  journal={ACM Transactions on Recommender Systems},
  year={2023},
  publisher={ACM New York, NY}
}

@inproceedings{bao2023tallrec,
  title={Tallrec: An effective and efficient tuning framework to align large language model with recommendation},
  author={Bao, Keqin and Zhang, Jizhi and Zhang, Yang and Wang, Wenjie and Feng, Fuli and He, Xiangnan},
  booktitle={Proceedings of the 17th ACM Conference on Recommender Systems},
  pages={1007--1014},
  year={2023}
}

@inproceedings{cao2024aligning,
  title={Aligning Large Language Models with Recommendation Knowledge},
  author={Cao, Yuwei and Mehta, Nikhil and Yi, Xinyang and Keshavan, Raghunandan and Heldt, Lukasz and Hong, Lichan and Chi, Ed H and Sathiamoorthy, Maheswaran},
  booktitle={Findings of the Association for Computational Linguistics: NAACL 2024},
  pages={1051--1066},
  year={2024}
}

@article{chen2024enhancing,
  title={Enhancing Item Tokenization for Generative Recommendation through Self-Improvement},
  author={Chen, Runjin and Ju, Mingxuan and Bui, Ngoc and Antypas, Dimosthenis and Cai, Stanley and Wu, Xiaopeng and Neves, Leonardo and Wang, Zhangyang and Shah, Neil and Zhao, Tong},
  journal={arXiv preprint arXiv:2412.17171},
  year={2024}
}

@article{chen2024hllm,
  title={Hllm: Enhancing sequential recommendations via hierarchical large language models for item and user modeling},
  author={Chen, Junyi and Chi, Lu and Peng, Bingyue and Yuan, Zehuan},
  journal={arXiv preprint arXiv:2409.12740},
  year={2024}
}

@inproceedings{chen2024softmax,
  title={On Softmax Direct Preference Optimization for Recommendation},
  author={Chen, Yuxin and Tan, Junfei and Zhang, An and Yang, Zhengyi and Sheng, Leheng and Zhang, Enzhi and Wang, Xiang and Chua, Tat-Seng},
  booktitle={Advances in Neural Information Processing Systems},
  pages = {27463--27489},
  year={2024}
}

@inproceedings{cui2024distillation,
  title={Distillation matters: empowering sequential recommenders to match the performance of large language models},
  author={Cui, Yu and Liu, Feng and Wang, Pengbo and Wang, Bohao and Tang, Heng and Wan, Yi and Wang, Jun and Chen, Jiawei},
  booktitle={Proceedings of the 18th ACM Conference on Recommender Systems},
  pages={507--517},
  year={2024}
}

@inproceedings{du2024enhancing,
  title={Enhancing job recommendation through llm-based generative adversarial networks},
  author={Du, Yingpeng and Luo, Di and Yan, Rui and Wang, Xiaopei and Liu, Hongzhi and Zhu, Hengshu and Song, Yang and Zhang, Jie},
  booktitle={Proceedings of the AAAI Conference on Artificial Intelligence},
  volume={38},
  number={8},
  pages={8363--8371},
  year={2024}
}

@article{gao2024sprec,
  title={SPRec: Leveraging Self-Play to Debias Preference Alignment for Large Language Model-based Recommendations},
  author={Gao, Chongming and Chen, Ruijun and Yuan, Shuai and Huang, Kexin and Yu, Yuanqing and He, Xiangnan},
  journal={arXiv preprint arXiv:2412.09243},
  year={2024}
}

@inproceedings{geng2024breaking,
  title={Breaking the length barrier: Llm-enhanced CTR prediction in long textual user behaviors},
  author={Geng, Binzong and Huan, Zhaoxin and Zhang, Xiaolu and He, Yong and Zhang, Liang and Yuan, Fajie and Zhou, Jun and Mo, Linjian},
  booktitle={Proceedings of the 47th International ACM SIGIR Conference on Research and Development in Information Retrieval},
  pages={2311--2315},
  year={2024}
}

@inproceedings{harte2023leveraging,
  title={Leveraging large language models for sequential recommendation},
  author={Harte, Jesse and Zorgdrager, Wouter and Louridas, Panos and Katsifodimos, Asterios and Jannach, Dietmar and Fragkoulis, Marios},
  booktitle={Proceedings of the 17th ACM Conference on Recommender Systems},
  pages={1096--1102},
  year={2023}
}

@inproceedings{hou2024large,
  title={Large language models are zero-shot rankers for recommender systems},
  author={Hou, Yupeng and Zhang, Junjie and Lin, Zihan and Lu, Hongyu and Xie, Ruobing and McAuley, Julian and Zhao, Wayne Xin},
  booktitle={European Conference on Information Retrieval},
  pages={364--381},
  year={2024},
  organization={Springer}
}

@article{hu2024bridging,
  title={Bridging the User-side Knowledge Gap in Knowledge-aware Recommendations with Large Language Models},
  author={Hu, Zheng and Li, Zhe and Jiao, Ziyun and Nakagawa, Satoshi and Deng, Jiawen and Cai, Shimin and Zhou, Tao and Ren, Fuji},
  journal={arXiv preprint arXiv:2412.13544},
  year={2024}
}

@article{jia2024altfs,
  title={AltFS: Agency-light Feature Selection with Large Language Models in Deep Recommender Systems},
  author={Jia, Pengyue and Du, Zhaocheng and Wang, Yichao and Zhao, Xiangyu and Li, Xiaopeng and Wang, Yuhao and Liu, Qidong and Guo, Huifeng and Tang, Ruiming},
  journal={arXiv preprint arXiv:2412.08516},
  year={2024}
}

@inproceedings{kim2024large,
  title={Large language models meet collaborative filtering: An efficient all-round llm-based recommender system},
  author={Kim, Sein and Kang, Hongseok and Choi, Seungyoon and Kim, Donghyun and Yang, Minchul and Park, Chanyoung},
  booktitle={Proceedings of the 30th ACM SIGKDD Conference on Knowledge Discovery and Data Mining},
  pages={1395--1406},
  year={2024}
}

@article{li2023e4srec,
  title={E4srec: An elegant effective efficient extensible solution of large language models for sequential recommendation},
  author={Li, Xinhang and Chen, Chong and Zhao, Xiangyu and Zhang, Yong and Xing, Chunxiao},
  journal={arXiv preprint arXiv:2312.02443},
  year={2023}
}

@article{li2024semantic,
  title={Semantic Convergence: Harmonizing Recommender Systems via Two-Stage Alignment and Behavioral Semantic Tokenization},
  author={Li, Guanghan and Zhang, Xun and Zhang, Yufei and Yin, Yifan and Yin, Guojun and Lin, Wei},
  journal={arXiv preprint arXiv:2412.13771},
  year={2024}
}

@inproceedings{liao2024llara,
  title={Llara: Large language-recommendation assistant},
  author={Liao, Jiayi and Li, Sihang and Yang, Zhengyi and Wu, Jiancan and Yuan, Yancheng and Wang, Xiang and He, Xiangnan},
  booktitle={Proceedings of the 47th International ACM SIGIR Conference on Research and Development in Information Retrieval},
  pages={1785--1795},
  year={2024}
}

@inproceedings{lin2024bridging,
  title={Bridging items and language: A transition paradigm for large language model-based recommendation},
  author={Lin, Xinyu and Wang, Wenjie and Li, Yongqi and Feng, Fuli and Ng, See-Kiong and Chua, Tat-Seng},
  booktitle={Proceedings of the 30th ACM SIGKDD Conference on Knowledge Discovery and Data Mining},
  pages={1816--1826},
  year={2024}
}

@inproceedings{lin2024clickprompt,
  title={ClickPrompt: CTR Models are Strong Prompt Generators for Adapting Language Models to CTR Prediction},
  author={Lin, Jianghao and Chen, Bo and Wang, Hangyu and Xi, Yunjia and Qu, Yanru and Dai, Xinyi and Zhang, Kangning and Tang, Ruiming and Yu, Yong and Zhang, Weinan},
  booktitle={Proceedings of the ACM on Web Conference 2024},
  pages={3319--3330},
  year={2024}
}

@inproceedings{lin2024rella,
  title={Rella: Retrieval-enhanced large language models for lifelong sequential behavior comprehension in recommendation},
  author={Lin, Jianghao and Shan, Rong and Zhu, Chenxu and Du, Kounianhua and Chen, Bo and Quan, Shigang and Tang, Ruiming and Yu, Yong and Zhang, Weinan},
  booktitle={Proceedings of the ACM on Web Conference 2024},
  pages={3497--3508},
  year={2024}
}

@article{liu2022parameter,
  title={Parameter-free dynamic graph embedding for link prediction},
  author={Liu, Jiahao and Li, Dongsheng and Gu, Hansu and Lu, Tun and Zhang, Peng and Gu, Ning},
  journal={Advances in Neural Information Processing Systems},
  volume={35},
  pages={27623--27635},
  year={2022}
}

@inproceedings{liu2023triple,
  title={Triple structural information modelling for accurate, explainable and interactive recommendation},
  author={Liu, Jiahao and Li, Dongsheng and Gu, Hansu and Lu, Tun and Zhang, Peng and Shang, Li and Gu, Ning},
  booktitle={Proceedings of the 46th International ACM SIGIR Conference on Research and Development in Information Retrieval},
  pages={1086--1095},
  year={2023}
}

@article{liu2024filtering,
  title={Filtering Discomforting Recommendations with Large Language Models},
  author={Liu, Jiahao and Shao, Yiyang and Zhang, Peng and Li, Dongsheng and Gu, Hansu and Chen, Chao and Du, Longzhi and Lu, Tun and Gu, Ning},
  journal={arXiv preprint arXiv:2410.05411},
  year={2024}
}

@inproceedings{liu2024large,
  title={Large Language Models Enhanced Sequential Recommendation for Long-tail User and Item},
  author={Liu, Qidong and Wu, Xian and Zhao, Xiangyu and Wang, Yejing and Zhang, Zijian and Tian, Feng and Zheng, Yefeng},
  booktitle={Advances in Neural Information Processing Systems},
  pages={26701--26727},
  year={2024}
}

@article{luo2024recranker,
  title={Recranker: Instruction tuning large language model as ranker for top-k recommendation},
  author={Luo, Sichun and He, Bowei and Zhao, Haohan and Shao, Wei and Qi, Yanlin and Huang, Yinya and Zhou, Aojun and Yao, Yuxuan and Li, Zongpeng and Xiao, Yuanzhang and others},
  journal={ACM Transactions on Information Systems},
  year={2024},
  publisher={ACM New York, NY}
}

@inproceedings{petruzzelli2024instructing,
  title={Instructing and prompting large language models for explainable cross-domain recommendations},
  author={Petruzzelli, Alessandro and Musto, Cataldo and Laraspata, Lucrezia and Rinaldi, Ivan and de Gemmis, Marco and Lops, Pasquale and Semeraro, Giovanni},
  booktitle={Proceedings of the 18th ACM Conference on Recommender Systems},
  pages={298--308},
  year={2024}
}

@inproceedings{ren2024representation,
  title={Representation learning with large language models for recommendation},
  author={Ren, Xubin and Wei, Wei and Xia, Lianghao and Su, Lixin and Cheng, Suqi and Wang, Junfeng and Yin, Dawei and Huang, Chao},
  booktitle={Proceedings of the ACM on Web Conference 2024},
  pages={3464--3475},
  year={2024}
}

@article{sakurai2024llm,
  title={LLM is Knowledge Graph Reasoner: LLM's Intuition-aware Knowledge Graph Reasoning for Cold-start Sequential Recommendation},
  author={Sakurai, Keigo and Togo, Ren and Ogawa, Takahiro and Haseyama, Miki},
  journal={arXiv preprint arXiv:2412.12464},
  year={2024}
}

@inproceedings{sun2024large,
  title={Large language models for intent-driven session recommendations},
  author={Sun, Zhu and Liu, Hongyang and Qu, Xinghua and Feng, Kaidong and Wang, Yan and Ong, Yew Soon},
  booktitle={Proceedings of the 47th International ACM SIGIR Conference on Research and Development in Information Retrieval},
  pages={324--334},
  year={2024}
}

@inproceedings{sun2024largecf,
  title={Large language models enhanced collaborative filtering},
  author={Sun, Zhongxiang and Si, Zihua and Zang, Xiaoxue and Zheng, Kai and Song, Yang and Zhang, Xiao and Xu, Jun},
  booktitle={Proceedings of the 33rd ACM International Conference on Information and Knowledge Management},
  pages={2178--2188},
  year={2024}
}

@inproceedings{wang2024can,
  title={Can Small Language Models be Good Reasoners for Sequential Recommendation?},
  author={Wang, Yuling and Tian, Changxin and Hu, Binbin and Yu, Yanhua and Liu, Ziqi and Zhang, Zhiqiang and Zhou, Jun and Pang, Liang and Wang, Xiao},
  booktitle={Proceedings of the ACM on Web Conference 2024},
  pages={3876--3887},
  year={2024}
}

@inproceedings{wang2024large,
  title={Large Language Models as Data Augmenters for Cold-Start Item Recommendation},
  author={Wang, Jianling and Lu, Haokai and Caverlee, James and Chi, Ed H and Chen, Minmin},
  booktitle={Companion Proceedings of the ACM on Web Conference 2024},
  pages={726--729},
  year={2024}
}

@inproceedings{wang2024llmrg,
  title={LLMRG: Improving Recommendations through Large Language Model Reasoning Graphs},
  author={Wang, Yan and Chu, Zhixuan and Ouyang, Xin and Wang, Simeng and Hao, Hongyan and Shen, Yue and Gu, Jinjie and Xue, Siqiao and Zhang, James and Cui, Qing and others},
  booktitle={Proceedings of the AAAI Conference on Artificial Intelligence},
  volume={38},
  number={17},
  pages={19189--19196},
  year={2024}
}

@inproceedings{wang2024llms,
  title={Llms for user interest exploration in large-scale recommendation systems},
  author={Wang, Jianling and Lu, Haokai and Liu, Yifan and Ma, He and Wang, Yueqi and Gu, Yang and Zhang, Shuzhou and Han, Ningren and Bi, Shuchao and Baugher, Lexi and others},
  booktitle={Proceedings of the 18th ACM Conference on Recommender Systems},
  pages={872--877},
  year={2024}
}

@inproceedings{wang2024whole,
  title={The Whole is Better than the Sum: Using Aggregated Demonstrations in In-Context Learning for Sequential Recommendation},
  author={Wang, Lei and Lim, Ee-Peng},
  booktitle={Findings of the Association for Computational Linguistics: NAACL 2024},
  pages={876--895},
  year={2024}
}

@inproceedings{wei2024llmrec,
  title={Llmrec: Large language models with graph augmentation for recommendation},
  author={Wei, Wei and Ren, Xubin and Tang, Jiabin and Wang, Qinyong and Su, Lixin and Cheng, Suqi and Wang, Junfeng and Yin, Dawei and Huang, Chao},
  booktitle={Proceedings of the 17th ACM International Conference on Web Search and Data Mining},
  pages={806--815},
  year={2024}
}

@inproceedings{xi2024towards,
  title={Towards open-world recommendation with knowledge augmentation from large language models},
  author={Xi, Yunjia and Liu, Weiwen and Lin, Jianghao and Cai, Xiaoling and Zhu, Hong and Zhu, Jieming and Chen, Bo and Tang, Ruiming and Zhang, Weinan and Yu, Yong},
  booktitle={Proceedings of the 18th ACM Conference on Recommender Systems},
  pages={12--22},
  year={2024}
}

@inproceedings{yang2024sequential,
  title={Sequential recommendation with latent relations based on large language model},
  author={Yang, Shenghao and Ma, Weizhi and Sun, Peijie and Ai, Qingyao and Liu, Yiqun and Cai, Mingchen and Zhang, Min},
  booktitle={Proceedings of the 47th International ACM SIGIR Conference on Research and Development in Information Retrieval},
  pages={335--344},
  year={2024}
}

@article{yu2024break,
  title={Break the ID-Language Barrier: An Adaption Framework for Sequential Recommendation},
  author={Yu, Xiaohan and Zhang, Li and Zhao, Xin and Wang, Yue},
  journal={arXiv preprint arXiv:2411.18262},
  year={2024}
}

@article{yue2023llamarec,
  title={LlamaRec: Two-stage recommendation using large language models for ranking},
  author={Yue, Zhenrui and Rabhi, Sara and Moreira, Gabriel de Souza Pereira and Wang, Dong and Oldridge, Even},
  journal={arXiv preprint arXiv:2311.02089},
  year={2023}
}

@inproceedings{zhang2024embsum,
  title={Embsum: Leveraging the summarization capabilities of large language models for content-based recommendations},
  author={Zhang, Chiyu and Sun, Yifei and Wu, Minghao and Chen, Jun and Lei, Jie and Abdul-Mageed, Muhammad and Jin, Rong and Liu, Angli and Zhu, Ji and Park, Sem and others},
  booktitle={Proceedings of the 18th ACM Conference on Recommender Systems},
  pages={1010--1015},
  year={2024}
}

@inproceedings{zhang2024finerec,
  title={Finerec: Exploring fine-grained sequential recommendation},
  author={Zhang, Xiaokun and Xu, Bo and Wu, Youlin and Zhong, Yuan and Lin, Hongfei and Ma, Fenglong},
  booktitle={Proceedings of the 47th International ACM SIGIR Conference on Research and Development in Information Retrieval},
  pages={1599--1608},
  year={2024}
}

@inproceedings{zhang2024notellm,
  title={NoteLLM: A Retrievable Large Language Model for Note Recommendation},
  author={Zhang, Chao and Wu, Shiwei and Zhang, Haoxin and Xu, Tong and Gao, Yan and Hu, Yao and Chen, Enhong},
  booktitle={Companion Proceedings of the ACM on Web Conference 2024},
  pages={170--179},
  year={2024}
}

@article{zhang2024recgpt,
  title={RecGPT: Generative Personalized Prompts for Sequential Recommendation via ChatGPT Training Paradigm},
  author={Zhang, Yabin and Yu, Wenhui and Zhang, Erhan and Chen, Xu and Hu, Lantao and Jiang, Peng and Gai, Kun},
  journal={arXiv preprint arXiv:2404.08675},
  year={2024}
}

@inproceedings{zhang2024text,
  title={Text-like Encoding of Collaborative Information in Large Language Models for Recommendation},
  author={Zhang, Yang and Bao, Keqin and Yan, Ming and Wang, Wenjie and Feng, Fuli and He, Xiangnan},
  booktitle={Proceedings of the 62nd Annual Meeting of the Association for Computational Linguistics (Volume 1: Long Papers)},
  pages={9181--9191},
  year={2024}
}

@inproceedings{zheng2024adapting,
  title={Adapting large language models by integrating collaborative semantics for recommendation},
  author={Zheng, Bowen and Hou, Yupeng and Lu, Hongyu and Chen, Yu and Zhao, Wayne Xin and Chen, Ming and Wen, Ji-Rong},
  booktitle={2024 IEEE 40th International Conference on Data Engineering (ICDE)},
  pages={1435--1448},
  year={2024},
  organization={IEEE}
}

@inproceedings{zheng2024harnessing,
  title={Harnessing large language models for text-rich sequential recommendation},
  author={Zheng, Zhi and Chao, Wenshuo and Qiu, Zhaopeng and Zhu, Hengshu and Xiong, Hui},
  booktitle={Proceedings of the ACM on Web Conference 2024},
  pages={3207--3216},
  year={2024}
}

