@article{Hinton_2006,
author = {G. E. Hinton  and R. R. Salakhutdinov },
title = {Reducing the Dimensionality of Data with Neural Networks},
journal = {Science},
volume = {313},
number = {5786},
pages = {504-507},
year = {2006},
doi = {10.1126/science.1127647},
URL = {https://www.science.org/doi/abs/10.1126/science.1127647}
}

@article{Mitarai_2018,
title={Quantum circuit learning},
volume={98},
ISSN={2469-9934},
url={http://dx.doi.org/10.1103/PhysRevA.98.032309},
DOI={10.1103/physreva.98.032309},
number={3},
journal={Physical Review A},
publisher={American Physical Society (APS)},
author={Mitarai, K. and Negoro, M. and Kitagawa, M. and Fujii, K.},
year={2018},
month=sep }

@article{Romero_2017,
title={Quantum autoencoders for efficient compression of quantum data},
volume={2},
ISSN={2058-9565},
url={http://dx.doi.org/10.1088/2058-9565/aa8072},
DOI={10.1088/2058-9565/aa8072},
number={4},
journal={Quantum Science and Technology},
publisher={IOP Publishing},
author={Romero, Jonathan and Olson, Jonathan P and Aspuru-Guzik, Alan},
year={2017},
month=aug, pages={045001}
}

