@article{Zhang_2020,
title={Recent advances in quantum machine learning},
author={Yao Zhang and Qiang Ni},
journal={Quantum Eng.},
year={2020},
volume={2},
url={https://api.semanticscholar.org/CorpusID:215892603},
DOI={10.1002/que2.34}
}

@article{Tycola_2023,
AUTHOR = {Tychola, Kyriaki A. and Kalampokas, Theofanis and Papakostas, George A.},
TITLE = {Quantum Machine Learning-An Overview},
JOURNAL = {Electronics},
VOLUME = {12},
YEAR = {2023},
NUMBER = {11},
ARTICLE-NUMBER = {2379},
URL = {https://www.mdpi.com/2079-9292/12/11/2379},
ISSN = {2079-9292},
DOI = {10.3390/electronics12112379}
}

@article{Cong_2019,
title={Quantum convolutional neural networks},
volume={15},
ISSN={1745-2481},
url={http://dx.doi.org/10.1038/s41567-019-0648-8},
DOI={10.1038/s41567-019-0648-8},
number={12},
journal={Nature Physics},
publisher={Springer Science and Business Media LLC},
author={Cong, Iris and Choi, Soonwon and Lukin, Mikhail D.},
year={2019},
month=aug, pages={1273–1278} }

@article{Henderson_2019,
title={Quanvolutional neural networks: powering image recognition with quantum circuits},
author={Maxwell P. Henderson and Samriddhi Shakya and Shashindra Pradhan and Tristan Cook},
journal={Quantum Machine Intelligence},
year={2019},
volume={2},
url={https://api.semanticscholar.org/CorpusID:104291950},
DOI={10.1007/s42484-020-00012-y}
}

@article{Khan_2020,
title={A survey of the recent architectures of deep convolutional neural networks},
volume={53},
ISSN={1573-7462},
url={http://dx.doi.org/10.1007/s10462-020-09825-6},
DOI={10.1007/s10462-020-09825-6},
number={8},
journal={Artificial Intelligence Review},
publisher={Springer Science and Business Media LLC},
author={Khan, Asifullah and Sohail, Anabia and Zahoora, Umme and Qureshi, Aqsa Saeed},
year={2020},
month=apr, pages={5455–5516} }

@article{Wei_2022,
author = {Li, Wei and Pengcheng, Chu and Liu, Guang-Zhe and Tian, Yan-Bing and Qiu, Tian-Hui and Wang, Shu-Mei},
year = {2022},
month = {07},
pages = {1-9},
title = {An Image Classification Algorithm Based on Hybrid Quantum Classical Convolutional Neural Network},
volume = {2022},
journal = {Quantum Engineering},
doi = {10.1155/2022/5701479}
}

@INPROCEEDINGS{Matic_2022,
author = {A. Matic and M. Monnet and J. Lorenz and B. Schachtner and T. Messerer},
booktitle = {2022 IEEE International Conference on Quantum Computing and Engineering (QCE)},
title = {Quantum-classical convolutional neural networks in radiological image classification},
year = {2022},
volume = {},
ISSN = {},
pages = {56-66},
doi = {10.1109/QCE53715.2022.00024},
publisher = {IEEE Computer Society},
address = {Los Alamitos, CA, USA},
month = {sep}
}

@article{Hassan_2024,
title = {A quantum convolutional network and ResNet (50)-based classification architecture for the MNIST medical dataset},
journal = {Biomedical Signal Processing and Control},
volume = {87},
pages = {105560},
year = {2024},
ISSN = {1746-8094},
doi = {https://doi.org/10.1016/j.bspc.2023.105560},
url = {https://www.sciencedirect.com/science/article/pii/S174680942300993X},
author = {Esraa Hassan and M. Shamim Hossain and Abeer Saber and Samir Elmougy and Ahmed Ghoneim and Ghulam Muhammad}
}

@article{Romero_2017,
title={Quantum autoencoders for efficient compression of quantum data},
volume={2},
ISSN={2058-9565},
url={http://dx.doi.org/10.1088/2058-9565/aa8072},
DOI={10.1088/2058-9565/aa8072},
number={4},
journal={Quantum Science and Technology},
publisher={IOP Publishing},
author={Romero, Jonathan and Olson, Jonathan P and Aspuru-Guzik, Alan},
year={2017},
month=aug, pages={045001}
}

@article{Mangini_2022,
title={Quantum neural network autoencoder and classifier applied to an industrial case study},
volume={4},
ISSN={2524-4914},
url={http://dx.doi.org/10.1007/s42484-022-00070-4},
DOI={10.1007/s42484-022-00070-4},
number={2},
journal={Quantum Machine Intelligence},
publisher={Springer Science and Business Media LLC},
author={Mangini, Stefano and Marruzzo, Alessia and Piantanida, Marco and Gerace, Dario and Bajoni, Daniele and Macchiavello, Chiara},
year={2022},
month=jun
}

@article{Srikumar_2021,
title={Clustering and enhanced classification using a hybrid quantum autoencoder},
volume={7},
ISSN={2058-9565},
url={http://dx.doi.org/10.1088/2058-9565/ac3c53},
DOI={10.1088/2058-9565/ac3c53},
number={1},
journal={Quantum Science and Technology},
publisher={IOP Publishing},
author={Srikumar, Maiyuren and Hill, Charles D and Hollenberg, Lloyd C L},
year={2021},
month=dec, pages={015020}
}

@article{Ngair_2022,
title = {Anomaly detection in high-energy physics using a quantum autoencoder},
author = {Ngairangbam, Vishal S. and Spannowsky, Michael and Takeuchi, Michihisa},
journal = {Phys. Rev. D},
volume = {105},
issue = {9},
pages = {095004},
year = {2022},
month = {May},
publisher = {American Physical Society},
doi = {10.1103/PhysRevD.105.095004},
url = {https://link.aps.org/doi/10.1103/PhysRevD.105.095004}
}

@article{Hinton_2006,
author = {G. E. Hinton  and R. R. Salakhutdinov },
title = {Reducing the Dimensionality of Data with Neural Networks},
journal = {Science},
volume = {313},
number = {5786},
pages = {504-507},
year = {2006},
doi = {10.1126/science.1127647},
URL = {https://www.science.org/doi/abs/10.1126/science.1127647}
}

@misc{Qiskit,
author = {{Qiskit contributors}},
title = {Qiskit: An Open-source Framework for Quantum Computing},
year = {2023},
doi = {10.5281/zenodo.2573505}
}

@article{O_Malley_2018,
   title={Nonnegative/Binary matrix factorization with a D-Wave quantum annealer},
   volume={13},
   ISSN={1932-6203},
   url={http://dx.doi.org/10.1371/journal.pone.0206653},
   DOI={10.1371/journal.pone.0206653},
   number={12},
   journal={PLOS ONE},
   publisher={Public Library of Science (PLoS)},
   author={O’Malley, Daniel and Vesselinov, Velimir V. and Alexandrov, Boian S. and Alexandrov, Ludmil B.},
   editor={Olier, Ivan},
   year={2018},
   month=dec, pages={e0206653} }

@article{Asaoka_2023,
title={Nonnegative/Binary matrix factorization for image classification using quantum annealing},
volume={13},
ISSN={2045-2322},
url={http://dx.doi.org/10.1038/s41598-023-43729-z},
DOI={10.1038/s41598-023-43729-z},
number={1},
journal={Scientific Reports},
publisher={Springer Science and Business Media LLC},
author={Asaoka, Hinako and Kudo, Kazue},
year={2023},
month=oct
}

@article{Mitarai_2018,
title={Quantum circuit learning},
volume={98},
ISSN={2469-9934},
url={http://dx.doi.org/10.1103/PhysRevA.98.032309},
DOI={10.1103/physreva.98.032309},
number={3},
journal={Physical Review A},
publisher={American Physical Society (APS)},
author={Mitarai, K. and Negoro, M. and Kitagawa, M. and Fujii, K.},
year={2018},
month=sep }

@article{Xiong_2025,
doi = {10.1088/2058-9565/ad80bd},
url = {https://dx.doi.org/10.1088/2058-9565/ad80bd},
year = {2024},
month = {oct},
publisher = {IOP Publishing},
volume = {10},
number = {1},
pages = {015007},
author = {Xiong, Qibing and Fei, Yangyang and Du, Qiming and Zhao, Bo and Di, Shiqin and Shan, Zheng},
title = {A modified lightweight quantum convolutional neural network for malicious code detection},
journal = {Quantum Science and Technology}}

@Article{Thakkar_2024,
author={Thakkar, Sohum
and Kazdaghli, Skander
and Mathur, Natansh
and Kerenidis, Iordanis
and Ferreira--Martins, Andr{\'e} J.
and Brito, Samurai},
title={Improved financial forecasting via quantum machine learning},
journal={Quantum Machine Intelligence},
year={2024},
month={May},
day={07},
volume={6},
number={1},
pages={27},
issn={2524-4914},
doi={10.1007/s42484-024-00157-0},
url={https://doi.org/10.1007/s42484-024-00157-0}
}

@Article{Song_2024,
author={Song, Zhihui
and Zhou, Xin
and Xu, Jinchen
and Ding, Xiaodong
and Shan, Zheng},
title={Recurrent quantum embedding neural network and its application in vulnerability detection},
journal={Scientific Reports},
year={2024},
month={Jun},
day={13},
volume={14},
number={1},
pages={13642},
issn={2045-2322},
doi={10.1038/s41598-024-63021-y},
url={https://doi.org/10.1038/s41598-024-63021-y}
}

@article{Hur_2022,
title={Quantum convolutional neural network for classical data classification},
volume={4},
ISSN={2524-4914},
url={http://dx.doi.org/10.1007/s42484-021-00061-x},
DOI={10.1007/s42484-021-00061-x},
number={1},
journal={Quantum Machine Intelligence},
publisher={Springer Science and Business Media LLC},
author={Hur, Tak and Kim, Leeseok and Park, Daniel K.},
year={2022},
month=feb }

@Article{Zhu_2023,
author={Zhu, Yan
and Bai, Ge
and Wang, Yuexuan
and Li, Tongyang
and Chiribella, Giulio},
title={Quantum autoencoders for communication-efficient cloud computing},
journal={Quantum Machine Intelligence},
year={2023},
month={Jul},
day={10},
volume={5},
number={2},
pages={27},
issn={2524-4914},
doi={10.1007/s42484-023-00112-5},
url={https://doi.org/10.1007/s42484-023-00112-5}
}

@article{Sakhnenko_2022,
title={Hybrid classical-quantum autoencoder for anomaly detection},
volume={4},
ISSN={2524-4914},
url={http://dx.doi.org/10.1007/s42484-022-00075-z},
DOI={10.1007/s42484-022-00075-z},
number={2},
journal={Quantum Machine Intelligence},
publisher={Springer Science and Business Media LLC},
author={Sakhnenko, Alona and O’Meara, Corey and Ghosh, Kumar J. B. and Mendl, Christian B. and Cortiana, Giorgio and Bernabé-Moreno, Juan},
year={2022},
month=sep }

@Article{Wang_2024,
author={Wang, Hengyan
and Tan, Jing
and Huang, Yixiao
and Zheng, Wenqiang},
title={Quantum image compression with autoencoders based on parameterized quantum circuits},
journal={Quantum Information Processing},
year={2024},
month={Jan},
day={30},
volume={23},
number={2},
pages={41},
issn={1573-1332},
doi={10.1007/s11128-023-04243-3},
url={https://doi.org/10.1007/s11128-023-04243-3}
}


@article{Sim_2019,
title={Expressibility and Entangling Capability of Parameterized Quantum Circuits for Hybrid Quantum‐Classical Algorithms},
volume={2},
ISSN={2511-9044},
url={http://dx.doi.org/10.1002/qute.201900070},
DOI={10.1002/qute.201900070},
number={12},
journal={Advanced Quantum Technologies},
publisher={Wiley},
author={Sim, Sukin and Johnson, Peter D. and Aspuru‐Guzik, Alán},
year={2019},
month=oct }

@Article{Hubregtsen_2021,
author={Hubregtsen, Thomas
and Pichlmeier, Josef
and Stecher, Patrick
and Bertels, Koen},
title={Evaluation of parameterized quantum circuits: on the relation between classification accuracy, expressibility, and entangling capability},
journal={Quantum Machine Intelligence},
year={2021},
month={Mar},
day={11},
volume={3},
number={1},
pages={9},
issn={2524-4914},
doi={10.1007/s42484-021-00038-w},
url={https://doi.org/10.1007/s42484-021-00038-w}
}

@Article{Biamonte_2017,
author={Biamonte, Jacob
and Wittek, Peter
and Pancotti, Nicola
and Rebentrost, Patrick
and Wiebe, Nathan
and Lloyd, Seth},
title={Quantum machine learning},
journal={Nature},
year={2017},
month={Sep},
day={01},
volume={549},
number={7671},
pages={195-202},
issn={1476-4687},
doi={10.1038/nature23474},
url={https://doi.org/10.1038/nature23474}
}

@article{Shor_1997,
title={Polynomial-Time Algorithms for Prime Factorization and Discrete Logarithms on a Quantum Computer},
volume={26},
ISSN={1095-7111},
url={http://dx.doi.org/10.1137/S0097539795293172},
DOI={10.1137/s0097539795293172},
number={5},
journal={SIAM Journal on Computing},
publisher={Society for Industrial & Applied Mathematics (SIAM)},
author={Shor, Peter W.},
year={1997},
month=oct, pages={1484–1509} }

@Article{Adhikary_2020,
author={Adhikary, Soumik
and Dangwal, Siddharth
and Bhowmik, Debanjan},
title={Supervised learning with a quantum classifier using multi-level systems},
journal={Quantum Information Processing},
year={2020},
month={Jan},
day={21},
volume={19},
number={3},
pages={89},
issn={1573-1332},
doi={10.1007/s11128-020-2587-9},
url={https://doi.org/10.1007/s11128-020-2587-9}
}

@Article{Chakraborty2020,
author={Chakraborty, Sanjay
and Shaikh, Soharab Hossain
and Chakrabarti, Amlan
and Ghosh, Ranjan},
title={A hybrid quantum feature selection algorithm using a quantum inspired graph theoretic approach},
journal={Applied Intelligence},
year={2020},
month={Jun},
day={01},
volume={50},
number={6},
pages={1775-1793},
issn={1573-7497},
doi={10.1007/s10489-019-01604-3},
url={https://doi.org/10.1007/s10489-019-01604-3}
}

@article{Pellow_Jarman_2024,
title={Hybrid genetic optimization for quantum feature map design},
volume={6},
ISSN={2524-4914},
url={http://dx.doi.org/10.1007/s42484-024-00177-w},
DOI={10.1007/s42484-024-00177-w},
number={2},
journal={Quantum Machine Intelligence},
publisher={Springer Science and Business Media LLC},
author={Pellow-Jarman, Rowan and Pillay, Anban and Sinayskiy, Ilya and Petruccione, Francesco},
year={2024},
month=jul
}

@article{Bonet_Monroig_2023,
title={Performance comparison of optimization methods on variational quantum algorithms},
volume={107},
ISSN={2469-9934},
url={http://dx.doi.org/10.1103/PhysRevA.107.032407},
DOI={10.1103/physreva.107.032407},
number={3},
journal={Physical Review A},
publisher={American Physical Society (APS)},
author={Bonet-Monroig, Xavier and Wang, Hao and Vermetten, Diederick and Senjean, Bruno and Moussa, Charles and Bäck, Thomas and Dunjko, Vedran and O’Brien, Thomas E.},
year={2023},
month=mar }

@ARTICLE{Alessandro_2022,
author={Sebastianelli, Alessandro and Zaidenberg, Daniela Alessandra and Spiller, Dario and Saux, Bertrand Le and Ullo, Silvia Liberata},
journal={IEEE Journal of Selected Topics in Applied Earth Observations and Remote Sensing},
title={On Circuit-Based Hybrid Quantum Neural Networks for Remote Sensing Imagery Classification},
year={2022},
volume={15},
number={},
pages={565-580},
doi={10.1109/JSTARS.2021.3134785}}