@inproceedings{Bierlaire2003,
address = {Ascona, Switzerland},
author = {Bierlaire, Michel},
booktitle = {3rd Swiss Transportation Research Conference},
title = {{BIOGEME: A free package for the estimation of discrete choice models.}},
url = {http://biogeme.epfl.ch/},
year = {2003}
}

@article{ajzen1991theory,
  title={The theory of planned behavior},
  author={Ajzen, Icek},
  journal={Organizational behavior and human decision processes},
  volume={50},
  number={2},
  pages={179--211},
  year={1991},
  publisher={Elsevier}
}

@article{arbabzadeh2019hybrid,
  title={A hybrid approach for identifying factors affecting driver reaction time using naturalistic driving data},
  author={Arbabzadeh, Nasim and Jafari, Mohsen and Jalayer, Mohammad and Jiang, Shan and Kharbeche, Mohamed},
  journal={TR Part C},
  volume={100},
  pages={107--124},
  year={2019},
  publisher={Elsevier}
}
@inproceedings{liao2024human2,
  title={Human observation-inspired trajectory prediction for autonomous driving in mixed-autonomy traffic environments},
  author={Liao, Haicheng and Liu, Shangqian and Li, Yongkang and Li, Zhenning and Wang, Chengyue and Li, Yunjian and Li, Shengbo Eben and Xu, Chengzhong},
  booktitle={ ICRA},
  pages={14212--14219},
  year={2024},
  organization={IEEE}
}

@article{wang2025wake,
  title={WAKE: Towards Robust and Physically Feasible Trajectory Prediction for Autonomous Vehicles With WAvelet and KinEmatics Synergy},
  author={Wang, Chengyue and Liao, Haicheng and Li, Zhenning and Xu, Chengzhong},
  journal={IEEE Transactions on Pattern Analysis and Machine Intelligence},
  year={2025},
  publisher={IEEE}
}

@article{wang2024dynamics,
  title={A Dynamics-Enhanced Learning Model for Multi-Horizon Trajectory Prediction in Autonomous Vehicles},
  author={Wang, Chengyue and Liao, Haicheng and Zhu, Kaiqun and Zhang, Guohui and Li, Zhenning},
  journal={arXiv preprint arXiv:2412.20784},
  year={2024}
}
@article{brannstrom2010model,
  title={Model-based threat assessment for avoiding arbitrary vehicle collisions},
  author={Br{\"a}nnstr{\"o}m, Mattias and Coelingh, Erik and Sj{\"o}berg, Jonas},
  journal={IEEE TITS},
  volume={11},
  number={3},
  pages={658--669},
  year={2010},
  publisher={IEEE}
}
@ARTICLE{10468619,
  author={Liao, Haicheng and Li, Yongkang and Li, Zhenning and Wang, Chengyue and Cui, Zhiyong and Li, Shengbo Eben and Xu, Chengzhong},
  journal={IEEE TIV}, 
  title={A Cognitive-Based Trajectory Prediction Approach for Autonomous Driving}, 
  year={2024},
  volume={9},
  number={4},
  pages={4632-4643},}

@article{liao2024human,
  title={Human observation-inspired trajectory prediction for autonomous driving in mixed-autonomy traffic environments},
  author={Liao, Haicheng and Liu, Shangqian and Li, Yongkang and Li, Zhenning and Wang, Chengyue and Wang, Bonan and Guan, Yanchen and Xu, Chengzhong},
  journal={ICRA},
  year={2024}
}
@article{zuckerman1990psychophysiology,
  title={The psychophysiology of sensation seeking},
  author={Zuckerman, Marvin},
  journal={Journal of personality},
  volume={58},
  number={1},
  pages={313--345},
  year={1990},
  publisher={Wiley Online Library}
}

@incollection{rabin2013risk,
  title={Risk aversion and expected-utility theory: A calibration theorem},
  author={Rabin, Matihew},
  booktitle={Handbook of the fundamentals of financial decision making: Part I},
  pages={241--252},
  year={2013},
  publisher={World Scientific}
}

@article{chung2015social,
  title={Social signals of safety and risk confer utility and have asymmetric effects on observers' choices},
  author={Chung, Dongil and Christopoulos, George I and King-Casas, Brooks and Ball, Sheryl B and Chiu, Pearl H},
  journal={Nature neuroscience},
  volume={18},
  number={6},
  pages={912--916},
  year={2015},
  publisher={Nature Publishing Group US New York}
}

@article{broadbent2023cognitive,
  title={Cognitive load, working memory capacity and driving performance: A preliminary fNIRS and eye tracking study},
  author={Broadbent, David P and D'Innocenzo, Giorgia and Ellmers, Toby J and Parsler, Justin and Szameitat, Andre J and Bishop, Daniel T},
  journal={TR Part F},
  volume={92},
  pages={121--132},
  year={2023},
  publisher={Elsevier}
}

@article{liao2023gpt,
  title={GPT-4 Enhanced Multimodal Grounding for Autonomous Driving: Leveraging Cross-Modal Attention with Large Language Models},
  author={Liao, Haicheng and Shen, Huanming and Li, Zhenning and Wang, Chengyue and Li, Guofa and Bie, Yiming and Xu, Chengzhong},
  journal={arXiv preprint arXiv:2312.03543},
  year={2023}
}


@misc{liao2023bat,
      title={BAT: Behavior-Aware Human-Like Trajectory Prediction for Autonomous Driving}, 
      author={Haicheng Liao and Zhenning Li and Huanming Shen and Wenxuan Zeng and Guofa Li and Shengbo Eben Li and Chengzhong Xu},
      year={2023},
      eprint={2312.06371},
      archivePrefix={arXiv},
      primaryClass={cs.RO}
}

@article{wang2024nest,
  title={NEST: A Neuromodulated Small-world Hypergraph Trajectory Prediction Model for Autonomous Driving},
  author={Wang, Chengyue and Liao, Haicheng and Wang, Bonan and Guan, Yanchen and Rao, Bin and Pu, Ziyuan and Cui, Zhiyong and Xu, Chengzhong and Li, Zhenning},
  journal={arXiv preprint arXiv:2412.11682},
  year={2024}
}

@incollection{liao2024less,
  title={Less is More: Efficient Brain-Inspired Learning for Autonomous Driving Trajectory Prediction},
  author={Liao, Haicheng and Li, Yongkang and Li, Zhenning and Wang, Chengyue and Li, Guofa and Tian, Chunlin and Bian, Zilin and Zhu, Kaiqun and Cui, Zhiyong and Hu, Jia},
  booktitle={ECAI 2024},
  pages={4361--4368},
  year={2024},
  publisher={IOS Press}
}

@article{liao2024real,
  title={Real-time accident anticipation for autonomous driving through monocular depth-enhanced 3D modeling},
  author={Liao, Haicheng and Li, Yongkang and Li, Zhenning and Bian, Zilin and Lee, Jaeyoung and Cui, Zhiyong and Zhang, Guohui and Xu, Chengzhong},
  journal={Accident Analysis \& Prevention},
  volume={207},
  pages={107760},
  year={2024},
  publisher={Elsevier}
}

@inproceedings{ijcai2024p657,
  title     = {MFTraj: Map-Free, Behavior-Driven Trajectory Prediction for Autonomous Driving},
  author    = {Liao, Haicheng and Li, Zhenning and Wang, Chengyue and Shen, Huanming and Liao, Dongping and Wang, Bonan and Li, Guofa and Xu, Chengzhong},
  booktitle = {Proceedings of IJCAI},
  pages     = {5945--5953},
  year      = {2024},
}

@article{LIAO2024107760,
title = {Real-time accident anticipation for autonomous driving through monocular depth-enhanced 3D modeling},
journal = {Accident Analysis & Prevention},
volume = {207},
pages = {107760},
year = {2024},
issn = {0001-4575},
doi = {https://doi.org/10.1016/j.aap.2024.107760},
author = {Haicheng Liao and Yongkang Li and Zhenning Li and Zilin Bian and Jaeyoung Lee and Zhiyong Cui and Guohui Zhang and Chengzhong Xu},
}

@inproceedings{ijcai2024p656,
  title     = {A Cognitive-Driven Trajectory Prediction Model for Autonomous Driving in Mixed Autonomy Environments},
  author    = {Liao, Haicheng and Li, Zhenning and Wang, Chengyue and Wang, Bonan and Kong, Hanlin and Guan, Yanchen and Li, Guofa and Cui, Zhiyong},
  booktitle = {Proceedings of the IJCAI-24},
  publisher = {IJCAI},
  pages     = {5936--5944},
  year      = {2024},
  month     = {8},
  doi       = {10.24963/ijcai.2024/656},
}


@article{LIAO2024100116,
title = {GPT-4 enhanced multimodal grounding for autonomous driving: Leveraging cross-modal attention with large language models},
journal = {Communications in Transportation Research},
volume = {4},
pages = {100116},
year = {2024},
issn = {2772-4247},
doi = {https://doi.org/10.1016/j.commtr.2023.100116},
author = {Haicheng Liao and Huanming Shen and Zhenning Li and Chengyue Wang and Guofa Li and Yiming Bie and Chengzhong Xu},
}


@inproceedings{ijcai2024p811,
  title     = {CDSTraj: Characterized Diffusion and Spatial-Temporal Interaction Network for Trajectory Prediction in Autonomous Driving},
  author    = {Liao, Haicheng and Li, Xuelin and Li, Yongkang and Kong, Hanlin and Wang, Chengyue and Wang, Bonan and Guan, Yanchen and Tam, KaHou and Li, Zhenning},
  booktitle = {Proceedings of the IJCAI-24},
  publisher = {IJCAI},
  pages     = {7331--7339},
  year      = {2024},
  month     = {8},
  note      = {AI for Good},
  doi       = {10.24963/ijcai.2024/811},
}



@article{kronemer2022human,
  title={Human visual consciousness involves large scale cortical and subcortical networks independent of task report and eye movement activity},
  author={Kronemer, Sharif I and Aksen, Mark and Ding, Julia Z and Ryu, Jun Hwan and Xin, Qilong and Ding, Zhaoxiong and Prince, Jacob S and Kwon, Hunki and Khalaf, Aya and Forman, Sarit and others},
  journal={Nature Communications},
  volume={13},
  number={1},
  pages={7342},
  year={2022},
  publisher={Nature Publishing Group UK London}
}

@article{wei2022fine,
  title={Fine-grained highway autonomous vehicle lane-changing trajectory prediction based on a heuristic attention-aided encoder-decoder model},
  author={Wei, Cheng and Hui, Fei and Yang, Zijiang and Jia, Shuo and Khattak, Asad J},
  journal={TR Part C},
  volume={140},
  pages={103706},
  year={2022},
  publisher={Elsevier}
}

@book{Bierlaire2008,
author = {Bierlaire, Michel},
title = {{An Introduction to BIOGEME Version 1.6}},
year = {2008}
}
@article{Garrow2009,
author = {Garrow, Laurie A. and Bodea, Tudor D. and Lee, Misuk},
doi = {10.1007/s11116-009-9228-6},
file = {:Users/gregmacfarlane/Documents/Mendeley/Garrow, Bodea, Lee/2009/2009. Garrow, Bodea, Lee. Generation of synthetic datasets for discrete choice analysis.pdf:pdf},
issn = {0049-4488},
journal = {Transportation},
keywords = {discrete choice \'{a} nested,logit \'{a} synthetic data,\'{a} multivariate gumbel},
month = oct,
number = {2},
pages = {183--202},
title = {{Generation of synthetic datasets for discrete choice analysis}},
url = {http://www.springerlink.com/index/10.1007/s11116-009-9228-6},
volume = {37},
year = {2009}
}
@article{Koppelman2005,
abstract = {Choice-based samples oversample infrequently chosen alternatives to obtain an effective representation of the behavior of people who select these alternatives. However, the use of choice-based samples requires recognition of the sampling process in formulating the estimation procedure. In general, this procedure can be accomplished by applying weights to the observed choices in the estimation process. Unfortunately, the use of such weighted estimation procedures for choice models does not yield efficient estimators. However, for the special case of the multinomial logit model with a full set of alternative-specific constants, the standard maximum likelihood estimator—which is efficient—can be used with adjustment of the alternative-specific constants. The same maximum likelihood estimator can also be used with adjustment to estimate nested logit models with choice-based samples. The proof of this property is qualitatively described, and examples demonstrate how to apply the adjustment procedure.},
author = {Koppelman, Frank S. and Garrow, Laurie A.},
doi = {10.3141/1921-08},
file = {:Users/gregmacfarlane/Documents/Mendeley/Koppelman, Garrow/2005/2005. Koppelman, Garrow. Efficiently Estimating Nested Logit Models with Choice-Based Samples Example Applications.pdf:pdf},
issn = {0361-1981},
journal = {Transportation Research Record, Journal of the Transportation Research Board},
month = jan,
number = {1},
pages = {63--69},
title = {{Efficiently Estimating Nested Logit Models with Choice-Based Samples: Example Applications}},
url = {http://trb.metapress.com/openurl.asp?genre=article\&id=doi:10.3141/1921-08},
volume = {1921},
year = {2005}
}
@techreport{TRBGuide,
address = {Washington, D.C.},
author = {{Transportation Research Board}},
doi = {10.1177/10783903090150020201},
file = {:Users/gregmacfarlane/Documents/Mendeley/Transportation Research Board/2012/2012. Transportation Research Board. Information for Authors a guide for preparing and submitting manuscripts for presentation at the TRB Annual Meeting and for Publication in TRB's Journal.pdf:pdf},
issn = {1078-3903},
month = apr,
number = {2},
pmid = {21665797},
title = {{Information for Authors: a guide for preparing and submitting manuscripts for presentation at the TRB Annual Meeting and for Publication in TRB's Journal}},
url = {http://www.ncbi.nlm.nih.gov/pubmed/22373637},
volume = {15},
year = {2012}
}



@article{sae2021sae,
  title={SAE Levels of Driving Automation™ Refined for Clarity and International Audience},
  author={SAE},
  journal={Available from:},
  year={2021}
}

@article{piao2008advanced,
  title={Advanced driver assistance systems from autonomous to cooperative approach},
  author={Piao, Jinan and McDonald, Mike},
  journal={Transport reviews},
  volume={28},
  number={5},
  pages={659--684},
  year={2008},
  publisher={Taylor \& Francis}
}
@inproceedings{gao2020vectornet,
  title={Vectornet: Encoding hd maps and agent dynamics from vectorized representation},
  author={Gao, Jiyang and Sun, Chen and Zhao, Hang and Shen, Yi and Anguelov, Dragomir and Li, Congcong and Schmid, Cordelia},
  booktitle={CVPR},
  pages={11525--11533},
  year={2020}
}

@inproceedings{liang2020learning,
  title={Learning lane graph representations for motion forecasting},
  author={Liang, Ming and Yang, Bin and Hu, Rui and Chen, Yun and Liao, Renjie and Feng, Song and Urtasun, Raquel},
  booktitle={Computer Vision--ECCV 2020: 16th European Conference, Glasgow, UK, August 23--28, 2020, Proceedings, Part II 16},
  pages={541--556},
  year={2020},
  organization={Springer}
}

@inproceedings{mohamed2020social,
  title={Social-stgcnn: A social spatio-temporal graph convolutional neural network for human trajectory prediction},
  author={Mohamed, Abduallah and Qian, Kun and Elhoseiny, Mohamed and Claudel, Christian},
  booktitle={CVPR},
  pages={14424--14432},
  year={2020}
}

@inproceedings{huang2019stgat,
  title={Stgat: Modeling spatial-temporal interactions for human trajectory prediction},
  author={Huang, Yingfan and Bi, Huikun and Li, Zhaoxin and Mao, Tianlu and Wang, Zhaoqi},
  booktitle={ICCV},
  pages={6272--6281},
  year={2019}
}

@inproceedings{hauslschmid2017supportingtrust,
  title={SupportingTrust in autonomous driving},
  author={H{\"a}uslschmid, Renate and von Buelow, Max and Pfleging, Bastian and Butz, Andreas},
  booktitle={Proceedings of the 22nd international conference on intelligent user interfaces},
  pages={319--329},
  year={2017}
}

@article{dey2019pedestrian,
  title={Pedestrian road-crossing willingness as a function of vehicle automation, external appearance, and driving behaviour},
  author={Dey, Debargha and Martens, Marieke and Eggen, Berry and Terken, Jacques},
  journal={TR Part F},
  volume={65},
  pages={191--205},
  year={2019},
  publisher={Elsevier}
}

@article{rahmati2019influence,
  title={Influence of autonomous vehicles on car-following behavior of human drivers},
  author={Rahmati, Yalda and Khajeh Hosseini, Mohammadreza and Talebpour, Alireza and Swain, Benjamin and Nelson, Christopher},
  journal={Transportation research record},
  volume={2673},
  number={12},
  pages={367--379},
  year={2019},
  publisher={SAGE Publications Sage CA: Los Angeles, CA}
}


@article{feng2023dense,
  title={Dense reinforcement learning for safety validation of autonomous vehicles},
  author={Feng, Shuo and Sun, Haowei and Yan, Xintao and Zhu, Haojie and Zou, Zhengxia and Shen, Shengyin and Liu, Henry X},
  journal={Nature},
  volume={615},
  number={7953},
  pages={620--627},
  year={2023},
  publisher={Nature Publishing Group UK London}
}

@article{rubagotti2022perceived,
  title={Perceived safety in physical human--robot interaction—A survey},
  author={Rubagotti, Matteo and Tusseyeva, Inara and Baltabayeva, Sara and Summers, Danna and Sandygulova, Anara},
  journal={Robotics and Autonomous Systems},
  volume={151},
  pages={104047},
  year={2022},
  publisher={Elsevier}
}


@article{geng2023adaptive,
  title={Adaptive and Simultaneous Trajectory Prediction for Heterogeneous Agents via Transferable Hierarchical Transformer Network},
  author={Geng, Maosi and Li, Junyi and Li, Chuangjia and Xie, Ningke and Chen, Xiqun and Lee, Der-Horng},
  journal={IEEE TITS},
  year={2023},
  publisher={IEEE}
}

@inproceedings{ben2022raising,
  title={Raising context awareness in motion forecasting},
  author={Ben-Younes, H{\'e}di and Zablocki, Eloi and Chen, Micka{\"e}l and P{\'e}rez, Patrick and Cord, Matthieu},
  booktitle={CVPR},
  pages={4409--4418},
  year={2022}
}

@article{schwarting2019social,
  title={Social behavior for autonomous vehicles},
  author={Schwarting, Wilko and Pierson, Alyssa and Alonso-Mora, Javier and Karaman, Sertac and Rus, Daniela},
  journal={Proceedings of the National Academy of Sciences},
  volume={116},
  number={50},
  pages={24972--24978},
  year={2019},
  publisher={National Acad Sciences}
}

@article{li2023context,
  title={Context-aware trajectory prediction for autonomous driving in heterogeneous environments},
  author={Li, Zhenning and Chen, Zhiwei and Li, Yunjian and Xu, Chengzhong},
  journal={Computer-Aided Civil and Infrastructure Engineering},
  year={2023},
  publisher={Wiley Online Library}
}


@inproceedings{ijcai2024p756,
  title     = {Physics-Informed Trajectory Prediction for Autonomous Driving under Missing Observation},
  author    = {Liao, Haicheng and Wang, Chengyue and Li, Zhenning and Li, Yongkang and Wang, Bonan and Li, Guofa and Xu, Chengzhong},
  booktitle = {Proceedings of the IJCAI-24},
  pages     = {6841--6849},
  year      = {2024},
  month     = {8}
}


@article{zhou2020graph,
  title={Graph neural networks: A review of methods and applications},
  author={Zhou, Jie and Cui, Ganqu and Hu, Shengding and Zhang, Zhengyan and Yang, Cheng and Liu, Zhiyuan and Wang, Lifeng and Li, Changcheng and Sun, Maosong},
  journal={AI open},
  volume={1},
  pages={57--81},
  year={2020},
  publisher={Elsevier}
}

@inproceedings{wang2022ltp,
  title={Ltp: Lane-based trajectory prediction for autonomous driving},
  author={Wang, Jingke and Ye, Tengju and Gu, Ziqing and Chen, Junbo},
  booktitle={CVPR},
  pages={17134--17142},
  year={2022}
}


@inproceedings{murphey2009driver,
  title={Driver's style classification using jerk analysis},
  author={Murphey, Yi Lu and Milton, Robert and Kiliaris, Leonidas},
  booktitle={2009 IEEE workshop on computational intelligence in vehicles and vehicular systems},
  pages={23--28},
  year={2009},
  organization={IEEE}
}


@inproceedings{girshick2015fast,
  title={Fast r-cnn},
  author={Girshick, Ross},
  booktitle={Proceedings of the IEEE international conference on computer vision},
  pages={1440--1448},
  year={2015}
}
@article{ms1992human,
  title={Human factors engineering design},
  author={MS, EJ and Ej, Mccormick},
  journal={National Defense Industry Press},
  year={1992},
  publisher={Citeseer}
}

@article{perrow1983organizational,
  title={The organizational context of human factors engineering},
  author={Perrow, Charles},
  journal={Administrative science quarterly},
  pages={521--541},
  year={1983},
  publisher={JSTOR}
}




@article{cheng2021geometric,
  title={A geometric-information-enhanced crystal graph network for predicting properties of materials},
  author={Cheng, Jiucheng and Zhang, Chunkai and Dong, Lifeng},
  journal={Communications Materials},
  volume={2},
  number={1},
  pages={92},
  year={2021},
  publisher={Nature Publishing Group UK London}
}

@inproceedings{anava2015online,
  title={Online time series prediction with missing data},
  author={Anava, Oren and Hazan, Elad and Zeevi, Assaf},
  booktitle={International conference on machine learning},
  pages={2191--2199},
  year={2015},
  organization={PMLR}
}



@inproceedings{monti2022many,
  title={How many observations are enough? knowledge distillation for trajectory forecasting},
  author={Monti, Alessio and Porrello, Angelo and Calderara, Simone and Coscia, Pasquale and Ballan, Lamberto and Cucchiara, Rita},
  booktitle={CVPR},
  pages={6553--6562},
  year={2022}
}

@inproceedings{chang2019argoverse,
  title={Argoverse: 3d tracking and forecasting with rich maps},
  author={Chang, Ming-Fang and Lambert, John and Sangkloy, Patsorn and Singh, Jagjeet and Bak, Slawomir and Hartnett, Andrew and Wang, De and Carr, Peter and Lucey, Simon and Ramanan, Deva and others},
  booktitle={CVPR},
  pages={8748--8757},
  year={2019}
}


@article{cordero2008j,
  title={J. Echeverr{\i} a, E. Cremades, F. Barragan, and S. Alvarez},
  author={Cordero, B and G{\'o}mez, V and Platero-Prats, AE and Rev{\'e}s, M},
  journal={Dalton Trans},
  volume={21},
  pages={2832--38},
  year={2008}
}
@article{wang2020linformer,
  title={Linformer: Self-attention with linear complexity},
  author={Wang, Sinong and Li, Belinda Z and Khabsa, Madian and Fang, Han and Ma, Hao},
  journal={arXiv preprint arXiv:2006.04768},
  year={2020}
}

@inproceedings{wu2018group,
  title={Group normalization},
  author={Wu, Yuxin and He, Kaiming},
  booktitle={ECCV},
  pages={3--19},
  year={2018}
}
@inproceedings{fang2020tpnet,
  title={Tpnet: Trajectory proposal network for motion prediction},
  author={Fang, Liangji and Jiang, Qinhong and Shi, Jianping and Zhou, Bolei},
  booktitle={CVPR},
  pages={6797--6806},
  year={2020}
}

@inproceedings{zhao2021tnt,
  title={Tnt: Target-driven trajectory prediction},
  author={Zhao, Hang and Gao, Jiyang and Lan, Tian and Sun, Chen and Sapp, Ben and Varadarajan, Balakrishnan and Shen, Yue and Shen, Yi and Chai, Yuning and Schmid, Cordelia and others},
  booktitle={Conference on Robot Learning},
  pages={895--904},
  year={2021},
  organization={PMLR}
}
@inproceedings{liu2021multimodal,
  title={Multimodal motion prediction with stacked transformers},
  author={Liu, Yicheng and Zhang, Jinghuai and Fang, Liangji and Jiang, Qinhong and Zhou, Bolei},
  booktitle={CVPR},
  pages={7577--7586},
  year={2021}
}

@inproceedings{scheunemann2020warmth,
  title={Warmth and competence to predict human preference of robot behavior in physical human-robot interaction},
  author={Scheunemann, Marcus M and Cuijpers, Raymond H and Salge, Christoph},
  booktitle={2020 29th IEEE RO-MAN},
  pages={1340--1347},
  year={2020},
  organization={IEEE}
}

@article{davis2023role,
  title={Role-Taking and Robotic Form: An Exploratory Study of Social Connection in Human-Robot Interaction},
  author={Davis, Jenny L},
  journal={International Journal of Human-Computer Studies},
  pages={103094},
  year={2023},
  publisher={Elsevier}
}

@inproceedings{aeraiz2020robot,
  title={Robot movement uncertainty determines human discomfort in co-worker scenarios},
  author={A{\'e}ra{\"\i}z-Bekkis, Daphn{\'e} and Ganesh, Gowrishankar and Yoshida, Eiichi and Yamanobe, Natsuki},
  booktitle={ICCAR},
  pages={59--66},
  year={2020},
  organization={IEEE}
}

@inproceedings{busch2019evaluation,
  title={Evaluation of an industrial robotic assistant in an ecological environment},
  author={Busch, Baptiste and Cotugno, Giuseppe and Khoramshahi, Mahdi and Skaltsas, Grigorios and Turchi, Dario and Urbano, Leonardo and W{\"a}chter, Mirko and Zhou, You and Asfour, Tamim and Deacon, Graham and others},
  booktitle={IEEE RO-MAN},
  pages={1--8},
  year={2019},
  organization={IEEE}
}

@inproceedings{wojciechowska2019collocated,
  title={Collocated human-drone interaction: Methodology and approach strategy},
  author={Wojciechowska, Anna and Frey, Jeremy and Sass, Sarit and Shafir, Roy and Cauchard, Jessica R},
  booktitle={14th ACM/IEEE HRI},
  pages={172--181},
  year={2019},
  organization={IEEE}
}


@article{paddeu2020passenger,
  title={Passenger comfort and trust on first-time use of a shared autonomous shuttle vehicle},
  author={Paddeu, Daniela and Parkhurst, Graham and Shergold, Ian},
  journal={TR Part C},
  volume={115},
  pages={102604},
  year={2020},
  publisher={Elsevier}
}

@article{nordhoff2020passenger,
  title={Passenger opinions of the perceived safety and interaction with automated shuttles: A test ride study with ‘hidden’safety steward},
  author={Nordhoff, Sina and Stapel, Jork and van Arem, Bart and Happee, Riender},
  journal={Transportation research part A: policy and practice},
  volume={138},
  pages={508--524},
  year={2020},
  publisher={Elsevier}
}


@article{chen2020yard,
  title={Yard crane and AGV scheduling in automated container terminal: A multi-robot task allocation framework},
  author={Chen, Xuchao and He, Shiwei and Zhang, Yongxiang and Tong, Lu Carol and Shang, Pan and Zhou, Xuesong},
  journal={TR Part C},
  volume={114},
  pages={241--271},
  year={2020},
  publisher={Elsevier}
}

@article{sun2021joint,
  title={Joint prediction of next location and travel time from urban vehicle trajectories using long short-term memory neural networks},
  author={Sun, Jie and Kim, Jiwon},
  journal={TR Part C},
  volume={128},
  pages={103114},
  year={2021},
  publisher={Elsevier}
}

@article{aledhari2023motion,
  title={Motion Comfort Optimization for Autonomous Vehicles: Concepts, Methods, and Techniques},
  author={Aledhari, Mohammed and Rahouti, Mohamed and Qadir, Junaid and Qolomany, Basheer and Guizani, Mohsen and Al-Fuqaha, Ala},
  journal={IEEE Internet of Things Journal},
  year={2023},
  publisher={IEEE}
}


@article{yao2019autonomous,
  title={Autonomous flying blimp interaction with human in an indoor space},
  author={Yao, Ning-shi and Tao, Qiu-yang and Liu, Wei-yu and Liu, Zhen and Tian, Ye and Wang, Pei-yu and Li, Timothy and Zhang, Fumin},
  journal={Frontiers of Information Technology \& Electronic Engineering},
  volume={20},
  number={1},
  pages={45--59},
  year={2019},
  publisher={Springer}
}

@article{block2019softness,
  title={Softness, warmth, and responsiveness improve robot hugs},
  author={Block, Alexis E and Kuchenbecker, Katherine J},
  journal={International Journal of Social Robotics},
  volume={11},
  number={1},
  pages={49--64},
  year={2019},
  publisher={Springer}
}



@article{koert2019learning,
  title={Learning intention aware online adaptation of movement primitives},
  author={Koert, Dorothea and Pajarinen, Joni and Schotschneider, Albert and Trick, Susanne and Rothkopf, Constantin and Peters, Jan},
  journal={IEEE RAL},
  volume={4},
  number={4},
  pages={3719--3726},
  year={2019},
  publisher={IEEE}
}

@article{syrdal2009negative,
  title={The negative attitudes towards robots scale and reactions to robot behaviour in a live human-robot interaction study},
  author={Syrdal, Dag Sverre and Dautenhahn, Kerstin and Koay, Kheng Lee and Walters, Michael L},
  journal={Adaptive and emergent behaviour and complex systems},
  year={2009},
  publisher={SSAISB}
}

@inproceedings{karreman2014robot,
  title={Robot etiquette: How to approach a pair of people?},
  author={Karreman, Daphne and Utama, Lex and Joosse, Michiel and Lohse, Manja and van Dijk, Betsy and Evers, Vanessa},
  booktitle={Proceedings of the 2014 ACM/IEEE international conference on Human-robot interaction},
  pages={196--197},
  year={2014}
}
@article{nair2021sharing,
  title={Sharing the road with autonomous vehicles: Perceived safety and regulatory preferences},
  author={Nair, Gopindra S and Bhat, Chandra R},
  journal={TR Part C},
  volume={122},
  pages={102885},
  year={2021},
  publisher={Elsevier}
}

@article{bartneck2009measurement,
  title={Measurement instruments for the anthropomorphism, animacy, likeability, perceived intelligence, and perceived safety of robots},
  author={Bartneck, Christoph and Kuli{\'c}, Dana and Croft, Elizabeth and Zoghbi, Susana},
  journal={International journal of social robotics},
  volume={1},
  pages={71--81},
  year={2009},
  publisher={Springer}
}


@article{guiochet2017safety,
  title={Safety-critical advanced robots: A survey},
  author={Guiochet, J{\'e}r{\'e}mie and Machin, Mathilde and Waeselynck, H{\'e}l{\`e}ne},
  journal={Robotics and Autonomous Systems},
  volume={94},
  pages={43--52},
  year={2017},
  publisher={Elsevier}
}


@inproceedings{gilles2022gohome,
  title={Gohome: Graph-oriented heatmap output for future motion estimation},
  author={Gilles, Thomas and Sabatini, Stefano and Tsishkou, Dzmitry and Stanciulescu, Bogdan and Moutarde, Fabien},
  booktitle={2022 ICRA},
  pages={9107--9114},
  year={2022},
  organization={IEEE}
}

@inproceedings{cui2019multimodal,
  title={Multimodal trajectory predictions for autonomous driving using deep convolutional networks},
  author={Cui, Henggang and Radosavljevic, Vladan and Chou, Fang-Chieh and Lin, Tsung-Han and Nguyen, Thi and Huang, Tzu-Kuo and Schneider, Jeff and Djuric, Nemanja},
  booktitle={2019 ICRA},
  pages={2090--2096},
  year={2019},
  organization={IEEE}
}

@inproceedings{
walters2021trajectory,
title={Trajectory Prediction using Equivariant Continuous Convolution},
author={Robin Walters and Jinxi Li and Rose Yu},
booktitle={International Conference on Learning Representations},
year={2021},
url={https://openreview.net/forum?id=J8_GttYLFgr}
}

@article{werneke2012does,
  title={What does the driver look at? The influence of intersection characteristics on attention allocation and driving behavior},
  author={Werneke, Julia and Vollrath, Mark},
  journal={Accident Analysis \& Prevention},
  volume={45},
  pages={610--619},
  year={2012},
  publisher={Elsevier}
}

@article{liang2021using,
  title={Using eye-tracking to investigate the effects of pre-takeover visual engagement on situation awareness during automated driving},
  author={Liang, Nade and Yang, Jing and Yu, Denny and Prakah-Asante, Kwaku O and Curry, Reates and Blommer, Mike and Swaminathan, Radhakrishnan and Pitts, Brandon J},
  journal={Accident Analysis \& Prevention},
  volume={157},
  pages={106143},
  year={2021},
  publisher={Elsevier}
}

@article{borowsky2013exploring,
  title={Exploring the effects of driving experience on hazard awareness and risk perception via real-time hazard identification, hazard classification, and rating tasks},
  author={Borowsky, Avinoam and Oron-Gilad, Tal},
  journal={Accident Analysis \& Prevention},
  volume={59},
  pages={548--565},
  year={2013},
  publisher={Elsevier}
}


@article{gottlieb2018towards,
  title={Towards a neuroscience of active sampling and curiosity},
  author={Gottlieb, Jacqueline and Oudeyer, Pierre-Yves},
  journal={Nature Reviews Neuroscience},
  volume={19},
  number={12},
  pages={758--770},
  year={2018},
  publisher={Nature Publishing Group UK London}
}


@inproceedings{ye2021tpcn,
  title={Tpcn: Temporal point cloud networks for motion forecasting},
  author={Ye, Maosheng and Cao, Tongyi and Chen, Qifeng},
  booktitle={CVPR},
  pages={11318--11327},
  year={2021}
}
@inproceedings{gilles2021home,
  title={Home: Heatmap output for future motion estimation},
  author={Gilles, Thomas and Sabatini, Stefano and Tsishkou, Dzmitry and Stanciulescu, Bogdan and Moutarde, Fabien},
  booktitle={2021 IEEE International Intelligent Transportation Systems Conference (ITSC)},
  pages={500--507},
  year={2021},
  organization={IEEE}
}

@inproceedings{xin2018intention,
  title={Intention-aware long horizon trajectory prediction of surrounding vehicles using dual LSTM networks},
  author={Xin, Long and Wang, Pin and Chan, Ching-Yao and Chen, Jianyu and Li, Shengbo Eben and Cheng, Bo},
  booktitle={2018 21st International Conference on Intelligent Transportation Systems (ITSC)},
  pages={1441--1446},
  year={2018},
  organization={IEEE}
}



@inproceedings{mercat2020multi,
  title={Multi-head attention for multi-modal joint vehicle motion forecasting},
  author={Mercat, Jean and Gilles, Thomas and El Zoghby, Nicole and Sandou, Guillaume and Beauvois, Dominique and Gil, Guillermo Pita},
  booktitle={2020 ICRA},
  pages={9638--9644},
  year={2020},
  organization={IEEE}
}
@book{borgatti2018analyzing,
  title={Analyzing Social Networks},
  author={Borgatti, Stephen P and Everett, Martin G and Johnson, Jeffrey C},
  year={2018},
  publisher={SAGE Publications Limited}
}



@article{pillai2005perron,
  title={Perron-Frobenius theorem for nonnegative tensors},
  author={Pillai, Udayan N and Lim, Lek-Heng},
  journal={Communications in Mathematical Sciences},
  volume={3},
  number={3},
  pages={531--539},
  year={2005},
  publisher={International Press of Boston}
}

@inproceedings{brin1998anatomy,
  title={The anatomy of a large-scale hypertextual web search engine},
  author={Brin, Sergey and Page, Lawrence},
  booktitle={Computer Networks and ISDN Systems},
  volume={30},
  number={1-7},
  pages={107--117},
  year={1998},
  organization={Elsevier}
}

@article{freeman1977set,
  title={A set of measures of centrality based on betweenness},
  author={Freeman, Linton C},
  journal={Sociometry},
  pages={35--41},
  year={1977},
  publisher={JSTOR}
}


@article{ibarra1993network,
  title={Network centrality, power, and innovation involvement: Determinants of technical and administrative roles},
  author={Ibarra, Herminia},
  journal={Academy of Management journal},
  volume={36},
  number={3},
  pages={471--501},
  year={1993},
  publisher={Academy of Management Briarcliff Manor, NY 10510}
}





@article{bonacich1987power,
  title={Power and centrality: A family of measures},
  author={Bonacich, Phillip},
  journal={American Journal of Sociology},
  volume={92},
  number={5},
  pages={1170--1182},
  year={1987},
  publisher={The University of Chicago Press}
}

@article{wasserman1994social,
  title={Social network analysis: Methods and applications},
  author={Wasserman, Stanley and Faust, Katherine},
  journal={Structural Analysis in the Social Sciences},
  volume={8},
  number={1},
  pages={1--64},
  year={1994},
  publisher={Cambridge University Press}
}


@inproceedings{dey2017gate,
  title={Gate-variants of gated recurrent unit (GRU) neural networks},
  author={Dey, Rahul and Salem, Fathi M},
  booktitle={2017 IEEE 60th international midwest symposium on circuits and systems (MWSCAS)},
  pages={1597--1600},
  year={2017},
  organization={IEEE}
}
@inproceedings{lin2020context,
  title={Context-gated convolution},
  author={Lin, Xudong and Ma, Lin and Liu, Wei and Chang, Shih-Fu},
  booktitle={Computer Vision--ECCV 2020: 16th European Conference, Glasgow, UK, August 23--28, 2020, Proceedings, Part XVIII 16},
  pages={701--718},
  year={2020},
  organization={Springer}
}

@article{gilbert2013top,
  title={Top-down influences on visual processing},
  author={Gilbert, Charles D and Li, Wu},
  journal={Nature Reviews Neuroscience},
  volume={14},
  number={5},
  pages={350--363},
  year={2013},
  publisher={Nature Publishing Group UK London}
}

@article{li2004perceptual,
  title={Perceptual learning and top-down influences in primary visual cortex},
  author={Li, Wu and Pi{\"e}ch, Valentin and Gilbert, Charles D},
  journal={Nature neuroscience},
  volume={7},
  number={6},
  pages={651--657},
  year={2004},
  publisher={Nature Publishing Group US New York}
}


@article{krizhevsky2009learning,
  title={Learning multiple layers of features from tiny images},
  author={Krizhevsky, Alex and Hinton, Geoffrey and others},
  year={2009},
  publisher={Toronto, ON, Canada}
}
@article{blatov2004voronoi,
  title={Voronoi--Dirichlet polyhedra in crystal chemistry: theory and applications},
  author={Blatov*, Vladislav A},
  journal={Crystallography reviews},
  volume={10},
  number={4},
  pages={249--318},
  year={2004},
  publisher={Taylor \& Francis}
}

@article{isayev2017universal,
  title={Universal fragment descriptors for predicting properties of inorganic crystals},
  author={Isayev, Olexandr and Oses, Corey and Toher, Cormac and Gossett, Eric and Curtarolo, Stefano and Tropsha, Alexander},
  journal={Nature communications},
  volume={8},
  number={1},
  pages={15679},
  year={2017},
  publisher={Nature Publishing Group UK London}
}

@article{xie2018crystal,
  title={Crystal graph convolutional neural networks for an accurate and interpretable prediction of material properties},
  author={Xie, Tian and Grossman, Jeffrey C},
  journal={Physical review letters},
  volume={120},
  number={14},
  pages={145301},
  year={2018},
  publisher={APS}
}


@article{kingma2013auto,
  title={Auto-encoding variational bayes},
  author={Kingma, Diederik P and Welling, Max},
  journal={arXiv preprint arXiv:1312.6114},
  year={2013}
}

@article{chung2015recurrent,
  title={A recurrent latent variable model for sequential data},
  author={Chung, Junyoung and Kastner, Kyle and Dinh, Laurent and Goel, Kratarth and Courville, Aaron C and Bengio, Yoshua},
  journal={Advances in neural information processing systems},
  volume={28},
  year={2015}
}



@article{wang2022social,
  title={Social interactions for autonomous driving: A review and perspectives},
  author={Wang, Wenshuo and Wang, Letian and Zhang, Chengyuan and Liu, Changliu and Sun, Lijun and others},
  journal={Foundations and Trends{\textregistered} in Robotics},
  volume={10},
  number={3-4},
  pages={198--376},
  year={2022},
  publisher={Now Publishers, Inc.}
}

@book{hang2022human,
  title={Human-Like Decision Making and Control for Autonomous Driving},
  author={Hang, Peng and Lv, Chen and Chen, Xinbo},
  year={2022},
  publisher={CRC Press}
}


@inproceedings{muller2016social,
  title={The social behavior of autonomous vehicles},
  author={M{\"u}ller, Lars and Risto, Malte and Emmenegger, Colleen},
  booktitle={Proceedings of the 2016 ACM International Joint Conference on Pervasive and Ubiquitous Computing: Adjunct},
  pages={686--689},
  year={2016}
}

@article{liu2020driving,
  title={A driving intention prediction method based on hidden Markov model for autonomous driving},
  author={Liu, Shiwen and Zheng, Kan and Zhao, Long and Fan, Pingzhi},
  journal={Computer Communications},
  volume={157},
  pages={143--149},
  year={2020},
  publisher={Elsevier}
}


@article{lin2000vehicle,
  title={Vehicle dynamics and external disturbance estimation for vehicle path prediction},
  author={Lin, Chiu-Feng and Ulsoy, A Galip and LeBlanc, David J},
  journal={IEEE Transactions on Control Systems Technology},
  volume={8},
  number={3},
  pages={508--518},
  year={2000},
  publisher={IEEE}
}

@inproceedings{schubert2008comparison,
  title={Comparison and evaluation of advanced motion models for vehicle tracking},
  author={Schubert, Robin and Richter, Eric and Wanielik, Gerd},
  booktitle={2008 11th international conference on information fusion},
  pages={1--6},
  year={2008},
  organization={IEEE}
}

@inproceedings{batz2009recognition,
  title={Recognition of dangerous situations within a cooperative group of vehicles},
  author={Batz, Thomas and Watson, Kym and Beyerer, Jurgen},
  booktitle={2009 IEEE Intelligent Vehicles Symposium},
  pages={907--912},
  year={2009},
  organization={IEEE}
}

@article{huang2022survey,
  title={A Survey on Trajectory-Prediction Methods for Autonomous Driving},
  author={Huang, Yanjun and Du, Jiatong and Yang, Ziru and Zhou, Zewei and Zhang, Lin and Chen, Hong},
  journal={IEEE TIV},
  year={2022},
  publisher={IEEE}
}

@article{joseph2011bayesian,
  title={A Bayesian nonparametric approach to modeling motion patterns},
  author={Joseph, Joshua and Doshi-Velez, Finale and Huang, Albert S and Roy, Nicholas},
  journal={Autonomous Robots},
  volume={31},
  number={4},
  pages={383--400},
  year={2011},
  publisher={Springer}
}

@inproceedings{guo2019modeling,
  title={Modeling multi-vehicle interaction scenarios using gaussian random field},
  author={Guo, Yaohui and Kalidindi, Vinay Varma and Arief, Mansur and Wang, Wenshuo and Zhu, Jiacheng and Peng, Huei and Zhao, Ding},
  booktitle={2019 IEEE ITSC},
  pages={3974--3980},
  year={2019},
  organization={IEEE}
}

@article{wang2021decision,
  title={Decision-Making and planning method for autonomous vehicles based on motivation and risk assessment},
  author={Wang, Yisong and Wang, Chunyan and Zhao, Wanzhong and Xu, Can},
  journal={IEEE TVT},
  volume={70},
  number={1},
  pages={107--120},
  year={2021},
  publisher={IEEE}
}

@article{li2020pedestrian,
  title={Pedestrian trajectory prediction combining probabilistic reasoning and sequence learning},
  author={Li, Yang and Lu, Xiao-Yun and Wang, Jianqiang and Li, Keqiang},
  journal={IEEE TIV},
  volume={5},
  number={3},
  pages={461--474},
  year={2020},
  publisher={IEEE}
}

@article{xie2017vehicle,
  title={Vehicle trajectory prediction by integrating physics-and maneuver-based approaches using interactive multiple models},
  author={Xie, Guotao and Gao, Hongbo and Qian, Lijun and Huang, Bin and Li, Keqiang and Wang, Jianqiang},
  journal={IEEE TIE},
  volume={65},
  number={7},
  pages={5999--6008},
  year={2017},
  publisher={IEEE}
}

@article{zyner2018recurrent,
  title={A recurrent neural network solution for predicting driver intention at unsignalized intersections},
  author={Zyner, Alex and Worrall, Stewart and Nebot, Eduardo},
  journal={IEEE RAL},
  volume={3},
  number={3},
  pages={1759--1764},
  year={2018},
  publisher={IEEE}
}

@inproceedings{altche2017lstm,
  title={An LSTM network for highway trajectory prediction},
  author={Altch{\'e}, Florent and de La Fortelle, Arnaud},
  booktitle={2017 IEEE 20th international conference on intelligent transportation systems (ITSC)},
  pages={353--359},
  year={2017},
  organization={IEEE}
}

@article{wang2021towards,
  title={Towards the unified principles for level 5 autonomous vehicles},
  author={Wang, Jianqiang and Huang, Heye and Li, Keqiang and Li, Jun},
  journal={Engineering},
  volume={7},
  number={9},
  pages={1313--1325},
  year={2021},
  publisher={Elsevier}
}


@inproceedings{phan2020covernet,
  title={Covernet: Multimodal behavior prediction using trajectory sets},
  author={Phan-Minh, Tung and Grigore, Elena Corina and Boulton, Freddy A and Beijbom, Oscar and Wolff, Eric M},
  booktitle={CVPR},
  pages={14074--14083},
  year={2020}
}



@article{nister2019safety,
  title={The safety force field},
  author={Nist{\'e}r, David and Lee, Hon-Leung and Ng, Julia and Wang, Yizhou},
  journal={NVIDIA White Paper},
  year={2019}
}



@inproceedings{ding2019online,
  title={Online vehicle trajectory prediction using policy anticipation network and optimization-based context reasoning},
  author={Ding, Wenchao and Shen, Shaojie},
  booktitle={2019 ICRA},
  pages={9610--9616},
  year={2019},
  organization={IEEE}
}

@article{kolekar2020human,
  title={Human-like driving behaviour emerges from a risk-based driver model},
  author={Kolekar, Sarvesh and de Winter, Joost and Abbink, David},
  journal={Nature communications},
  volume={11},
  number={1},
  pages={1--13},
  year={2020},
  publisher={Nature Publishing Group}
}

@inproceedings{chandra2019traphic,
  title={Traphic: Trajectory prediction in dense and heterogeneous traffic using weighted interactions},
  author={Chandra, Rohan and Bhattacharya, Uttaran and Bera, Aniket and Manocha, Dinesh},
  booktitle={CVPR},
  pages={8483--8492},
  year={2019}
}

@article{xie2020motion,
  title={Motion trajectory prediction based on a CNN-LSTM sequential model},
  author={Xie, Guo and Shangguan, Anqi and Fei, Rong and Ji, Wenjiang and Ma, Weigang and Hei, Xinhong},
  journal={Science China Information Sciences},
  volume={63},
  number={11},
  pages={1--21},
  year={2020},
  publisher={Springer}
}

@inproceedings{silver2013learning,
  title={Learning autonomous driving styles and maneuvers from expert demonstration},
  author={Silver, David and Bagnell, J Andrew and Stentz, Anthony},
  booktitle={Experimental Robotics},
  pages={371--386},
  year={2013},
  organization={Springer}
}

@article{xu2020learning,
  title={Learning from naturalistic driving data for human-like autonomous highway driving},
  author={Xu, Donghao and Ding, Zhezhang and He, Xu and Zhao, Huijing and Moze, Mathieu and Aioun, Fran{\c{c}}ois and Guillemard, Franck},
  journal={IEEE TITS},
  volume={22},
  number={12},
  pages={7341--7354},
  year={2020},
  publisher={IEEE}
}

@inproceedings{song2022learning,
  title={Learning to predict vehicle trajectories with model-based planning},
  author={Song, Haoran and Luan, Di and Ding, Wenchao and Wang, Michael Y and Chen, Qifeng},
  booktitle={Conference on Robot Learning},
  pages={1035--1045},
  year={2022},
  organization={PMLR}
}

@article{devlin2018bert,
  title={Bert: Pre-training of deep bidirectional transformers for language understanding},
  author={Devlin, Jacob and Chang, Ming-Wei and Lee, Kenton and Toutanova, Kristina},
  journal={arXiv preprint arXiv:1810.04805},
  year={2018}
}

@inproceedings{gu2021densetnt,
  title={Densetnt: End-to-end trajectory prediction from dense goal sets},
  author={Gu, Junru and Sun, Chen and Zhao, Hang},
  booktitle={ICCV},
  pages={15303--15312},
  year={2021}
}

@article{khandelwal2020if,
  title={What-if motion prediction for autonomous driving},
  author={Khandelwal, Siddhesh and Qi, William and Singh, Jagjeet and Hartnett, Andrew and Ramanan, Deva},
  journal={arXiv preprint arXiv:2008.10587},
  year={2020}
}

@misc{BibEntry2019Dec,
 title = {{ArgoAI Challenge}},
 journal = {SlidesLive},
 year = {2019},
 month = dec,
 note = {[Online; accessed 12. Apr. 2023]},
 url = {https://slideslive.com/38923162/argoai-challenge}
}

@inproceedings{schmidt2022crat,
  title={Crat-pred: Vehicle trajectory prediction with crystal graph convolutional neural networks and multi-head self-attention},
  author={Schmidt, Julian and Jordan, Julian and Gritschneder, Franz and Dietmayer, Klaus},
  booktitle={2022 ICRA},
  pages={7799--7805},
  year={2022},
  organization={IEEE}
}


@inproceedings{salzmann2020trajectron++,
  title={Trajectron++: Dynamically-feasible trajectory forecasting with heterogeneous data},
  author={Salzmann, Tim and Ivanovic, Boris and Chakravarty, Punarjay and Pavone, Marco},
  booktitle={Computer Vision--ECCV 2020: 16th European Conference, Glasgow, UK, August 23--28, 2020, Proceedings, Part XVIII 16},
  pages={683--700},
  year={2020},
  organization={Springer}
}




@inproceedings{rhinehart2018r2p2,
  title={R2p2: A reparameterized pushforward policy for diverse, precise generative path forecasting},
  author={Rhinehart, Nicholas and Kitani, Kris M and Vernaza, Paul},
  booktitle={ECCV},
  pages={772--788},
  year={2018}
}

@inproceedings{kuefler2017imitating,
  title={Imitating driver behavior with generative adversarial networks},
  author={Kuefler, Alex and Morton, Jeremy and Wheeler, Tim and Kochenderfer, Mykel},
  booktitle={2017 IEEE IV},
  pages={204--211},
  year={2017},
  organization={IEEE}
}

@inproceedings{deo2018multi,
  title={Multi-modal trajectory prediction of surrounding vehicles with maneuver based lstms},
  author={Deo, Nachiket and Trivedi, Mohan M},
  booktitle={2018 IEEE IV},
  pages={1179--1184},
  year={2018},
  organization={IEEE}
}


@article{lefkopoulos2020interaction,
  title={Interaction-aware motion prediction for autonomous driving: A multiple model kalman filtering scheme},
  author={Lefkopoulos, Vasileios and Menner, Marcel and Domahidi, Alexander and Zeilinger, Melanie N},
  journal={IEEE RAL},
  volume={6},
  number={1},
  pages={80--87},
  year={2020},
  publisher={IEEE}
}

@inproceedings{xie2021congestion,
  title={Congestion-aware multi-agent trajectory prediction for collision avoidance},
  author={Xie, Xu and Zhang, Chi and Zhu, Yixin and Wu, Ying Nian and Zhu, Song-Chun},
  booktitle={2021 ICRA},
  pages={13693--13700},
  year={2021},
  organization={IEEE}
}

@article{chen2022vehicle,
  title={Vehicle trajectory prediction based on intention-aware non-autoregressive transformer with multi-attention learning for Internet of Vehicles},
  author={Chen, Xiaobo and Zhang, Huanjia and Zhao, Feng and Cai, Yingfeng and Wang, Hai and Ye, Qiaolin},
  journal={IEEE TIM},
  volume={71},
  pages={1--12},
  year={2022},
  publisher={IEEE}
}

@article{graving2020vae,
  title={VAE-SNE: a deep generative model for simultaneous dimensionality reduction and clustering},
  author={Graving, Jacob M and Couzin, Iain D},
  journal={BioRxiv},
  pages={2020--07},
  year={2020},
  publisher={Cold Spring Harbor Laboratory}
}

@article{cai2021environment,
  title={Environment-attention network for vehicle trajectory prediction},
  author={Cai, Yingfeng and Wang, Zihao and Wang, Hai and Chen, Long and Li, Yicheng and Sotelo, Miguel Angel and Li, Zhixiong},
  journal={IEEE TVT},
  volume={70},
  number={11},
  pages={11216--11227},
  year={2021},
  publisher={IEEE}
}

@inproceedings{messaoud2019non,
  title={Non-local social pooling for vehicle trajectory prediction},
  author={Messaoud, Kaouther and Yahiaoui, Itheri and Verroust-Blondet, Anne and Nashashibi, Fawzi},
  booktitle={2019 IEEE IV},
  pages={975--980},
  year={2019},
  organization={IEEE}
}


@article{wang2020multi,
  title={Multi-vehicle collaborative learning for trajectory prediction with spatio-temporal tensor fusion},
  author={Wang, Yu and Zhao, Shengjie and Zhang, Rongqing and Cheng, Xiang and Yang, Liuqing},
  journal={IEEE TITS},
  volume={23},
  number={1},
  pages={236--248},
  year={2020},
  publisher={IEEE}
}


@inproceedings{zhao2019multi,
  title={Multi-agent tensor fusion for contextual trajectory prediction},
  author={Zhao, Tianyang and Xu, Yifei and Monfort, Mathew and Choi, Wongun and Baker, Chris and Zhao, Yibiao and Wang, Yizhou and Wu, Ying Nian},
  booktitle={CVPR},
  pages={12126--12134},
  year={2019}
}



@article{mo2022multi,
  title={Multi-agent trajectory prediction with heterogeneous edge-enhanced graph attention network},
  author={Mo, Xiaoyu and Huang, Zhiyu and Xing, Yang and Lv, Chen},
  journal={IEEE TITS},
  volume={23},
  number={7},
  pages={9554--9567},
  year={2022},
  publisher={IEEE}
}



@article{kosaraju2019social,
  title={Social-bigat: Multimodal trajectory forecasting using bicycle-gan and graph attention networks},
  author={Kosaraju, Vineet and Sadeghian, Amir and Mart{\'\i}n-Mart{\'\i}n, Roberto and Reid, Ian and Rezatofighi, Hamid and Savarese, Silvio},
  journal={Advances in Neural Information Processing Systems},
  volume={32},
  year={2019}
}



@inproceedings{casas2020implicit,
  title={Implicit latent variable model for scene-consistent motion forecasting},
  author={Casas, Sergio and Gulino, Cole and Suo, Simon and Luo, Katie and Liao, Renjie and Urtasun, Raquel},
  booktitle={Computer Vision--ECCV 2020: 16th European Conference, Glasgow, UK, August 23--28, 2020, Proceedings, Part XXIII 16},
  pages={624--641},
  year={2020},
  organization={Springer}
}

@inproceedings{li2019grip,
  title={Grip: Graph-based interaction-aware trajectory prediction},
  author={Li, Xin and Ying, Xiaowen and Chuah, Mooi Choo},
  booktitle={2019 IEEE Intelligent Transportation Systems Conference (ITSC)},
  pages={3960--3966},
  year={2019},
  organization={IEEE}
}



@inproceedings{zeng2021lanercnn,
  title={Lanercnn: Distributed representations for graph-centric motion forecasting},
  author={Zeng, Wenyuan and Liang, Ming and Liao, Renjie and Urtasun, Raquel},
  booktitle={2021 IROS},
  pages={532--539},
  year={2021},
  organization={IEEE}
}

@misc{gómezhuélamo2022exploring,
      title={Exploring Map-based Features for Efficient Attention-based Vehicle Motion Prediction}, 
      author={Carlos Gómez-Huélamo and Marcos V. Conde and Miguel Ortiz},
      year={2022},
      eprint={2205.13071},
      archivePrefix={arXiv},
      primaryClass={cs.RO}
}

@inproceedings{
  girgis2022latent,
  title={Latent Variable Sequential Set Transformers for Joint Multi-Agent Motion Prediction},
  author={Roger Girgis and Florian Golemo and Felipe Codevilla and Martin Weiss and Jim Aldon D'Souza and Samira Ebrahimi Kahou and Felix Heide and Christopher Pal},
  booktitle={International Conference on Learning Representations},
  year={2022},
  url={https://openreview.net/forum?id=Dup_dDqkZC5}
}

@article{li2023multi,
  title={A multi-modal vehicle trajectory prediction framework via conditional diffusion model: A coarse-to-fine approach},
  author={Li, Zhiyuan and Liang, Huawei and Wang, Hanqi and Zheng, Xiaokun and Wang, Jian and Zhou, Pengfei},
  journal={Knowledge-Based Systems},
  volume={280},
  pages={110990},
  year={2023},
  publisher={Elsevier}
}


@inproceedings{huang2022multi,
  title={Multi-modal motion prediction with transformer-based neural network for autonomous driving},
  author={Huang, Zhiyu and Mo, Xiaoyu and Lv, Chen},
  booktitle={2022 ICRA},
  pages={2605--2611},
  year={2022},
  organization={IEEE}
}

@inproceedings{bhattacharyya2023ssl,
  title={Ssl-lanes: Self-supervised learning for motion forecasting in autonomous driving},
  author={Bhattacharyya, Prarthana and Huang, Chengjie and Czarnecki, Krzysztof},
  booktitle={Conference on Robot Learning},
  pages={1793--1805},
  year={2023},
  organization={PMLR}
}

@article{sun2023modality,
  title={Modality Exploration, Retrieval and Adaptation for Trajectory Prediction},
  author={Sun, Jianhua and Li, Yuxuan and Chai, Liang and Lu, Cewu},
  journal={IEEE Transactions on Pattern Analysis and Machine Intelligence},
  year={2023},
  publisher={IEEE}
}


@article{cong2023dacr,
  title={DACR-AMTP: Adaptive Multi-Modal Vehicle Trajectory Prediction for Dynamic Drivable Areas Based on Collision Risk},
  author={Cong, Peichao and Xiao, Yixuan and Wan, Xianquan and Deng, Murong and Li, Jiaxing and Zhang, Xin},
  journal={IEEE TIV},
  year={2023},
  publisher={IEEE}
}


@article{zuo2023trajectory,
  title={Trajectory Prediction Network of Autonomous Vehicles with Fusion of Historical Interactive Features},
  author={Zuo, Zhiqiang and Wang, Xinyu and Guo, Songlin and Liu, Zhengxuan and Li, Zheng and Wang, Yijing},
  journal={IEEE TIV},
  year={2023},
  publisher={IEEE}
}


@article{li2020evolvegraph,
  title={Evolvegraph: Multi-agent trajectory prediction with dynamic relational reasoning},
  author={Li, Jiachen and Yang, Fan and Tomizuka, Masayoshi and Choi, Chiho},
  journal={Advances in neural information processing systems},
  volume={33},
  pages={19783--19794},
  year={2020}
}

@book{baddeley2013essentials,
  title={Essentials of human memory (classic edition)},
  author={Baddeley, Alan},
  year={2013},
  publisher={Psychology Press}
}

@article{miller2016key,
  title={Key-value memory networks for directly reading documents},
  author={Miller, Alexander and Fisch, Adam and Dodge, Jesse and Karimi, Amir-Hossein and Bordes, Antoine and Weston, Jason},
  journal={arXiv preprint arXiv:1606.03126},
  year={2016}
}

@article{lecun2022path,
  title={A path towards autonomous machine intelligence version 0.9. 2, 2022-06-27},
  author={LeCun, Yann},
  journal={Open Review},
  volume={62},
  year={2022}
}

@article{li2023two,
  title={A two-layer integrated model for cyclist trajectory prediction considering multiple interactions with the environment},
  author={Li, Jianqiang and Ni, Ying and Sun, Jian},
  journal={TR Part C},
  volume={155},
  pages={104304},
  year={2023},
  publisher={Elsevier}
}

@article{geng2023dynamic,
  title={Dynamic-learning spatial-temporal Transformer network for vehicular trajectory prediction at urban intersections},
  author={Geng, Maosi and Chen, Yong and Xia, Yingji and Chen, Xiqun Michael},
  journal={TR Part C},
  volume={156},
  pages={104330},
  year={2023},
  publisher={Elsevier}
}

@article{geng2023physics,
  title={A physics-informed Transformer model for vehicle trajectory prediction on highways},
  author={Geng, Maosi and Li, Junyi and Xia, Yingji and Chen, Xiqun Michael},
  journal={TR Part C},
  volume={154},
  pages={104272},
  year={2023},
  publisher={Elsevier}
}
@inproceedings{rowe2023fjmp,
  title={FJMP: Factorized Joint Multi-Agent Motion Prediction over Learned Directed Acyclic Interaction Graphs},
  author={Rowe, Luke and Ethier, Martin and Dykhne, Eli-Henry and Czarnecki, Krzysztof},
  booktitle={CVPR},
  pages={13745--13755},
  year={2023}
}

@article{zou2023novel,
  title={A novel spatio-temporal generative inference network for predicting the long-term highway traffic speed},
  author={Zou, Guojian and Lai, Ziliang and Ma, Changxi and Li, Ye and Wang, Ting},
  journal={TR Part C},
  volume={154},
  pages={104263},
  year={2023},
  publisher={Elsevier}
}

@article{fu2023drive,
  title={Drive like a human: Rethinking autonomous driving with large language models},
  author={Fu, Daocheng and Li, Xin and Wen, Licheng and Dou, Min and Cai, Pinlong and Shi, Botian and Qiao, Yu},
  journal={arXiv preprint arXiv:2307.07162},
  year={2023}
}

@InProceedings{Zhou_2022_CVPR,
    author    = {Zhou, Zikang and Ye, Luyao and Wang, Jianping and Wu, Kui and Lu, Kejie},
    title     = {HiVT: Hierarchical Vector Transformer for Multi-Agent Motion Prediction},
    booktitle = {CVPR},
    month     = {June},
    year      = {2022},
    pages     = {8823-8833}
}

@inproceedings{
ngiam2022scene,
title={Scene Transformer: A unified architecture for predicting future trajectories of multiple agents},
author={Jiquan Ngiam and Vijay Vasudevan and Benjamin Caine and Zhengdong Zhang and Hao-Tien Lewis Chiang and Jeffrey Ling and Rebecca Roelofs and Alex Bewley and Chenxi Liu and Ashish Venugopal and David J Weiss and Ben Sapp and Zhifeng Chen and Jonathon Shlens},
booktitle={International Conference on Learning Representations},
year={2022},
url={https://openreview.net/forum?id=Wm3EA5OlHsG}
}

@inproceedings{sun2018probabilistic,
  title={Probabilistic prediction of interactive driving behavior via hierarchical inverse reinforcement learning},
  author={Sun, Liting and Zhan, Wei and Tomizuka, Masayoshi},
  booktitle={2018 21st International Conference on Intelligent Transportation Systems (ITSC)},
  pages={2111--2117},
  year={2018},
  organization={IEEE}
}

@article{zaki2020integrating,
  title={Integrating empathy and interpersonal emotion regulation},
  author={Zaki, Jamil},
  journal={Annual review of psychology},
  volume={71},
  pages={517--540},
  year={2020},
  publisher={Annual Reviews}
}

@article{lawyer2015understanding,
  title={Understanding the influence of all nodes in a network},
  author={Lawyer, Glenn},
  journal={Scientific reports},
  volume={5},
  number={1},
  pages={1--9},
  year={2015},
  publisher={Nature Publishing Group}
}


@article{zhang2021vehicle,
  title={Vehicle motion prediction at intersections based on the turning intention and prior trajectories model},
  author={Zhang, Ting and Song, Wenjie and Fu, Mengyin and Yang, Yi and Wang, Meiling},
  journal={IEEE/CAA Journal of Automatica Sinica},
  volume={8},
  number={10},
  pages={1657--1666},
  year={2021},
  publisher={IEEE}
}

@article{lu2016vital,
  title={Vital nodes identification in complex networks},
  author={L{\"u}, Linyuan and Chen, Duanbing and Ren, Xiao-Long and Zhang, Qian-Ming and Zhang, Yi-Cheng and Zhou, Tao},
  journal={Physics reports},
  volume={650},
  pages={1--63},
  year={2016},
  publisher={Elsevier}
}

@incollection{wickens2020processing,
  title={Processing resources and attention},
  author={Wickens, Christopher D},
  booktitle={Multiple-task performance},
  pages={3--34},
  year={2020},
  publisher={CRC Press}
}
@book{wickens2022applied,
  title={Applied attention theory},
  author={Wickens, Christopher D and McCarley, Jason S and Gutzwiller, Robert S},
  year={2022},
  publisher={CRC press}
}

@book{baron2000thinking,
  title={Thinking and deciding},
  author={Baron, Jonathan},
  year={2000},
  publisher={Cambridge University Press}
}

@article{nystrom2016timestudio,
  title={The TimeStudio Project: An open source scientific workflow system for the behavioral and brain sciences},
  author={Nystr{\"o}m, P{\"a}r and Falck-Ytter, Terje and Gredeb{\"a}ck, Gustaf},
  journal={Behavior research methods},
  volume={48},
  pages={542--552},
  year={2016},
  publisher={Springer}
}

@article{smith2008social,
  title={Social networks and health},
  author={Smith, Kirsten P and Christakis, Nicholas A},
  journal={Annual review of sociology},
  volume={34},
  number={1},
  pages={405--429},
  year={2008},
  publisher={Massachusetts\^{} eC. ACA}
}

@book{hansen2010analyzing,
  title={Analyzing social media networks with NodeXL: Insights from a connected world},
  author={Hansen, Derek and Shneiderman, Ben and Smith, Marc A},
  year={2010},
  publisher={Morgan Kaufmann}
}



@inproceedings{deo2018convolutional,
  title={Convolutional social pooling for vehicle trajectory prediction},
  author={Deo, Nachiket and Trivedi, Mohan M},
  booktitle={CVPR Workshops},
  pages={1468--1476},
  year={2018}
}


@inproceedings{liao2024bat,
  title={Bat: Behavior-aware human-like trajectory prediction for autonomous driving},
  author={Liao, Haicheng and Li, Zhenning and Shen, Huanming and Zeng, Wenxuan and Liao, Dongping and Li, Guofa and Xu, Chengzhong},
  booktitle={AAAI},
  volume={38},
  number={9},
  pages={10332--10340},
  year={2024}
}
@article{lin2021long,
  title={Long short-term memory-based human-driven vehicle longitudinal trajectory prediction in a connected and autonomous vehicle environment},
  author={Lin, Lei and Gong, Siyuan and Peeta, Srinivas and Wu, Xia},
  journal={Transportation research record},
  volume={2675},
  number={6},
  pages={380--390},
  year={2021},
  publisher={SAGE Publications Sage CA: Los Angeles, CA}
}
@article{vaswani2017attention,
  title={Attention is all you need},
  author={Vaswani, Ashish and Shazeer, Noam and Parmar, Niki and Uszkoreit, Jakob and Jones, Llion and Gomez, Aidan N and Kaiser, {\L}ukasz and Polosukhin, Illia},
  journal={Advances in neural information processing systems},
  volume={30},
  year={2017}
}


@INPROCEEDINGS{8569552,
  author={Krajewski, Robert and Bock, Julian and Kloeker, Laurent and Eckstein, Lutz},
  booktitle={2018 21st International Conference on Intelligent Transportation Systems (ITSC)}, 
  title={The highD Dataset: A Drone Dataset of Naturalistic Vehicle Trajectories on German Highways for Validation of Highly Automated Driving Systems}, 
  year={2018},
  volume={},
  number={},
  pages={2118-2125},
  doi={10.1109/ITSC.2018.8569552}}

@article{vallieres2014intentionality,
  title={Intentionality, anger, coping, and ego defensiveness in reactive aggressive driving},
  author={Valli{\`e}res, Evelyne F and Vallerand, Robert J and Bergeron, Jacques and McDuff, Pierre},
  journal={Journal of Applied Social Psychology},
  volume={44},
  number={5},
  pages={354--363},
  year={2014},
  publisher={Wiley Online Library}
}


@article{ groeger1998traffic,
  title={Traffic psychology and behaviour},
  author={Groeger, John A and Rothengatter, John A},
  journal={TR Part F},
  volume={1},
  number={1},
  pages={1--9},
  year={1998},
  publisher={Elsevier}
}


@inproceedings{cunningham2015mpdm,
  title={MPDM: Multipolicy decision-making in dynamic, uncertain environments for autonomous driving},
  author={Cunningham, Alexander G and Galceran, Enric and Eustice, Ryan M and Olson, Edwin},
  booktitle={2015 ICRA},
  pages={1670--1677},
  year={2015},
  organization={IEEE}
}


@ARTICLE{9646493,
  author={Chandra, Rohan and Bera, Aniket and Manocha, Dinesh},
  journal={IEEE TITS}, 
  title={Using Graph-Theoretic Machine Learning to Predict Human Driver Behavior}, 
  year={2022},
  volume={23},
  number={3},
  pages={2572-2585},
  doi={10.1109/TITS.2021.3130218}}



@article{valiente2022learning,
  title={Learning-based social coordination to improve safety and robustness of cooperative autonomous vehicles in mixed traffic},
  author={Valiente, Rodolfo and Toghi, Behrad and Razzaghpour, Mahdi and Pedarsani, Ramtin and Fallah, Yaser P},
  journal={arXiv preprint arXiv:2211.11963},
  year={2022}
}



@inproceedings{chandra2020cmetric,
  title={Cmetric: A driving behavior measure using centrality functions},
  author={Chandra, Rohan and Bhattacharya, Uttaran and Mittal, Trisha and Bera, Aniket and Manocha, Dinesh},
  booktitle={2020 IROS},
  pages={2035--2042},
  year={2020},
  organization={IEEE}
}

@article{watts1998collective,
  title={Collective dynamics of 'small-world' networks},
  author={Watts, Duncan J and Strogatz, Steven H},
  journal={Nature},
  volume={393},
  number={6684},
  pages={440--442},
  year={1998},
  publisher={Nature Publishing Group}
}


@article{zaoli2021betweenness,
  title={Betweenness centrality for temporal multiplexes},
  author={Zaoli, Silvia and Mazzarisi, Piero and Lillo, Fabrizio},
  journal={Scientific reports},
  volume={11},
  number={1},
  pages={1--9},
  year={2021},
  publisher={Springer}
}
@article{mandyam2022flow,
  title={A Flow-Based Node Dominance Centrality Measure for Complex Networks},
  author={Mandyam Kannappan, Sridhar and Sridhar, Usha},
  journal={SN Computer Science},
  volume={3},
  number={5},
  pages={379},
  year={2022},
  publisher={Springer}
}
@article{hauber1983social,
  title={Social dominance and determinants of mating success in male red-winged blackbirds},
  author={Hauber, Mark E and Sherman, Paul W},
  journal={The Auk},
  volume={100},
  number={4},
  pages={833--846},
  year={1983},
  publisher={JSTOR}
}

@article{estrada2007statistical,
  title={Statistical-mechanical approach to subgraph centrality in complex networks},
  author={Estrada, Ernesto and Hatano, Naomichi},
  journal={Chemical Physics Letters},
  volume={439},
  number={1-3},
  pages={247--251},
  year={2007},
  publisher={Elsevier}
}
@article{soffer2005network,
  title={Network clustering coefficient without degree-correlation biases},
  author={Soffer, Sara Nadiv and Vazquez, Alexei},
  journal={Physical Review E},
  volume={71},
  number={5},
  pages={057101},
  year={2005},
  publisher={APS}
}

@article{estrada2006subgraph,
  title={Subgraph centrality and clustering in complex hyper-networks},
  author={Estrada, Ernesto and Rodr{\'\i}guez-Vel{\'a}zquez, Juan A},
  journal={Physica A: Statistical Mechanics and its Applications},
  volume={364},
  pages={581--594},
  year={2006},
  publisher={Elsevier}
}

@article{horton2019subgraph,
  title={Subgraph centrality and walk-regularity},
  author={Horton, Eric and Kloster, Kyle and Sullivan, Blair D},
  journal={Linear Algebra and its Applications},
  volume={570},
  pages={225--244},
  year={2019},
  publisher={Elsevier}
}


@article{saramaki2007generalizations,
  title={Generalizations of the clustering coefficient to weighted complex networks},
  author={Saram{\"a}ki, Jari and Kivel{\"a}, Mikko and Onnela, Jukka-Pekka and Kaski, Kimmo and Kertesz, Janos},
  journal={Physical Review E},
  volume={75},
  number={2},
  pages={027105},
  year={2007},
  publisher={APS}
}
@article{zhang2008clustering,
  title={Clustering coefficient and community structure of bipartite networks},
  author={Zhang, Peng and Wang, Jinliang and Li, Xiaojia and Li, Menghui and Di, Zengru and Fan, Ying},
  journal={Physica A: Statistical Mechanics and its Applications},
  volume={387},
  number={27},
  pages={6869--6875},
  year={2008},
  publisher={Elsevier}
}


@article{li2017fundamental,
  title={The fundamental advantages of temporal networks},
  author={Li, Aming and Cornelius, Sean P and Liu, Y-Y and Wang, Long and Barab{\'a}si, A-L},
  journal={Science},
  volume={358},
  number={6366},
  pages={1042--1046},
  year={2017},
  publisher={American Association for the Advancement of Science}
}


@article{langville2004deeper,
  title={Deeper inside pagerank},
  author={Langville, Amy N and Meyer, Carl D},
  journal={Internet Mathematics},
  volume={1},
  number={3},
  pages={335--380},
  year={2004},
  publisher={Taylor \& Francis}
}


@inproceedings{xing2004weighted,
  title={Weighted pagerank algorithm},
  author={Xing, Wenpu and Ghorbani, Ali},
  booktitle={Proceedings. Second Annual Conference on Communication Networks and Services Research, 2004.},
  pages={305--314},
  year={2004},
  organization={IEEE}
}
@techreport{page1998pagerank,
  title={The pagerank citation ranking: Bring order to the web},
  author={Page, Lawrence and Brin, Sergey and Motwani, Rajeev and Winograd, Terry},
  year={1998},
  institution={technical report, Stanford University}
}
@book{langville2006google,
  title={Google's PageRank and beyond: The science of search engine rankings},
  author={Langville, Amy N and Meyer, Carl D},
  year={2006},
  publisher={Princeton university press}
}

@article{bianchini2005inside,
  title={Inside pagerank},
  author={Bianchini, Monica and Gori, Marco and Scarselli, Franco},
  journal={ACM Transactions on Internet Technology (TOIT)},
  volume={5},
  number={1},
  pages={92--128},
  year={2005},
  publisher={ACM New York, NY, USA}
}

@article{freeman1978centrality,
  title={Centrality in social networks conceptual clarification},
  author={Freeman, Linton C},
  journal={Social networks},
  volume={1},
  number={3},
  pages={215--239},
  year={1978},
  publisher={North-Holland}
}
@article{hasan2021maneuver,
  title={Maneuver-aware pooling for vehicle trajectory prediction},
  author={Hasan, Mohamed and Solernou, Albert and Paschalidis, Evangelos and Wang, He and Markkula, Gustav and Romano, Richard},
  journal={arXiv preprint arXiv:2104.14079},
  year={2021}
}


@INPROCEEDINGS{7995721,
  author={Kuefler, Alex and Morton, Jeremy and Wheeler, Tim and Kochenderfer, Mykel},
  booktitle={2017 IEEE IV}, 
  title={Imitating driver behavior with generative adversarial networks}, 
  year={2017},
  volume={},
  number={},
  pages={204-211},
  doi={10.1109/IVS.2017.7995721}}



@article{chen2023driving,
  title={Driving with LLMs: Fusing Object-Level Vector Modality for Explainable Autonomous Driving},
  author={Chen, Long and Sinavski, Oleg and H{\"u}nermann, Jan and Karnsund, Alice and Willmott, Andrew James and Birch, Danny and Maund, Daniel and Shotton, Jamie},
  journal={arXiv preprint arXiv:2310.01957},
  year={2023}
}
  
@article{xu2023drivegpt4,
  title={DriveGPT4: Interpretable End-to-end Autonomous Driving via Large Language Model},
  author={Xu, Zhenhua and Zhang, Yujia and Xie, Enze and Zhao, Zhen and Guo, Yong and Wong, Kenneth KY and Li, Zhenguo and Zhao, Hengshuang},
  journal={arXiv preprint arXiv:2310.01412},
  year={2023}
}


  @article{deo2018would,
  title={How would surround vehicles move? a unified framework for maneuver classification and motion prediction},
  author={Deo, Nachiket and Rangesh, Akshay and Trivedi, Mohan M},
  journal={IEEE TIV},
  volume={3},
  number={2},
  pages={129--140},
  year={2018},
  publisher={IEEE}
}


@inproceedings{gupta2018social,
  title={Social gan: Socially acceptable trajectories with generative adversarial networks},
  author={Gupta, Agrim and Johnson, Justin and Fei-Fei, Li and Savarese, Silvio and Alahi, Alexandre},
  booktitle={CVPR},
  pages={2255--2264},
  year={2018}
}

@article{bahdanau2014neural,
  title={Neural machine translation by jointly learning to align and translate},
  author={Bahdanau, Dzmitry and Cho, Kyunghyun and Bengio, Yoshua},
  journal={arXiv preprint arXiv:1409.0473},
  year={2014}
}
@inproceedings{alahi2016social,
  title={Social lstm: Human trajectory prediction in crowded spaces},
  author={Alahi, Alexandre and Goel, Kratarth and Ramanathan, Vignesh and Robicquet, Alexandre and Fei-Fei, Li and Savarese, Silvio},
  booktitle={CVPR},
  pages={961--971},
  year={2016}
}

@article{markkula2020defining,
  title={Defining interactions: A conceptual framework for understanding interactive behaviour in human and automated road traffic},
  author={Markkula, Gustav and Madigan, Ruth and Nathanael, Dimitris and Portouli, Evangelia and Lee, Yee Mun and Dietrich, Andr{\'e} and Billington, Jac and Schieben, Anna and Merat, Natasha},
  journal={Theoretical Issues in Ergonomics Science},
  volume={21},
  number={6},
  pages={728--752},
  year={2020},
  publisher={Taylor \& Francis}
}

@article{liebrand1984effect,
  title={The effect of social motives, communication and group size on behaviour in an N-person multi-stage mixed-motive game},
  author={Liebrand, Wim BG},
  journal={European journal of social psychology},
  volume={14},
  number={3},
  pages={239--264},
  year={1984},
  publisher={Wiley Online Library}
}

@article{noh2018decision,
  title={Decision-making framework for autonomous driving at road intersections: Safeguarding against collision, overly conservative behavior, and violation vehicles},
  author={Noh, Samyeul},
  journal={IEEE TIE},
  volume={66},
  number={4},
  pages={3275--3286},
  year={2018},
  publisher={IEEE}
}

@article{wilde1980immediate,
  title={Immediate and delayed social interaction in road user behaviour},
  author={Wilde, GJ S},
  journal={Applied Psychology},
  volume={29},
  number={4},
  pages={439--460},
  year={1980},
  publisher={Wiley Online Library}
}

@inproceedings{sadigh2016information,
  title={Information gathering actions over human internal state},
  author={Sadigh, Dorsa and Sastry, S Shankar and Seshia, Sanjit A and Dragan, Anca},
  booktitle={2016 IROS},
  pages={66--73},
  year={2016},
  organization={IEEE}
}

@article{dettmann2016random,
  title={Random geometric graphs with general connection functions},
  author={Dettmann, Carl P and Georgiou, Orestis},
  journal={Physical Review E},
  volume={93},
  number={3},
  pages={032313},
  year={2016},
  publisher={APS}
}

@article{keriven2020convergence,
  title={Convergence and stability of graph convolutional networks on large random graphs},
  author={Keriven, Nicolas and Bietti, Alberto and Vaiter, Samuel},
  journal={Advances in Neural Information Processing Systems},
  volume={33},
  pages={21512--21523},
  year={2020}
}

@INPROCEEDINGS{6015840,
  author={Mohamad, Ishak and Ali, Mohd. Alauddin Mohd. and Ismail, Mahamod},
  booktitle={Proceeding of the 2011 IEEE International Conference on Space Science and Communication (IconSpace)}, 
  title={Abnormal driving detection using real time Global Positioning System data}, 
  year={2011},
  volume={},
  number={},
  pages={1-6},
  doi={10.1109/IConSpace.2011.6015840}}

@INPROCEEDINGS{8594348,
  author={Cheung, Ernest and Bera, Aniket and Kubin, Emily and Gray, Kurt and Manocha, Dinesh},
  booktitle={2018 IROS}, 
  title={Identifying Driver Behaviors Using Trajectory Features for Vehicle Navigation}, 
  year={2018},
  volume={},
  number={},
  pages={3445-3452},
  doi={10.1109/IROS.2018.8594348}}


@article{penrose2016connectivity,
  title={Connectivity of soft random geometric graphs},
  author={Penrose, Mathew D},
  year={2016}
}
@article{boguna2021network,
  title={Network geometry},
  author={Boguna, Marian and Bonamassa, Ivan and De Domenico, Manlio and Havlin, Shlomo and Krioukov, Dmitri and Serrano, M {\'A}ngeles},
  journal={Nature Reviews Physics},
  volume={3},
  number={2},
  pages={114--135},
  year={2021},
  publisher={Nature Publishing Group UK London}
}

@article{kepecs2012computational,
  title={A computational framework for the study of confidence in humans and animals},
  author={Kepecs, Adam and Mainen, Zachary F},
  journal={Philosophical Transactions of the Royal Society B: Biological Sciences},
  volume={367},
  number={1594},
  pages={1322--1337},
  year={2012},
  publisher={The Royal Society}
}

@inproceedings{zhang2017degree,
  title={Degree centrality, betweenness centrality, and closeness centrality in social network},
  author={Zhang, Junlong and Luo, Yu},
  booktitle={2017 2nd international conference on modelling, simulation and applied mathematics (MSAM2017)},
  pages={300--303},
  year={2017},
  organization={Atlantis press}
}

@article{barthelemy2004betweenness,
  title={Betweenness centrality in large complex networks},
  author={Barthelemy, Marc},
  journal={The European physical journal B},
  volume={38},
  number={2},
  pages={163--168},
  year={2004},
  publisher={Springer}
}
@article{hauber1980social,
  title={THE SOCIAL PSYCHOLOGY OF DRIVING BEHAVIOUR AND THE TRAFFIC ENVIRONMENT: RESEARCH ON AGGRESSIVE BEHAVIOUR IN TRAFFIC},
  author={HAUBER, AR},
  year={1980}
}


@article{toghi2022social,
  title={Social coordination and altruism in autonomous driving},
  author={Toghi, Behrad and Valiente, Rodolfo and Sadigh, Dorsa and Pedarsani, Ramtin and Fallah, Yaser P},
  journal={IEEE TITS},
  volume={23},
  number={12},
  pages={24791--24804},
  year={2022},
  publisher={IEEE}
}

@INPROCEEDINGS{9812060,
  author={Huang, Zhiyu and Mo, Xiaoyu and Lv, Chen},
  booktitle={2022 ICRA}, 
  title={Multi-modal Motion Prediction with Transformer-based Neural Network for Autonomous Driving}, 
  year={2022},
  volume={},
  number={},
  pages={2605-2611},
  doi={10.1109/ICRA46639.2022.9812060}}

@INPROCEEDINGS{9811637,
  author={Schmidt, Julian and Jordan, Julian and Gritschneder, Franz and Dietmayer, Klaus},
  booktitle={2022 ICRA}, 
  title={CRAT-Pred: Vehicle Trajectory Prediction with Crystal Graph Convolutional Neural Networks and Multi-Head Self-Attention}, 
  year={2022},
  volume={},
  number={},
  pages={7799-7805},
  doi={10.1109/ICRA46639.2022.9811637}}





@ARTICLE{9686621,
  author={Su, Yuchao and Du, Jie and Li, Yuanman and Li, Xia and Liang, Rongqin and Hua, Zhongyun and Zhou, Jiantao},
  journal={IEEE TITS}, 
  title={Trajectory Forecasting Based on Prior-Aware Directed Graph Convolutional Neural Network}, 
  year={2022},
  volume={23},
  number={9},
  pages={16773-16785},
  doi={10.1109/TITS.2022.3142248}}

@article{saadatnejad2022socially,
  title={Are socially-aware trajectory prediction models really socially-aware?},
  author={Saadatnejad, Saeed and Bahari, Mohammadhossein and Khorsandi, Pedram and Saneian, Mohammad and Moosavi-Dezfooli, Seyed-Mohsen and Alahi, Alexandre},
  journal={TR Part C},
  volume={141},
  pages={103705},
  year={2022},
  publisher={Elsevier}
}

@inproceedings{wong2022view,
  title={View Vertically: A hierarchical network for trajectory prediction via fourier spectrums},
  author={Wong, Conghao and Xia, Beihao and Hong, Ziming and Peng, Qinmu and Yuan, Wei and Cao, Qiong and Yang, Yibo and You, Xinge},
  booktitle={European Conference on Computer Vision},
  pages={682--700},
  year={2022},
  organization={Springer}
}

@INPROCEEDINGS{9811718,
  author={Cao, Zhangjie and Biyik, Erdem and Rosman, Guy and Sadigh, Dorsa},
  booktitle={2022 ICRA}, 
  title={Leveraging Smooth Attention Prior for Multi-Agent Trajectory Prediction}, 
  year={2022},
  volume={},
  number={},
  pages={10723-10730},
  doi={10.1109/ICRA46639.2022.9811718}}





@inproceedings{song2020pip,
  title={Pip: Planning-informed trajectory prediction for autonomous driving},
  author={Song, Haoran and Ding, Wenchao and Chen, Yuxuan and Shen, Shaojie and Wang, Michael Yu and Chen, Qifeng},
  booktitle={Computer Vision--ECCV 2020: 16th European Conference, Glasgow, UK, August 23--28, 2020, Proceedings, Part XXI 16},
  pages={598--614},
  year={2020},
  organization={Springer}
}

@article{messaoud2020attention,
  title={Attention based vehicle trajectory prediction},
  author={Messaoud, Kaouther and Yahiaoui, Itheri and Verroust-Blondet, Anne and Nashashibi, Fawzi},
  journal={IEEE TIV},
  volume={6},
  number={1},
  pages={175--185},
  year={2020},
  publisher={IEEE}
}
@article{xue2021hierarchical,
  title={Hierarchical Motion Encoder-Decoder Network for Trajectory Forecasting},
  author={Xue, Qifan and Li, Shengyi and Li, Xuanpeng and Zhao, Jingwen and Zhang, Weigong},
  journal={arXiv preprint arXiv:2111.13324},
  year={2021}
}

@article{messaoud2021attention,
  title={Attention Based Vehicle Trajectory Prediction},
  author={Messaoud, Kaouther and Yahiaoui, Itheri and Verroust-Blondet, Anne and Nashashibi, Fawzi},
  journal={IEEE TIV},
  volume={6},
  number={1},
  pages={175--185},
  year={2021}
}

@article{wang2022multi,
  title={Multi-Vehicle Collaborative Learning for Trajectory Prediction With Spatio-Temporal Tensor Fusion},
  author={Wang, Yu and Zhao, Shengjie and Zhang, Rongqing and Cheng, Xiang and Yang, Liuqing},
  journal={IEEE TITS},
  volume={23},
  number={1},
  pages={236--248},
  year={2022},
  publisher={IEEE}
}

@article{tang2019multiple,
  title={Multiple futures prediction},
  author={Tang, Charlie and Salakhutdinov, Russ R},
  journal={Advances in neural information processing systems},
  volume={32},
  year={2019}
}

@inproceedings{wang2023wsip,
  title={WSiP: Wave Superposition Inspired Pooling for Dynamic Interactions-Aware Trajectory Prediction},
  author={Wang, Renzhi and Wang, Senzhang and Yan, Hao and Wang, Xiang},
  booktitle={AAAI},
  volume={37},
  pages={4685--4692},
  year={2023}
}


@inproceedings{fernando2019neighbourhood,
  title={Neighbourhood context embeddings in deep inverse reinforcement learning for predicting pedestrian motion over long time horizons},
  author={Fernando, Tharindu and Denman, Simon and Sridharan, Sridha and Fookes, Clinton},
  booktitle={ICCV Workshops},
  pages={0--0},
  year={2019}
}

@article{fernando2020deep,
  title={Deep inverse reinforcement learning for behavior prediction in autonomous driving: Accurate forecasts of vehicle motion},
  author={Fernando, Tharindu and Denman, Simon and Sridharan, Sridha and Fookes, Clinton},
  journal={IEEE Signal Processing Magazine},
  volume={38},
  number={1},
  pages={87--96},
  year={2020},
  publisher={IEEE}
}

@article{chen2022intention,
  title={Intention-aware vehicle trajectory prediction based on spatial-temporal dynamic attention network for Internet of Vehicles},
  author={Chen, Xiaobo and Zhang, Huanjia and Zhao, Feng and Hu, Yu and Tan, Chenkai and Yang, Jian},
  journal={IEEE TITS},
  volume={23},
  number={10},
  pages={19471--19483},
  year={2022},
  publisher={IEEE}
}

@inproceedings{he2019bounding,
  title={Bounding box regression with uncertainty for accurate object detection},
  author={He, Yihui and Zhu, Chenchen and Wang, Jianren and Savvides, Marios and Zhang, Xiangyu},
  booktitle={CVPR},
  pages={2888--2897},
  year={2019}
}

@article{li2024steering,
  title={Steering the future: Redefining intelligent transportation systems with foundation models},
  author={Li, Zhenning and Cui, Zhiyong and Liao, Haicheng and Ash, John and Zhang, Guohui and Xu, Chengzhong and Wang, Yinhai},
  journal={CHAIN},
  volume={1},
  number={1},
  pages={46--53},
  year={2024},
  publisher={Youke Publishing}
}

@inproceedings{kendall2018multi,
  title={Multi-task learning using uncertainty to weigh losses for scene geometry and semantics},
  author={Kendall, Alex and Gal, Yarin and Cipolla, Roberto},
  booktitle={CVPR},
  pages={7482--7491},
  year={2018}
}

@article{czirok2000,
  title={Collective motion of self-propelled particles: Kinematic approach},
  author={Czir{\'o}k, Andr{\'a}s and Vicsek, Tam{\'a}s},
  journal={Journal of Physics A: Mathematical and General},
  volume={33},
  number={16},
  pages={L331},
  year={2000},
  publisher={IOP Publishing}
}

@article{bechinger2016,
  title={Active particles in complex and crowded environments},
  author={Bechinger, Clemens and Di Leonardo, Roberto and L{\"o}wen, Hartmut and Reichhardt, Charles and Volpe, Giovanni and Volpe, Giorgio},
  journal={Reviews of Modern Physics},
  volume={88},
  number={4},
  pages={045006},
  year={2016},
  publisher={American Physical Society}
}

@article{elgeti2015,
  title={Physics of microswimmers-single particle motion and collective behavior: a review},
  author={Elgeti, Jens and Winkler, Roland G and Gompper, Gerhard},
  journal={Reports on Progress in Physics},
  volume={78},
  number={5},
  pages={056601},
  year={2015},
  publisher={IOP Publishing}
}

@article{olfati2006,
  title={Flocking for multi-agent dynamic systems: algorithms and theory},
  author={Olfati-Saber, Reza},
  journal={IEEE Transactions on Automatic Control},
  volume={51},
  number={3},
  pages={401-420},
  year={2006},
  publisher={IEEE}
}

@article{helbing2001,
  title={Traffic and related self-driven many-particle systems},
  author={Helbing, Dirk},
  journal={Reviews of Modern Physics},
  volume={73},
  number={4},
  pages={1067},
  year={2001},
  publisher={American Physical Society}
}
@article{ditsworth2019community,
  title={Community detection via katz and eigenvector centrality},
  author={Ditsworth, Mark and Ruths, Justin},
  journal={arXiv preprint arXiv:1909.03916},
  year={2019}
}


@inproceedings{fredette2016,
  title={Application of Reynolds’ flocking model to the traffic flow},
  author={Fredette, Robert and {\"O}zg{\"u}ner, {\"U}mit},
  booktitle={2016 IEEE IV},
  pages={815-820},
  year={2016},
  organization={IEEE}
}


@article{deffenbacher2002driving,
  title={The Driving Anger Expression Inventory: A measure of how people express their anger on the road},
  author={Deffenbacher, Jerry L and Lynch, Rebekah S and Oetting, Eugene R and Swaim, Randall C},
  journal={Behaviour research and therapy},
  volume={40},
  number={6},
  pages={717--737},
  year={2002},
  publisher={Elsevier}
}

@article{murphy2011measuring,
  title={Measuring social value orientation},
  author={Murphy, Ryan O and Ackermann, Kurt A and Handgraaf, Michel JJ},
  journal={Judgment and Decision making},
  volume={6},
  number={8},
  pages={771--781},
  year={2011},
  publisher={Cambridge University Press}
}

@article{gulian1989dimensions,
  title={Dimensions of driver stress},
  author={Gulian, E and Matthews, G and Glendon, Aleck Ian and Davies, DR and Debney, LM},
  journal={Ergonomics},
  volume={32},
  number={6},
  pages={585--602},
  year={1989},
  publisher={Taylor \& Francis}
}

@article{french1993decision,
  title={Decision-making style, driving style, and self-reported involvement in road traffic accidents},
  author={French, Davina J and West, Robert J and Elander, James and Wilding, John Martin},
  journal={Ergonomics},
  volume={36},
  number={6},
  pages={627--644},
  year={1993},
  publisher={Taylor \& Francis}
}


@article{taubman2004multidimensional,
  title={The multidimensional driving style inventory—scale construct and validation},
  author={Taubman-Ben-Ari, Orit and Mikulincer, Mario and Gillath, Omri},
  journal={Accident Analysis \& Prevention},
  volume={36},
  number={3},
  pages={323--332},
  year={2004},
  publisher={Elsevier}
}


@article{deffenbacher1994development,
  title={Development of a driving anger scale},
  author={Deffenbacher, Jerry L and Oetting, Eugene R and Lynch, Rebekah S},
  journal={Psychological reports},
  volume={74},
  number={1},
  pages={83--91},
  year={1994},
  publisher={SAGE Publications Sage CA: Los Angeles, CA}
}

@inproceedings{he2016deep,
  title={Deep residual learning for image recognition},
  author={He, Kaiming and Zhang, Xiangyu and Ren, Shaoqing and Sun, Jian},
  booktitle={CVPR},
  pages={770--778},
  year={2016}
}

@article{minderhoud2001extended,
  title={Extended time-to-collision measures for road traffic safety assessment},
  author={Minderhoud, Michiel M and Bovy, Piet HL},
  journal={Accident Analysis \& Prevention},
  volume={33},
  number={1},
  pages={89--97},
  year={2001},
  publisher={Elsevier}
}

@inproceedings{NIPS2017_3f5ee243,
 author = {Vaswani, Ashish and Shazeer, Noam and Parmar, Niki and Uszkoreit, Jakob and Jones, Llion and Gomez, Aidan N and Kaiser, \L ukasz and Polosukhin, Illia},
 booktitle = {Advances in Neural Information Processing Systems},
 editor = {I. Guyon and U. Von Luxburg and S. Bengio and H. Wallach and R. Fergus and S. Vishwanathan and R. Garnett},
 pages = {},
 publisher = {Curran Associates, Inc.},
 title = {Attention is All you Need},
 url = {https://proceedings.neurips.cc/paper_files/paper/2017/file/3f5ee243547dee91fbd053c1c4a845aa-Paper.pdf},
 volume = {30},
 year = {2017}
}

@inproceedings{liao2024and,
  title={When, Where, and What? A Benchmark for Accident Anticipation and Localization with Large Language Models},
  author={Liao, Haicheng and Li, Yongkang and Wang, Chengyue and Guan, Yanchen and Tam, Kahou and Tian, Chunlin and Li, Li and Xu, Chengzhong and Li, Zhenning},
  booktitle={Proceedings of the 32nd ACM International Conference on Multimedia},
  pages={8--17},
  year={2024}
}

@article{hamilton2017inductive,
  title={Inductive representation learning on large graphs},
  author={Hamilton, Will and Ying, Zhitao and Leskovec, Jure},
  journal={Advances in neural information processing systems},
  volume={30},
  year={2017}
}
@article{ba2016layer,
  title={Layer normalization},
  author={Ba, Jimmy Lei and Kiros, Jamie Ryan and Hinton, Geoffrey E},
  journal={arXiv preprint arXiv:1607.06450},
  year={2016}
}

@inproceedings{dauphin2017language,
  title={Language modeling with gated convolutional networks},
  author={Dauphin, Yann N and Fan, Angela and Auli, Michael and Grangier, David},
  booktitle={International conference on machine learning},
  pages={933--941},
  year={2017},
  organization={PMLR}
}

@article{wang2021review,
  title={A review of surrogate safety measures and their applications in connected and automated vehicles safety modeling},
  author={Wang, Chen and Xie, Yuanchang and Huang, Helai and Liu, Pan},
  journal={Accident Analysis \& Prevention},
  volume={157},
  pages={106157},
  year={2021},
  publisher={Elsevier}
}

@article{choi2021trajgail,
  title={TrajGAIL: Generating urban vehicle trajectories using generative adversarial imitation learning},
  author={Choi, Seongjin and Kim, Jiwon and Yeo, Hwasoo},
  journal={TR Part C},
  volume={128},
  pages={103091},
  year={2021},
  publisher={Elsevier}
}


@article{wu2022long,
  title={Long-term 4D trajectory prediction using generative adversarial networks},
  author={Wu, Xiping and Yang, Hongyu and Chen, Hu and Hu, Qinzhi and Hu, Haoliang},
  journal={TR Part C},
  volume={136},
  pages={103554},
  year={2022},
  publisher={Elsevier}
}

@article{zhang2022explainable,
  title={Explainable multimodal trajectory prediction using attention models},
  author={Zhang, Kunpeng and Li, Li},
  journal={TR Part C},
  volume={143},
  pages={103829},
  year={2022},
  publisher={Elsevier}
}

@article{hayward1972near,
  title={Near miss determination through use of a scale of danger},
  author={Hayward, John C},
  journal={},
  year={1972},
  publisher={Pennsylvania State University University Park}
}

@article{ward2015extending,
  title={Extending time to collision for probabilistic reasoning in general traffic scenarios},
  author={Ward, James R and Agamennoni, Gabriel and Worrall, Stewart and Bender, Asher and Nebot, Eduardo},
  journal={TR Part C},
  volume={51},
  pages={66--82},
  year={2015},
  publisher={Elsevier}
}

@article{li2022lane,
  title={Lane change strategies for autonomous vehicles: a deep reinforcement learning approach based on transformer},
  author={Li, Guofa and Qiu, Yifan and Yang, Yifan and Li, Zhenning and Li, Shen and Chu, Wenbo and Green, Paul and Li, Shengbo Eben},
  journal={IEEE TIV},
  year={2022},
  publisher={IEEE}
}

@article{li2023mitigating,
  title={Mitigating the impact of outliers in traffic crash analysis: A robust Bayesian regression approach with application to tunnel crash data},
  author={Li, Zhenning and Liao, Haicheng and Tang, Ruru and Li, Guofa and Li, Yunjian and Xu, Chengzhong},
  journal={Accident Analysis \& Prevention},
  volume={185},
  pages={107019},
  year={2023},
  publisher={Elsevier}
}

@article{gao2023dual,
  title={Dual Transformer Based Prediction for Lane Change Intentions and Trajectories in Mixed Traffic Environment},
  author={Gao, Kai and Li, Xunhao and Chen, Bin and Hu, Lin and Liu, Jian and Du, Ronghua and Li, Yongfu},
  journal={IEEE TITS},
  year={2023},
  publisher={IEEE}
}


@inproceedings{huang2018apolloscape,
  title={The apolloscape dataset for autonomous driving},
  author={Huang, Xinyu and Cheng, Xinjing and Geng, Qichuan and Cao, Binbin and Zhou, Dingfu and Wang, Peng and Lin, Yuanqing and Yang, Ruigang},
  booktitle={CVPR workshops},
  pages={954--960},
  year={2018}
}


@article{geiger2013vision,
  title={Vision meets robotics: The kitti dataset},
  author={Geiger, Andreas and Lenz, Philip and Stiller, Christoph and Urtasun, Raquel},
  journal={The International Journal of Robotics Research},
  volume={32},
  number={11},
  pages={1231--1237},
  year={2013},
  publisher={Sage Publications Sage UK: London, England}
}


@inproceedings{highDdataset,
               title={The highD Dataset: A Drone Dataset of Naturalistic Vehicle Trajectories on German Highways for Validation of Highly Automated Driving Systems},
               author={Krajewski, Robert and Bock, Julian and Kloeker, Laurent and Eckstein, Lutz},
               booktitle={2018 21st International Conference on Intelligent Transportation Systems (ITSC)},
               pages={2118-2125},
               year={2018},
               doi={10.1109/ITSC.2018.8569552}}

@inproceedings{rounDdataset,
               title={The rounD Dataset: A Drone Dataset of Road User Trajectories at Roundabouts in Germany},
               author={Krajewski, Robert and Moers, Tobias and Bock, Julian and Vater, Lennart and Eckstein, Lutz},
               booktitle={2020 IEEE 23rd International Conference on Intelligent Transportation Systems (ITSC)},
               pages={1-6},
               year={2020},
               doi={10.1109/ITSC45102.2020.9294728}}


@inproceedings{caesar2020nuscenes,
  title={nuscenes: A multimodal dataset for autonomous driving},
  author={Caesar, Holger and Bankiti, Varun and Lang, Alex H and Vora, Sourabh and Liong, Venice Erin and Xu, Qiang and Krishnan, Anush and Pan, Yu and Baldan, Giancarlo and Beijbom, Oscar},
  booktitle={CVPR},
  pages={11621--11631},
  year={2020}
}

@article{mozaffari2020deep,
  title={Deep learning-based vehicle behavior prediction for autonomous driving applications: A review},
  author={Mozaffari, Sajjad and Al-Jarrah, Omar Y and Dianati, Mehrdad and Jennings, Paul and Mouzakitis, Alexandros},
  journal={IEEE TITS},
  volume={23},
  number={1},
  pages={33--47},
  year={2020},
  publisher={IEEE}
}

@article{ding2023incorporating,
  title={Incorporating driving knowledge in deep learning based vehicle trajectory prediction: A survey},
  author={Ding, Zhezhang and Zhao, Huijing},
  journal={IEEE TIV},
  volume={8},
  number={8},
  pages={3996--4015},
  year={2023},
  publisher={IEEE}
}

@article{chen2023stochastic,
  title={Stochastic Non-Autoregressive Transformer-Based Multi-Modal Pedestrian Trajectory Prediction for Intelligent Vehicles},
  author={Chen, Xiaobo and Zhang, Huanjia and Deng, Fuwen and Liang, Jun and Yang, Jian},
  journal={IEEE TITS},
  year={2023},
  publisher={IEEE}
}

@article{zhou2023csir,
  title={CSIR: Cascaded Sliding CVAEs With Iterative Socially-Aware Rethinking for Trajectory Prediction},
  author={Zhou, Hao and Yang, Xu and Ren, Dongchun and Huang, Hai and Fan, Mingyu},
  journal={IEEE TITS},
  year={2023},
  publisher={IEEE}
}

@article{geng2023multimodal,
  title={Multimodal vehicular trajectory prediction with inverse reinforcement learning and risk aversion at urban unsignalized intersections},
  author={Geng, Maosi and Cai, Zeen and Zhu, Yizhang and Chen, Xiqun and Lee, Der-Horng},
  journal={IEEE TITS},
  volume={24},
  number={11},
  pages={12227--12240},
  year={2023},
  publisher={IEEE}
}

