@inproceedings{abbasi2011regret,
  title={Regret bounds for the adaptive control of linear quadratic systems},
  author={Abbasi-Yadkori, Yasin and Szepesv{\'a}ri, Csaba},
  booktitle={Proceedings of the 24th Annual Conference on Learning Theory},
  pages={1--26},
  year={2011}
}

@inproceedings{abbasi2014tracking,
  title={Tracking adversarial targets},
  author={Abbasi-Yadkori, Yasin and Bartlett, Peter and Kanade, Varun},
  booktitle={International Conference on Machine Learning},
  pages={369--377},
  year={2014},
  organization={PMLR}
}

@inproceedings{agarwal2019logarithmic,
  title={Logarithmic regret for online control},
  author={Agarwal, Naman and Hazan, Elad and Singh, Karan},
  booktitle={Advances in Neural Information Processing Systems},
  pages={10175--10184},
  year={2019}
}

@inproceedings{agarwal2019online,
  title={Online control with adversarial disturbances},
  author={Agarwal, Naman and Bullins, Brian and Hazan, Elad and Kakade, Sham and Singh, Karan},
  booktitle={International Conference on Machine Learning},
  pages={111--119},
  year={2019},
  organization={PMLR}
}

@article{agarwal2023spectral,
  title={Spectral state space models},
  author={Agarwal, Naman and Suo, Daniel and Chen, Xinyi and Hazan, Elad},
  journal={arXiv preprint arXiv:2312.06837},
  year={2023}
}

@article{agarwal2024futurefill,
  title={FutureFill: Fast Generation from Convolutional Sequence Models},
  author={Agarwal, Naman and Chen, Xinyi and Dogariu, Evan and Feinberg, Vlad and Suo, Daniel and Bartlett, Peter and Hazan, Elad},
  journal={arXiv preprint arXiv:2410.03766},
  year={2024}
}

@article{anava2015online,
  title={Online learning for adversaries with memory: price of past mistakes},
  author={Anava, Oren and Hazan, Elad and Mannor, Shie},
  journal={Advances in Neural Information Processing Systems},
  volume={28},
  year={2015}
}

@inproceedings{bakshi2023new,
  title={A new approach to learning linear dynamical systems},
  author={Bakshi, Ainesh and Liu, Allen and Moitra, Ankur and Yau, Morris},
  booktitle={Proceedings of the 55th Annual ACM Symposium on Theory of Computing},
  pages={335--348},
  year={2023}
}

@book{bertsekas2007dynamic,
  title={Dynamic Programming and Optimal Control},
  author={Bertsekas, Dimitri P},
  year={2007},
  publisher={Athena Scientific}
}

@book{cesa2006prediction,
  title={Prediction, learning, and games},
  author={Cesa-Bianchi, Nicolo and Lugosi, G{\'a}bor},
  year={2006},
  publisher={Cambridge university press}
}

@inproceedings{chen2021black,
  title={Black-box control for linear dynamical systems},
  author={Chen, Xinyi and Hazan, Elad},
  booktitle={Conference on Learning Theory},
  pages={1114--1143},
  year={2021},
  organization={PMLR}
}

@inproceedings{cohen2018online,
  title={Online Linear Quadratic Control},
  author={Cohen, Alon and Hasidim, Avinatan and Koren, Tomer and Lazic, Nevena and Mansour, Yishay and Talwar, Kunal},
  booktitle={International Conference on Machine Learning},
  pages={1029--1038},
  year={2018}
}

@inproceedings{cohen2019learning,
  title={Learning Linear-Quadratic Regulators Efficiently with only $\sqrt{T}$ Regret},
  author={Cohen, Alon and Koren, Tomer and Mansour, Yishay},
  booktitle={International Conference on Machine Learning},
  pages={1300--1309},
  year={2019}
}

@inproceedings{dean2018regret,
  title={Regret bounds for robust adaptive control of the linear quadratic regulator},
  author={Dean, Sarah and Mania, Horia and Matni, Nikolai and Recht, Benjamin and Tu, Stephen},
  booktitle={Advances in Neural Information Processing Systems},
  pages={4188--4197},
  year={2018}
}

@inproceedings{fazel2018global,
  title={Global Convergence of Policy Gradient Methods for the Linear Quadratic Regulator},
  author={Fazel, Maryam and Ge, Rong and Kakade, Sham and Mesbahi, Mehran},
  booktitle={International Conference on Machine Learning},
  pages={1467--1476},
  year={2018}
}

@inproceedings{ghai2020no,
  title={No-regret prediction in marginally stable systems},
  author={Ghai, Udaya and Lee, Holden and Singh, Karan and Zhang, Cyril and Zhang, Yi},
  booktitle={Conference on Learning Theory},
  pages={1714--1757},
  year={2020},
  organization={PMLR}
}

@article{hazan2016introduction,
  title={Introduction to online convex optimization},
  author={Hazan, Elad},
  journal={Foundations and Trends{\textregistered} in Optimization},
  volume={2},
  number={3-4},
  pages={157--325},
  year={2016},
  publisher={Now Publishers, Inc.}
}

@inproceedings{hazan2017learning,
  title={Learning linear dynamical systems via spectral filtering},
  author={Hazan, Elad and Singh, Karan and Zhang, Cyril},
  booktitle={Advances in Neural Information Processing Systems},
  pages={6702--6712},
  year={2017}
}

@inproceedings{hazan2018spectral,
  title={Spectral filtering for general linear dynamical systems},
  author={Hazan, Elad and Lee, Holden and Singh, Karan and Zhang, Cyril and Zhang, Yi},
  booktitle={Advances in Neural Information Processing Systems},
  pages={4634--4643},
  year={2018}
}

@article{hazan2022introduction,
  title={Introduction to online nonstochastic control},
  author={Hazan, Elad and Singh, Karan},
  journal={arXiv preprint arXiv:2211.09619},
  year={2022}
}

@article{kalman1960new,
  title={A new approach to linear filtering and prediction problems},
  author={Kalman, Rudolph Emil},
  year={1960},
  journal={Journal of Basic Engineering},
  volume={82.1},
  pages={35-45}
}

@book{kemin,
author = {Zhou, Kemin and Doyle, John C. and Glover, Keith},
title = {Robust and Optimal Control},
year = {1996},
isbn = {0134565673},
publisher = {Prentice-Hall, Inc.},
address = {USA}
}

@inproceedings{kozdoba2019line,
  title={On-line learning of linear dynamical systems: Exponential forgetting in kalman filters},
  author={Kozdoba, Mark and Marecek, Jakub and Tchrakian, Tigran and Mannor, Shie},
  booktitle={Proceedings of the AAAI Conference on Artificial Intelligence},
  volume={33},
  number={01},
  pages={4098--4105},
  year={2019}
}

@inproceedings{mania2019certainty,
  title={Certainty equivalence is efficient for linear quadratic control},
  author={Mania, Horia and Tu, Stephen and Recht, Benjamin},
  booktitle={Advances in Neural Information Processing Systems},
  pages={10154--10164},
  year={2019}
}

@inproceedings{simchowitz2020improper,
  title={Improper learning for non-stochastic control},
  author={Simchowitz, Max and Singh, Karan and Hazan, Elad},
  booktitle={Conference on Learning Theory},
  pages={3320--3436},
  year={2020},
  organization={PMLR}
}

