@book{abramowitz1948handbook,
  title={Handbook of mathematical functions with formulas, graphs, and mathematical tables},
  author={Abramowitz, Milton and Stegun, Irene A},
  volume={55},
  year={1948},
  publisher={US Government printing office}
}

@article{hazan2022introduction,
  title={Introduction to online nonstochastic control},
  author={Hazan, Elad and Singh, Karan},
  journal={arXiv preprint arXiv:2211.09619},
  year={2022}
}

@article{hazan2016introduction,
  title={Introduction to online convex optimization},
  author={Hazan, Elad},
  journal={Foundations and Trends{\textregistered} in Optimization},
  volume={2},
  number={3-4},
  pages={157--325},
  year={2016},
  publisher={Now Publishers, Inc.}
}


@inproceedings{ghai2020no,
  title={No-regret prediction in marginally stable systems},
  author={Ghai, Udaya and Lee, Holden and Singh, Karan and Zhang, Cyril and Zhang, Yi},
  booktitle={Conference on Learning Theory},
  pages={1714--1757},
  year={2020},
  organization={PMLR}
}


@inproceedings{bakshi2023new,
  title={A new approach to learning linear dynamical systems},
  author={Bakshi, Ainesh and Liu, Allen and Moitra, Ankur and Yau, Morris},
  booktitle={Proceedings of the 55th Annual ACM Symposium on Theory of Computing},
  pages={335--348},
  year={2023}
}

@article{agarwal2024futurefill,
  title={FutureFill: Fast Generation from Convolutional Sequence Models},
  author={Agarwal, Naman and Chen, Xinyi and Dogariu, Evan and Feinberg, Vlad and Suo, Daniel and Bartlett, Peter and Hazan, Elad},
  journal={arXiv preprint arXiv:2410.03766},
  year={2024}
}
@article{anava2015online,
  title={Online learning for adversaries with memory: price of past mistakes},
  author={Anava, Oren and Hazan, Elad and Mannor, Shie},
  journal={Advances in Neural Information Processing Systems},
  volume={28},
  year={2015}
}

@book{cesa2006prediction,
  title={Prediction, learning, and games},
  author={Cesa-Bianchi, Nicolo and Lugosi, G{\'a}bor},
  year={2006},
  publisher={Cambridge university press}
}
@article{agarwal2023spectral,
  title={Spectral state space models},
  author={Agarwal, Naman and Suo, Daniel and Chen, Xinyi and Hazan, Elad},
  journal={arXiv preprint arXiv:2312.06837},
  year={2023}
}
%%%%%%%%%%%%%%%%%%%%%%%%%%%%%%%%%%%
%%%%%%%%%%%%%%%%%%%%%%%%%%%%%%%%%%%
% Control Books
%%%%%%%%%%%%%%%%%%%%%%%%%%%%%%%%%%%
%%%%%%%%%%%%%%%%%%%%%%%%%%%%%%%%%%%
@book{bertsekas2007dynamic,
  title={Dynamic Programming and Optimal Control},
  author={Bertsekas, Dimitri P},
  year={2007},
  publisher={Athena Scientific}
}

@article{tropp2012user,
  title={User-friendly tail bounds for sums of random matrices},
  author={Tropp, Joel A},
  journal={Foundations of computational mathematics},
  volume={12},
  number={4},
  pages={389--434},
  year={2012},
  publisher={Springer}
}

@inproceedings{jin2020provably,
  title={Provably efficient reinforcement learning with linear function approximation},
  author={Jin, Chi and Yang, Zhuoran and Wang, Zhaoran and Jordan, Michael I},
  booktitle={Conference on Learning Theory},
  pages={2137--2143},
  year={2020},
  organization={PMLR}
}

@article{kakade2020information,
  title={Information theoretic regret bounds for online nonlinear control},
  author={Kakade, Sham and Krishnamurthy, Akshay and Lowrey, Kendall and Ohnishi, Motoya and Sun, Wen},
  journal={Advances in Neural Information Processing Systems},
  volume={33},
  pages={15312--15325},
  year={2020}
}

@inproceedings{du2021bilinear,
  title={Bilinear classes: A structural framework for provable generalization in rl},
  author={Du, Simon and Kakade, Sham and Lee, Jason and Lovett, Shachar and Mahajan, Gaurav and Sun, Wen and Wang, Ruosong},
  booktitle={International Conference on Machine Learning},
  pages={2826--2836},
  year={2021},
  organization={PMLR}
}

@inproceedings{jiang2017contextual,
  title={Contextual decision processes with low bellman rank are pac-learnable},
  author={Jiang, Nan and Krishnamurthy, Akshay and Agarwal, Alekh and Langford, John and Schapire, Robert E},
  booktitle={International Conference on Machine Learning},
  pages={1704--1713},
  year={2017},
  organization={PMLR}
}

@book{wiener1949extrapolation,
  title={Extrapolation, interpolation, and smoothing of stationary time series: with engineering applications},
  author={Wiener, Norbert},
  volume={113},
  number={21},
  year={1949},
  publisher={MIT press Cambridge, MA}
}

@inproceedings{kozdoba2019line,
  title={On-line learning of linear dynamical systems: Exponential forgetting in kalman filters},
  author={Kozdoba, Mark and Marecek, Jakub and Tchrakian, Tigran and Mannor, Shie},
  booktitle={Proceedings of the AAAI Conference on Artificial Intelligence},
  volume={33},
  number={01},
  pages={4098--4105},
  year={2019}
}

@article{anderson1991kalman,
  title={Kalman filtering: Whence, what and whither?},
  author={Anderson, BDO and Moore, JB},
  journal={Mathematical System Theory: The Influence of RE Kalman},
  pages={41--54},
  year={1991},
  publisher={Springer}
}

@article{cassel2020bandit,
  title={Bandit linear control},
  author={Cassel, Asaf and Koren, Tomer},
  journal={Advances in Neural Information Processing Systems},
  volume={33},
  pages={8872--8882},
  year={2020}
}

@article{goel2022best,
  title={Best of Both Worlds in Online Control: Competitive Ratio and Policy Regret},
  author={Goel, Gautam and Agarwal, Naman and Singh, Karan and Hazan, Elad},
  journal={arXiv preprint arXiv:2211.11219},
  year={2022}
}

@inproceedings{abbasi2014tracking,
  title={Tracking adversarial targets},
  author={Abbasi-Yadkori, Yasin and Bartlett, Peter and Kanade, Varun},
  booktitle={International Conference on Machine Learning},
  pages={369--377},
  year={2014},
  organization={PMLR}
}

@article{even2004experts,
  title={Experts in a Markov decision process},
  author={Even-Dar, Eyal and Kakade, Sham M and Mansour, Yishay},
  journal={Advances in neural information processing systems},
  volume={17},
  year={2004}
}

@inproceedings{agarwal2021regret,
  title={A regret minimization approach to iterative learning control},
  author={Agarwal, Naman and Hazan, Elad and Majumdar, Anirudha and Singh, Karan},
  booktitle={International Conference on Machine Learning},
  pages={100--109},
  year={2021},
  organization={PMLR}
}

@inproceedings{li2021online,
  title={Online optimal control with affine constraints},
  author={Li, Yingying and Das, Subhro and Li, Na},
  booktitle={Proceedings of the AAAI Conference on Artificial Intelligence},
  volume={35},
  number={10},
  pages={8527--8537},
  year={2021}
}

@article{suo2021machine,
  title={Machine learning for mechanical ventilation control},
  author={Suo, Daniel and Zhang, Cyril and Gradu, Paula and Ghai, Udaya and Chen, Xinyi and Minasyan, Edgar and Agarwal, Naman and Singh, Karan and LaChance, Julienne and Zajdel, Tom and others},
  journal={arXiv preprint arXiv:2102.06779},
  year={2021}
}

@article{ibrahimi2012efficient,
  title={Efficient reinforcement learning for high dimensional linear quadratic systems},
  author={Ibrahimi, Morteza and Javanmard, Adel and Roy, Benjamin},
  journal={Advances in Neural Information Processing Systems},
  volume={25},
  year={2012}
}

@article{tsiamis2022statistical,
  title={Statistical Learning Theory for Control: A Finite Sample Perspective},
  author={Tsiamis, Anastasios and Ziemann, Ingvar and Matni, Nikolai and Pappas, George J},
  journal={arXiv preprint arXiv:2209.05423},
  year={2022}
}

@article{cassel2022rate,
  title={Rate-Optimal Online Convex Optimization in Adaptive Linear Control},
  author={Cassel, Asaf and Cohen, Alon and Koren, Tomer},
  journal={arXiv preprint arXiv:2206.01426},
  year={2022}
}




@article{simchowitz2020making,
  title={Making non-stochastic control (almost) as easy as stochastic},
  author={Simchowitz, Max},
  journal={Advances in Neural Information Processing Systems},
  volume={33},
  pages={18318--18329},
  year={2020}
}

@InProceedings{pmlr-v119-simchowitz20a,
  title = 	 {Naive Exploration is Optimal for Online {LQR}},
  author =       {Simchowitz, Max and Foster, Dylan},
  booktitle = 	 {Proceedings of the 37th International Conference on Machine Learning},
  pages = 	 {8937--8948},
  year = 	 {2020},
  editor = 	 {III, Hal Daum√© and Singh, Aarti},
  volume = 	 {119},
  series = 	 {Proceedings of Machine Learning Research},
  month = 	 {13--18 Jul},
  publisher =    {PMLR},
  pdf = 	 {http://proceedings.mlr.press/v119/simchowitz20a/simchowitz20a.pdf},
  url = 	 {https://proceedings.mlr.press/v119/simchowitz20a.html},
  abstract = 	 {We consider the problem of online adaptive control of the linear quadratic regulator, where the true system parameters are unknown. We prove new upper and lower bounds demonstrating that the optimal regret scales as $\tilde{\Theta} (\sqrt{d_{\mathbf{u}}^2 d_{\mathbf{x}} T})$, where $T$ is the number of time steps, $d_{\mathbf{u}}$ is the dimension of the input space, and $d_{\mathbf{x}}$ is the dimension of the system state. Notably, our lower bounds rule out the possibility of a $\mathrm{poly}(\log{T})$-regret algorithm, which had been conjectured due to the apparent strong convexity of the problem. Our upper bound is attained by a simple variant of certainty equivalent control, where the learner selects control inputs according to the optimal controller for their estimate of the system while injecting exploratory random noise. While this approach was shown to achieve $\sqrt{T}$ regret by Mania et al. (2019), we show that if the learner continually refines their estimates of the system matrices, the method attains optimal dimension dependence as well. Central to our upper and lower bounds is a new approach for controlling perturbations of Riccati equations called the self-bounding ODE method, which we use to derive suboptimality bounds for the certainty equivalent controller synthesized from estimated system dynamics. This in turn enables regret upper bounds which hold for any stabilizable instance and scale with natural control-theoretic quantities.}
}


@article{ho1966effective,
  title={Effective construction of linear state-variable models from input/output functions},
  author={HO, BL and K{\'a}lm{\'a}n, Rudolf E},
  journal={at-Automatisierungstechnik},
  volume={14},
  number={1-12},
  pages={545--548},
  year={1966},
  publisher={Oldenbourg Wissenschaftsverlag}
}

@inproceedings{oymak2019non,
  title={Non-asymptotic identification of lti systems from a single trajectory},
  author={Oymak, Samet and Ozay, Necmiye},
  booktitle={2019 American control conference (ACC)},
  pages={5655--5661},
  year={2019},
  organization={IEEE}
}


@InProceedings{pmlr-v97-sarkar19a,
  title = 	 {Near optimal finite time identification of arbitrary linear dynamical systems},
  author =       {Sarkar, Tuhin and Rakhlin, Alexander},
  booktitle = 	 {Proceedings of the 36th International Conference on Machine Learning},
  pages = 	 {5610--5618},
  year = 	 {2019},
  editor = 	 {Chaudhuri, Kamalika and Salakhutdinov, Ruslan},
  volume = 	 {97},
  series = 	 {Proceedings of Machine Learning Research},
  month = 	 {09--15 Jun},
  publisher =    {PMLR},
  pdf = 	 {http://proceedings.mlr.press/v97/sarkar19a/sarkar19a.pdf},
  url = 	 {https://proceedings.mlr.press/v97/sarkar19a.html},
  abstract = 	 {We derive finite time error bounds for estimating general linear time-invariant (LTI) systems from a single observed trajectory using the method of least squares. We provide the first analysis of the general case when eigenvalues of the LTI system are arbitrarily distributed in three regimes: stable, marginally stable, and explosive. Our analysis yields sharp upper bounds for each of these cases separately. We observe that although the underlying process behaves quite differently in each of these three regimes, the systematic analysis of a self‚Äìnormalized martingale difference term helps bound identification error up to logarithmic factors of the lower bound. On the other hand, we demonstrate that the least squares solution may be statistically inconsistent under certain conditions even when the signal-to-noise ratio is high.}
}


@article{furieri2019input,
  title={An input--output parametrization of stabilizing controllers: Amidst youla and system level synthesis},
  author={Furieri, Luca and Zheng, Yang and Papachristodoulou, Antonis and Kamgarpour, Maryam},
  journal={IEEE Control Systems Letters},
  volume={3},
  number={4},
  pages={1014--1019},
  year={2019},
  publisher={IEEE}
}

@phdthesis{singh2022nonstochastic,
  title={The Nonstochastic Control Problem},
  author={Singh, Karan},
  year={2022},
  school={Princeton University}
}


@article{gradu2021deluca,
  title={Deluca--A Differentiable Control Library: Environments, Methods, and Benchmarking},
  author={Gradu, Paula and Hallman, John and Suo, Daniel and Yu, Alex and Agarwal, Naman and Ghai, Udaya and Singh, Karan and Zhang, Cyril and Majumdar, Anirudha and Hazan, Elad},
  journal={arXiv preprint arXiv:2102.09968},
  year={2021}
}

@article{dean2020sample,
  title={On the sample complexity of the linear quadratic regulator},
  author={Dean, Sarah and Mania, Horia and Matni, Nikolai and Recht, Benjamin and Tu, Stephen},
  journal={Foundations of Computational Mathematics},
  volume={20},
  number={4},
  pages={633--679},
  year={2020},
  publisher={Springer}
}

@inproceedings{simchowitz2019learning,
  title={Learning linear dynamical systems with semi-parametric least squares},
  author={Simchowitz, Max and Boczar, Ross and Recht, Benjamin},
  booktitle={Conference on Learning Theory},
  pages={2714--2802},
  year={2019},
  organization={PMLR}
}

@misc{aaac,
  author = {Amir Ali Ahmadi},
  title = {{ORF 363: Computing and Optimization}},
  howpublished = "\url{http://aaa.princeton.edu/orf363}",
  year = {2016}, 
  note = "[Online; accessed August 1, 2022]"
}

@inproceedings{fiechter1997pac,
  title={PAC adaptive control of linear systems},
  author={Fiechter, Claude-Nicolas},
  booktitle={Proceedings of the tenth annual conference on Computational learning theory},
  pages={72--80},
  year={1997}
}



@misc{sastry1990adaptive,
  title={Adaptive control: stability, convergence, and robustness},
  author={Sastry, Shankar and Bodson, Marc and Bartram, James F},
  year={1990},
  publisher={Acoustical Society of America}
}

@book{stengel1994optimal,
  title={Optimal control and estimation},
  author={Stengel, Robert F},
  year={1994},
  publisher={Courier Corporation}
}

@article{zheng2020equivalence,
  title={On the equivalence of youla, system-level, and input--output parameterizations},
  author={Zheng, Yang and Furieri, Luca and Papachristodoulou, Antonis and Li, Na and Kamgarpour, Maryam},
  journal={IEEE Transactions on Automatic Control},
  volume={66},
  number={1},
  pages={413--420},
  year={2020},
  publisher={IEEE}
}

@article{youla1976modern,
  title={Modern Wiener-Hopf design of optimal controllers--Part II: The multivariable case},
  author={Youla, Dante and Jabr, Hamid and Bongiorno, Jr},
  journal={IEEE Transactions on Automatic Control},
  volume={21},
  number={3},
  pages={319--338},
  year={1976},
  publisher={IEEE}
}

@article{anderson2019system,
  title={System level synthesis},
  author={Anderson, James and Doyle, John C and Low, Steven H and Matni, Nikolai},
  journal={Annual Reviews in Control},
  volume={47},
  pages={364--393},
  year={2019},
  publisher={Elsevier}
}

@inproceedings{doyle2017system,
  title={System level synthesis: A tutorial},
  author={Doyle, John C and Matni, Nikolai and Wang, Yuh-Shyang and Anderson, James and Low, Steven},
  booktitle={2017 IEEE 56th Annual Conference on Decision and Control (CDC)},
  pages={2856--2867},
  year={2017},
  organization={IEEE}
}



@article{adam2020special,
  title={Special report: The simulations driving the world's response to COVID-19.},
  author={Adam, David},
  journal={Nature},
  volume={580},
  number={7802},
  pages={316--319},
  year={2020},
  publisher={Nature Publishing Group}
}

@article{norvig2002modern,
  title={Artificial Intelligence: A modern approach},
  author={Russel, P R and Norvig, S A},
  journal={Prentice Hall Upper Saddle River, NJ, USA: Rani, M., Nayak, R., \& Vyas, OP (2015). An ontology-based adaptive personalized e-learning system, assisted by software agents on cloud storage. Knowledge-Based Systems},
  volume={90},
  pages={33--48},
  year={2002}
}

@article{zhou1996robust,
  title={Robust and optimal control},
  author={Zhou, Kemin and Doyle, JC and Glover, Keither},
  journal={Control Engineering Practice},
  volume={4},
  number={8},
  pages={1189--1190},
  year={1996},
  publisher={Elsevier Science Publishing Company, Inc.}
}

@article{wellmax,
author = {Maxwell, James Clerk },
title = {I. On governors},
journal = {Proceedings of the Royal Society of London},
volume = {16},
number = {},
pages = {270-283},
year = {1868},
doi = {10.1098/rspl.1867.0055},
URL = {https://royalsocietypublishing.org/doi/abs/10.1098/rspl.1867.0055},
eprint = {https://royalsocietypublishing.org/doi/pdf/10.1098/rspl.1867.0055}
}


@book{Stengel1994OptimalCA,
  title={Optimal control and estimation},
  author={Stengel, Robert F},
  year={1994},
  publisher={Courier Corporation}
}


@book{tedrake,
	author = {Russ Tedrake},
	title = {Underactuated Robotics: Algorithms for Walking, Running, Swimming, Flying, and Manipulation (Course Notes for MIT 6.832)},
	year = {2020}
}


@book{kemin,
author = {Zhou, Kemin and Doyle, John C. and Glover, Keith},
title = {Robust and Optimal Control},
year = {1996},
isbn = {0134565673},
publisher = {Prentice-Hall, Inc.},
address = {USA}
}


@book{bacsar2008h,
  title={H-infinity optimal control and related minimax design problems: a dynamic game approach},
  author={Ba{\c{s}}ar, Tamer and Bernhard, Pierre},
  year={2008},
  publisher={Springer Science \& Business Media}
}


@article{fernandez2003control,
  title={Control Theory: History, mathematical achievements and perspectives},
  author={Fern{\'a}ndez Cara, Enrique and Zuazua Iriondo, Enrique},
  journal={Bolet{\'\i}n de la Sociedad Espa{\~n}ola de Matem{\'a}tica Aplicada, 26, 79-140.},
  year={2003},
  publisher={Sociedad Espa{\~n}ola de Matem{\'a}tica Aplicada}
}

@ARTICLE{248006,
  author={S. {Bennett}},
  journal={IEEE Control Systems Magazine}, 
  title={Development of the PID controller}, 
  year={1993},
  volume={13},
  number={6},
  pages={58-62},
  doi={10.1109/37.248006}}
  
 @book{aastrom1995pid,
  title={PID controllers: theory, design, and tuning},
  author={{\AA}str{\"o}m, Karl Johan and H{\"a}gglund, Tore},
  volume={2},
  year={1995},
  publisher={Instrument society of America Research Triangle Park, NC}
}
  
  
@article{rockafellar1987linear,
  title={Linear-quadratic programming and optimal control},
  author={Rockafellar, R Tyrell},
  journal={SIAM Journal on Control and Optimization},
  volume={25},
  number={3},
  pages={781--814},
  year={1987},
  publisher={SIAM}
}
  



%%%%%%%%%%%%%%%%%%%%%%%%%%%%%%%%%%%
%%%%%%%%%%%%%%%%%%%%%%%%%%%%%%%%%%%
% Computational Complexity
%%%%%%%%%%%%%%%%%%%%%%%%%%%%%%%%%%%
%%%%%%%%%%%%%%%%%%%%%%%%%%%%%%%%%%%

@inproceedings{ahmadi2012difficulty,
  title={On the difficulty of deciding asymptotic stability of cubic homogeneous vector fields},
  author={Ahmadi, Amir Ali},
  booktitle={2012 American Control Conference (ACC)},
  pages={3334--3339},
  year={2012},
  organization={IEEE}
}


@book{braverman2008computability,
  title={Computability of Julia sets},
  author={Braverman, Mark and Yampolsky, Michael},
  year={2008},
  publisher={Springer}
}

@article{hardt2016gradient,
  title={Gradient descent learns linear dynamical systems},
  author={Hardt, Moritz and Ma, Tengyu and Recht, Benjamin},
  journal={arXiv preprint arXiv:1609.05191},
  year={2016}
}


@article{kalman1960new,
  title={A new approach to linear filtering and prediction problems},
  author={Kalman, Rudolph Emil},
  year={1960},
  journal={Journal of Basic Engineering},
  volume={82.1},
  pages={35-45}
}



@Article{Lorenz1963,
  author    = {Edward N. Lorenz},
  journal   = {Journal of the Atmospheric Sciences},
  title     = {{D}eterministic {N}onperiodic {F}low},
  year      = {1963},
  month     = {mar},
  number    = {2},
  pages     = {130--141},
  volume    = {20},
  doi       = {10.1175/1520-0469(1963)020<0130:dnf>2.0.co;2},
  publisher = {American Meteorological Society},
}

@Book{Strogatz2014,
  author    = {Strogatz, Steven H.},
  publisher = {Taylor \& Francis Inc},
  title     = {{N}onlinear {D}ynamics and {C}haos},
  year      = {2014},
  isbn      = {0813349109},
  date      = {2014-07-29},
  ean       = {9780813349107},
  pagetotal = {531},
  url       = {https://www.ebook.de/de/product/20639922/steven_h_strogatz_nonlinear_dynamics_and_chaos.html},
}

@book{khalil2015nonlinear,
  title={Nonlinear control},
  author={Khalil, Hassan K},
  volume={406},
  year={2015},
  publisher={Pearson New York}
}


@article{tucker1999lorenz,
  title={The Lorenz attractor exists},
  author={Tucker, Warwick},
  journal={Comptes Rendus de l'Acad{\'e}mie des Sciences-Series I-Mathematics},
  volume={328},
  number={12},
  pages={1197--1202},
  year={1999},
  publisher={Elsevier}
}

@article{blondel2000survey,
  title={A survey of computational complexity results in systems and control},
  author={Blondel, Vincent D and Tsitsiklis, John N},
  journal={Automatica},
  volume={36},
  number={9},
  pages={1249--1274},
  year={2000},
  publisher={Elsevier}
}




%%%%%%%%%%%%%%%%%%%%%%%%%%%%%%%%%%%
%%%%%%%%%%%%%%%%%%%%%%%%%%%%%%%%%%%
% Reinforcement Learning
%%%%%%%%%%%%%%%%%%%%%%%%%%%%%%%%%%%
%%%%%%%%%%%%%%%%%%%%%%%%%%%%%%%%%%%
@article{agarwal2019lectures,
  title={Lectures on the Theory of Reinforcement Learning},
  author={Agarwal, Alekh and Jiang, Nan and Kakade, Sham M and Sun, Wen},
  year={2019}
}

@book{Sutton1998,
  author = {Sutton, Richard S. and Barto, Andrew G.},
  edition = {Second},
  publisher = {The MIT Press},
  title = {Reinforcement Learning: An Introduction},
  url = {http://incompleteideas.net/book/the-book-2nd.html},
  year = {2018 }
}


@misc{SilverLecNotes,
  Author = {David Silver},
  Institution = {UCL},
  Howpublished = {Lecture Notes},
  Year = {2015},
  Title = {Lecture Notes on Reinforcement Learning},
  Url = "https://www.davidsilver.uk/teaching/",
}
 





%%%%%%%%%%%%%%%%%%%%%%%%%%%%%%%%%%%
%%%%%%%%%%%%%%%%%%%%%%%%%%%%%%%%%%%
% Optimization
%%%%%%%%%%%%%%%%%%%%%%%%%%%%%%%%%%%
%%%%%%%%%%%%%%%%%%%%%%%%%%%%%%%%%%%


@misc{hazan2019lecture,
      title={Lecture Notes: Optimization for Machine Learning}, 
      author={Elad Hazan},
      year={2019},
      eprint={1909.03550},
      archivePrefix={arXiv},
      primaryClass={cs.LG}
}





@book{Goodfellow-et-al-2016,
    title={Deep Learning},
    author={Ian Goodfellow and Yoshua Bengio and Aaron Courville},
    publisher={MIT Press},
    note={\url{http://www.deeplearningbook.org}},
    year={2016}
}


@article{turing,
 author = {A. M. Turing},
 journal = {Mind},
 number = {236},
 pages = {433--460},
 publisher = {[Oxford University Press, Mind Association]},
 title = {Computing Machinery and Intelligence},
 volume = {59},
 year = {1950}
}


@article{Sanjeev,
  title={personal communications},
  author={Sanjeev Arora},
  year={2020},
 }
 
 
 
 
 
 
 %%%%%%%%%%%%%%%%%%%%%%%%%%%%%%%%%%%%
 %%%%%%%%%%%%%%%%%%%%%%%%%%%%%%%%%%%%
% spectral filtering
 %%%%%%%%%%%%%%%%%%%%%%%%%%%%%%%%%%%%
 %%%%%%%%%%%%%%%%%%%%%%%%%%%%%%%%%%%%
 
 
 @article{beckermann2017singular,
  title={On the singular values of matrices with displacement structure},
  author={Beckermann, Bernhard and Townsend, Alex},
  journal={SIAM Journal on Matrix Analysis and Applications},
  volume={38},
  number={4},
  pages={1227--1248},
  year={2017},
  publisher={SIAM}
}

@inproceedings{hazan2017learning,
  title={Learning linear dynamical systems via spectral filtering},
  author={Hazan, Elad and Singh, Karan and Zhang, Cyril},
  booktitle={Advances in Neural Information Processing Systems},
  pages={6702--6712},
  year={2017}
}

@inproceedings{hazan2018spectral,
  title={Spectral filtering for general linear dynamical systems},
  author={Hazan, Elad and Lee, Holden and Singh, Karan and Zhang, Cyril and Zhang, Yi},
  booktitle={Advances in Neural Information Processing Systems},
  pages={4634--4643},
  year={2018}
}



 
 %%%%%%%%%%%%%%%%%%%%%%%%%%%%%%%%%%%%
 %%%%%%%%%%%%%%%%%%%%%%%%%%%%%%%%%%%%
% Online and Non stochastic control
 %%%%%%%%%%%%%%%%%%%%%%%%%%%%%%%%%%%%
 %%%%%%%%%%%%%%%%%%%%%%%%%%%%%%%%%%%%
 
@inproceedings{agarwal2019online,
  title={Online control with adversarial disturbances},
  author={Agarwal, Naman and Bullins, Brian and Hazan, Elad and Kakade, Sham and Singh, Karan},
  booktitle={International Conference on Machine Learning},
  pages={111--119},
  year={2019},
  organization={PMLR}
}

@article{anava2013online,
  title={Online Convex Optimization Against Adversaries with Memory and Application to Statistical Arbitrage},
  author={Anava, Oren and Hazan, Elad and Mannor, Shie},
  journal={arXiv preprint arXiv:1302.6937},
  year={2013}
}


@inproceedings{dean2018regret,
  title={Regret bounds for robust adaptive control of the linear quadratic regulator},
  author={Dean, Sarah and Mania, Horia and Matni, Nikolai and Recht, Benjamin and Tu, Stephen},
  booktitle={Advances in Neural Information Processing Systems},
  pages={4188--4197},
  year={2018}
}

@inproceedings{mania2019certainty,
  title={Certainty equivalence is efficient for linear quadratic control},
  author={Mania, Horia and Tu, Stephen and Recht, Benjamin},
  booktitle={Advances in Neural Information Processing Systems},
  pages={10154--10164},
  year={2019}
}



@misc{anima1,
    title={Regret Bound of Adaptive Control in Linear Quadratic Gaussian (LQG) Systems},
    author={Sahin Lale and Kamyar Azizzadenesheli and Babak Hassibi and Anima Anandkumar},
    year={2020},
    eprint={2003.05999},
    archivePrefix={arXiv},
    primaryClass={cs.LG}
}

@article{doyle1978guaranteed,
  title={Guaranteed margins for LQG regulators},
  author={Doyle, John C},
  journal={IEEE Transactions on automatic Control},
  volume={23},
  number={4},
  pages={756--757},
  year={1978},
  publisher={IEEE}
}


@incollection{blondel1999three,
  title={Three problems on the decidability and complexity of stability},
  author={Blondel, Vincent D and Tsitsiklis, John N},
  booktitle={Open Problems in Mathematical Systems and Control Theory},
  pages={45--51},
  year={1999},
  publisher={Springer}
}

@article{blondel1997np,
  title={NP-hardness of some linear control design problems},
  author={Blondel, Vincent and Tsitsiklis, John N},
  journal={SIAM journal on control and optimization},
  volume={35},
  number={6},
  pages={2118--2127},
  year={1997},
  publisher={SIAM}
}

@misc{anima2,
    title={Logarithmic Regret Bound in Partially Observable Linear Dynamical Systems},
    author={Sahin Lale and Kamyar Azizzadenesheli and Babak Hassibi and Anima Anandkumar},
    year={2020},
    eprint={2003.11227},
    archivePrefix={arXiv},
    primaryClass={cs.LG}
}

@misc{anima3,
    title={Regret Minimization in Partially Observable Linear Quadratic Control},
    author={Sahin Lale and Kamyar Azizzadenesheli and Babak Hassibi and Anima Anandkumar},
    year={2020},
    eprint={2002.00082},
    archivePrefix={arXiv},
    primaryClass={cs.LG}
}

@article{hassibi1996linear,
  title={Linear estimation in Krein spaces. II. Applications},
  author={Hassibi, Babak and Sayed, Ali H and Kailath, Thomas},
  journal={IEEE Transactions on Automatic Control},
  volume={41},
  number={1},
  pages={34--49},
  year={1996},
  publisher={IEEE}
}


@inproceedings{abbasi2011regret,
  title={Regret bounds for the adaptive control of linear quadratic systems},
  author={Abbasi-Yadkori, Yasin and Szepesv{\'a}ri, Csaba},
  booktitle={Proceedings of the 24th Annual Conference on Learning Theory},
  pages={1--26},
  year={2011}
}


@inproceedings{cohen2018online,
  title={Online Linear Quadratic Control},
  author={Cohen, Alon and Hasidim, Avinatan and Koren, Tomer and Lazic, Nevena and Mansour, Yishay and Talwar, Kunal},
  booktitle={International Conference on Machine Learning},
  pages={1029--1038},
  year={2018}
}

@inproceedings{hazan2021tutorial,
      title={ICML tutorial: Online and Nonstochastic Control}, 
      author={Elad Hazan and Karan Singh},
      booktitle={International Conference on Machine Learning},
      year={2021}
}

@inproceedings{zhao2022non,
  title={Non-stationary online learning with memory and non-stochastic control},
  author={Zhao, Peng and Wang, Yu-Xiang and Zhou, Zhi-Hua},
  booktitle={International Conference on Artificial Intelligence and Statistics},
  pages={2101--2133},
  year={2022},
  organization={PMLR}
}

@book{hespanha2018linear,
  title={Linear systems theory},
  author={Hespanha, Joao P},
  year={2018},
  publisher={Princeton university press}
}

@inproceedings{todorov2005generalized,
  title={A generalized iterative LQG method for locally-optimal feedback control of constrained nonlinear stochastic systems},
  author={Li, Weiwei},
  booktitle={Proceedings of the 2005, American Control Conference, 2005.},
  pages={300--306},
  year={2005},
  organization={IEEE}
}

@inproceedings{levine2013guided,
  title={Guided policy search},
  author={Levine, Sergey and Koltun, Vladlen},
  booktitle={International conference on machine learning},
  pages={1--9},
  year={2013},
  organization={PMLR}
}

@inproceedings{simchowitz2020improper,
  title={Improper learning for non-stochastic control},
  author={Simchowitz, Max and Singh, Karan and Hazan, Elad},
  booktitle={Conference on Learning Theory},
  pages={3320--3436},
  year={2020},
  organization={PMLR}
}

@misc{foster2020logarithmic,
    title={Logarithmic Regret for Adversarial Online Control},
    author={Dylan J. Foster and Max Simchowitz},
    year={2020},
    eprint={2003.00189},
    archivePrefix={arXiv},
    primaryClass={cs.LG}
}

@inproceedings{fazel2018global,
  title={Global Convergence of Policy Gradient Methods for the Linear Quadratic Regulator},
  author={Fazel, Maryam and Ge, Rong and Kakade, Sham and Mesbahi, Mehran},
  booktitle={International Conference on Machine Learning},
  pages={1467--1476},
  year={2018}
}

@inproceedings{hazan2019nonstochastic,
  title={The nonstochastic control problem},
  author={Hazan, Elad and Kakade, Sham and Singh, Karan},
  booktitle={Algorithmic Learning Theory},
  pages={408--421},
  year={2020},
  organization={PMLR}
}

@inproceedings{agarwal2019logarithmic,
  title={Logarithmic regret for online control},
  author={Agarwal, Naman and Hazan, Elad and Singh, Karan},
  booktitle={Advances in Neural Information Processing Systems},
  pages={10175--10184},
  year={2019}
}
@inproceedings{cohen2019learning,
  title={Learning Linear-Quadratic Regulators Efficiently with only $\sqrt{T}$ Regret},
  author={Cohen, Alon and Koren, Tomer and Mansour, Yishay},
  booktitle={International Conference on Machine Learning},
  pages={1300--1309},
  year={2019}
}

@book{slotine1991applied,
  title={Applied nonlinear control},
  author={Slotine, Jean-Jacques E and Li, Weiping },
  year={1991},
  publisher={Prentice Hall }
}

@book{bertsekas2019reinforcement,
  title={Reinforcement learning and optimal control},
  author={Bertsekas, Dimitri},
  year={2019},
  publisher={Athena Scientific}
}

@article{lyapunov1992general,
  title={The general problem of the stability of motion},
  author={Lyapunov, Aleksandr Mikhailovich},
  journal={International journal of control},
  volume={55},
  number={3},
  pages={531--534},
  year={1992},
  publisher={Taylor \& Francis}
}

@book{cormen2022introduction,
  title={Introduction to algorithms},
  author={Cormen, Thomas H and Leiserson, Charles E and Rivest, Ronald L and Stein, Clifford},
  year={2022},
  publisher={MIT press}
}

@inproceedings{abbasi2019model,
  title={Model-free linear quadratic control via reduction to expert prediction},
  author={Abbasi-Yadkori, Yasin and Lazic, Nevena and Szepesv{\'a}ri, Csaba},
  booktitle={The 22nd International Conference on Artificial Intelligence and Statistics},
  pages={3108--3117},
  year={2019},
  organization={PMLR}
}


@article{gradu2020non,
  title={Non-stochastic control with bandit feedback},
  author={Gradu, Paula and Hallman, John and Hazan, Elad},
  journal={Advances in Neural Information Processing Systems},
  volume={33},
  pages={10764--10774},
  year={2020}
}

@article{gradu2020adaptive,
  title={Adaptive regret for control of time-varying dynamics},
  author={Gradu, Paula and Hazan, Elad and Minasyan, Edgar},
  journal={arXiv preprint arXiv:2007.04393},
  year={2020}
}

@article{minasyan2021online,
  title={Online control of unknown time-varying dynamical systems},
  author={Minasyan, Edgar and Gradu, Paula and Simchowitz, Max and Hazan, Elad},
  journal={Advances in Neural Information Processing Systems},
  volume={34},
  pages={15934--15945},
  year={2021}
}

@inproceedings{chen2021black,
  title={Black-box control for linear dynamical systems},
  author={Chen, Xinyi and Hazan, Elad},
  booktitle={Conference on Learning Theory},
  pages={1114--1143},
  year={2021},
  organization={PMLR}
}

@article{plevrakis2020geometric,
  title={Geometric exploration for online control},
  author={Plevrakis, Orestis and Hazan, Elad},
  journal={Advances in Neural Information Processing Systems},
  volume={33},
  pages={7637--7647},
  year={2020}
}

@article{arora2012online,
  title={Online bandit learning against an adaptive adversary: from regret to policy regret},
  author={Arora, Raman and Dekel, Ofer and Tewari, Ambuj},
  journal={arXiv preprint arXiv:1206.6400},
  year={2012}
}



##################################################################
##################################################################
# competitive ratio
##################################################################
##################################################################


@inproceedings{goel2019online,
  title={An online algorithm for smoothed regression and lqr control},
  author={Goel, Gautam and Wierman, Adam},
  booktitle={The 22nd International Conference on Artificial Intelligence and Statistics},
  pages={2504--2513},
  year={2019},
  organization={PMLR}
}

@article{goel2019beyond,
  title={Beyond online balanced descent: An optimal algorithm for smoothed online optimization},
  author={Goel, Gautam and Lin, Yiheng and Sun, Haoyuan and Wierman, Adam},
  journal={Advances in Neural Information Processing Systems},
  volume={32},
  year={2019}
}

@article{shi2020online,
  title={Online optimization with memory and competitive control},
  author={Shi, Guanya and Lin, Yiheng and Chung, Soon-Jo and Yue, Yisong and Wierman, Adam},
  journal={Advances in Neural Information Processing Systems},
  volume={33},
  pages={20636--20647},
  year={2020}
}


@article{goel2021competitive,
  title={Competitive Control},
  author={Goel, Gautam and Hassibi, Babak},
  journal={arXiv preprint arXiv:2107.13657},
  year={2021}
}


