@inproceedings{All,
  title={All in One: Multi-Task Prompting for Graph Neural Networks},
  author={Sun, Xiangguo and Cheng, Hong and Li, Jia and Liu, Bo and Guan, Jihong},
  booktitle = {Proceedings of the 29th ACM SIGKDD International Conference on Knowledge Discovery and Data Mining},
  pages = {2120--2131},
  year={2023}
}

@inproceedings{DMGI,
  title={Unsupervised Attributed Multiplex Network Embedding},
  author={Park, Chanyoung and Kim, Donghyun and Han, Jiawei and Yu, Hwanjo},
  booktitle={Proceedings of the AAAI Conference on Artificial Intelligence},
  pages={5371--5378},
  year={2020}
}

@inproceedings{GAT,
  title={Graph Attention Networks},
  author={Veli{\v{c}}kovi{\'c}, Petar and Cucurull, Guillem and Casanova, Arantxa and Romero, Adriana and Li{\`o}, Pietro and Bengio, Yoshua},
  booktitle={International Conference on Learning Representations},
  year={2018}
}

@inproceedings{GCA,
  title={Graph Contrastive Learning with Adaptive Augmentation},
  author={Zhu, Yanqiao and Xu, Yichen and Yu, Feng and Liu, Qiang and Wu, Shu and Wang, Liang},
  booktitle={Proceedings of the Web Conference 2021},
  pages={2069--2080},
  year={2021}
}

@inproceedings{GCC,
  title={GCC: Graph Contrastive Coding for Graph Neural Network Pre-Training},
  author={Qiu, Jiezhong and Chen, Qibin and Dong, Yuxiao and Zhang, Jing and Yang, Hongxia and Ding, Ming and Wang, Kuansan and Tang, Jie},
  booktitle={Proceedings of the 26th ACM SIGKDD International Conference on Knowledge Discovery and Data Mining},
  pages={1150--1160},
  year={2020}
}

@inproceedings{GCN,
  title={Semi-Supervised Classification with Graph Convolutional Networks},
  author={Kipf, Thomas N and Welling, Max},
  booktitle={International Conference on Learning Representations},
  year={2017}
}

@inproceedings{GPF,
  title={Universal Prompt Tuning for Graph Neural Networks},
  author={Fang, Taoran and Zhang, Yunchao and Yang, Yang and Wang, Chunping and Chen, Lei},
  booktitle={Proceedings of the 37th International Conference on Neural Information Processing Systems},
  pages={52464--52489},
  year={2023}
}

@inproceedings{GPPT,
  title={GPPT: Graph Pre-training and Prompt Tuning to Generalize Graph Neural Networks},
  author={Sun, Mingchen and Zhou, Kaixiong and He, Xin and Wang, Ying and Wang, Xin},
  booktitle={Proceedings of the 28th ACM SIGKDD International Conference on Knowledge Discovery and Data Mining},
  pages={1717--1727},
  year={2022}
}

@inproceedings{GTN,
  title={Graph Transformer Networks},
  author={Yun, Seongjun and Jeong, Minbyul and Kim, Raehyun and Kang, Jaewoo and Kim, Hyunwoo J},
  booktitle={Proceedings of the 33rd International Conference on Neural Information Processing Systems},
  pages={11983--11993},
  year={2019}
}

@inproceedings{GraphCL,
  title={Graph Contrastive Learning with Augmentations},
  author={You, Yuning and Chen, Tianlong and Sui, Yongduo and Chen, Ting and Wang, Zhangyang and Shen, Yang},
  booktitle={Proceedings of the 34th International Conference on Neural Information Processing Systems},
  pages={5812--5823},
  year={2020}
}

@inproceedings{GraphPrompt,
  title={GraphPrompt: Unifying Pre-Training and Downstream Tasks for Graph Neural Networks},
  author={Liu, Zemin and Yu, Xingtong and Fang, Yuan and Zhang, Xinming},
  booktitle={Proceedings of the ACM Web Conference 2023},
  pages={417--428},
  year={2023}
}

@inproceedings{HAN,
  title={Heterogeneous Graph Attention Network},
  author={Wang, Xiao and Ji, Houye and Shi, Chuan and Wang, Bai and Ye, Yanfang and Cui, Peng and Yu, Philip S},
  booktitle={The World Wide Web Conference},
  pages={2022--2032},
  year={2019}
}

@inproceedings{HGPrompt,
  title={HGPrompt: Bridging Homogeneous and Heterogeneous Graphs for Few-shot Prompt Learning},
  author={Yu, Xingtong and Fang, Yuan and Liu, Zemin and Zhang, Xinming},
  booktitle={Proceedings of the AAAI Conference on Artificial Intelligence},
  volume={38},
  number={15},
  pages={16578--16586},
  year={2024}
}

@inproceedings{HGT,
  title={Heterogeneous Graph Transformer},
  author={Hu, Ziniu and Dong, Yuxiao and Wang, Kuansan and Sun, Yizhou},
  booktitle={Proceedings of The Web Conference 2020},
  pages={2704--2710},
  year={2020}
}

@inproceedings{HeCo,
  title={Self-supervised Heterogeneous Graph Neural Network with Co-contrastive Learning},
  author={Wang, Xiao and Liu, Nian and Han, Hui and Shi, Chuan},
  booktitle={Proceedings of the 27th ACM SIGKDD International Conference on Knowledge Discovery and Data Mining},
  pages={1726--1736},
  year={2021}
}

@inproceedings{HetGNN,
  title={Heterogeneous Graph Neural Network},
  author={Zhang, Chuxu and Song, Dongjin and Huang, Chao and Swami, Ananthram and Chawla, Nitesh V},
  booktitle={Proceedings of the 25th ACM SIGKDD International Conference on Knowledge Discovery and Data Mining},
  pages={793--803},
  year={2019}
}

@inproceedings{HetGPT,
  title={HetGPT: Harnessing the Power of Prompt Tuning in Pre-Trained Heterogeneous Graph Neural Networks},
  author={Ma, Yihong and Yan, Ning and Li, Jiayu and Mortazavi, Masood and Chawla, Nitesh V},
  booktitle={Proceedings of the ACM on Web Conference 2024},
  pages={1015--1023},
  year={2024}
}

@inproceedings{MAGNN,
  title={MAGNN: Metapath Aggregated Graph Neural Network for Heterogeneous Graph Embedding},
  author={Fu, Xinyu and Zhang, Jiani and Meng, Ziqiao and King, Irwin},
  booktitle={Proceedings of The Web Conference 2020},
  pages={2331--2341},
  year={2020}
}

@inproceedings{RGCN,
  title={Modeling Relational Data with Graph Convolutional Networks},
  author={Schlichtkrull, Michael and Kipf, Thomas N and Bloem, Peter and Van Den Berg, Rianne and Titov, Ivan and Welling, Max},
  booktitle={The Semantic Web: 15th International Conference, ESWC 2018, Heraklion, Crete, Greece, June 3--7, 2018, Proceedings 15},
  pages={593--607},
  year={2018},
  organization={Springer}
}

@inproceedings{SHGP,
  title={Self-supervised Heterogeneous Graph Pre-training Based on Structural Clustering},
  author={Yang, Yaming and Guan, Ziyu and Wang, Zhe and Zhao, Wei and Xu, Cai and Lu, Weigang and Huang, Jianbin},
  booktitle={Advances in Neural Information Processing Systems},
  pages={16962--16974},
  year={2022}
}

@inproceedings{VNT-GPPE,
  title={Virtual Node Tuning for Few-shot Node Classification},
  author={Tan, Zhen and Guo, Ruocheng and Ding, Kaize and Liu, Huan},
  booktitle={29th ACM SIGKDD Conference on Knowledge Discovery and Data Mining, KDD 2023},
  pages={2177--2188},
  year={2023},
  organization={Association for Computing Machinery}
}

@inproceedings{aaai22selfMG,
  author       = {Li Sun and
                  Zhongbao Zhang and
                  Junda Ye and
                  Hao Peng and
                  Jiawei Zhang and
                  Sen Su and
                  Philip S. Yu},
  title        = {A Self-Supervised Mixed-Curvature Graph Neural Network},
  booktitle    = {Proceedings of the 36th AAAI} ,
  pages        = {4146--4155},
  year         = {2022}
}

@inproceedings{aaai23sun,
  title     = {Self-Supervised Continual Graph Learning in Adaptive Riemannian Spaces},
  author    = {Li Sun and 
                  Junda Ye  and
                   Hao Peng and
                   Feiyang Wang and
                   Philip S. Yu},
  booktitle    = {Proceedings of the 37th AAAI},
   pages     = {4633--4642},
  year      = {2023}
}

@inproceedings{nips24sun,
  author       = {Li Sun and
                  Zhenhao Huang and
                  Qiqi Wan and
                  Hao Peng and
                  Philip S. Yu},
  title        = {Spiking Graph Neural Network on Riemannian Manifolds},
  booktitle    = {Advances in NeurIPS},
  year         = {2024}
}

@inproceedings{www25sun,
  title     = {RiemannGFM: Learning a Graph Foundation Model from Riemannian Geometry},
  author    = {Li Sun and
                     Zhenhao Huang and
                     Suyang Zhou and
                     Qiqi Wan and
                     Hao Peng and
                     Philip S. Yu},
  booktitle    = {Proceedings of the ACM Web Conference (WWW)},
  year      = {2025}
}

