---------------------------------------------
 Abbreviations
---------------------------------------------

"Proceedings of" or "Proc."
@string{bproc="Proc. "} 

"Conference on" or "Conf."
@string{bconf="Conf. "} 

"International" or "Int." or "Intl"
@string{bintl="Int. "} 

"Transactions on" or "Trans." 
@string{btrans="Trans. "} 

---------------------------------------------
Month
---------------------------------------------

@string{jan="January"} 
@STRING{feb="February"}
@STRING{mar="March"}
@STRING{apr="April"}
@STRING{may="May"}
@STRING{jun="June"}
@STRING{jul="July"}
@STRING{aug="August"}
@STRING{sep="September"}
@STRING{oct="October"}
@STRING{nov="November"}
@STRING{dec="December"}

---------------------------------------------
Conferences
---------------------------------------------


---------------------------------------------
    KDD: https://dblp.uni-trier.de/db/conf/kdd/
---------------------------------------------

Full Name 
@string{bfkdd = "ACM SIGKDD "# bconf #"Knowledge Discovery and Data Mining"}

Short Name 
@string{bskdd = "KDD"}

Long Name 
@string{blkdd = bproc # bfkdd #" (" # bskdd # ")" }

Month 
@string{bmkdd = aug }

KDD demo
@string{blkdddemo = bproc # bfkdd #" (" # bskdd # " demo)" }

Address
@string{bvkdd40= "TBD"}
@string{bvkdd39= "TBD"}
@string{bvkdd38= "TBD"}
@string{bvkdd37= "TBD"}
@string{bvkdd36= "TBD"}
@string{bvkdd35= "TBD"}
@string{bvkdd34= "TBD"}
@string{bvkdd33= "TBD"}
@string{bvkdd32= "TBD"}
@string{bvkdd31= "TBD"}
@string{bvkdd30= "TBD"}
@string{bvkdd29= "TBD"}
@string{bvkdd28= "TBD"}
@string{bvkdd27= "TBD"}
@string{bvkdd26= "TBD"}
@string{bvkdd25= "TBD"}
@string{bvkdd24= "TBD"}
@string{bvkdd23= "TBD"}
@string{bvkdd22= "TBD"}
@string{bvkdd21= "TBD"}
@string{bvkdd20= "TBD"}
@string{bvkdd19= "Anchorage, AK" }
@string{bvkdd18= "London, UK" }
@string{bvkdd17= "Halifax, NS" }
@string{bvkdd16= "San Francisco, CA" }
@string{bvkdd15= "Sydney, Australia" }
@string{bvkdd14= "New York, NY" }
@string{bvkdd13= "Chicago, IL" }
@string{bvkdd12= "Beijing, China" }
@string{bvkdd11= "San Diego, CA" }
@string{bvkdd10= "Washington, DC" }
@string{bvkdd09= "Paris, France" }
@string{bvkdd08= "Las Vegas, NV" }
@string{bvkdd07= "San Jose, CA" }
@string{bvkdd06= "Philadelphia, PA" }
@string{bvkdd05= "Chicago, IL" }
@string{bvkdd04= "Seattle, WA" }
@string{bvkdd03= "Washington, DC" }
@string{bvkdd02= "Edmonton, AB" }
@string{bvkdd01= "San Francisco, CA" }
@string{bvkdd00= "Boston, MA" }
@string{bvkdd99= "San Diego, CA" }
@string{bvkdd98= "New York, NY" }
@string{bvkdd97= "Newport Beach, CA" }
@string{bvkdd96= "Portland, OR" }
@string{bvkdd95= "Montreal, QC" }


n-th conf
@string{btkdd40= "46th " }
@string{btkdd39= "45th " }
@string{btkdd38= "44th " }
@string{btkdd37= "43rd " }
@string{btkdd36= "42nd " }
@string{btkdd35= "41st " }
@string{btkdd34= "40th " }
@string{btkdd33= "39th " }
@string{btkdd32= "38th " }
@string{btkdd31= "37th " }
@string{btkdd30= "36th " }
@string{btkdd29= "35th " }
@string{btkdd28= "34th " }
@string{btkdd27= "33rd " }
@string{btkdd26= "32nd " }
@string{btkdd25= "31st " }
@string{btkdd24= "30th " }
@string{btkdd23= "29th " }
@string{btkdd22= "28th " }
@string{btkdd21= "27th " }
@string{btkdd20= "26th " }
@string{btkdd19= "25th " }
@string{btkdd18= "24th " }
@string{btkdd17= "23rd " }
@string{btkdd16= "22nd " }
@string{btkdd15= "21st " }
@string{btkdd14= "20th " }
@string{btkdd13= "19th " }
@string{btkdd12= "18th " }
@string{btkdd11= "17th " }
@string{btkdd10= "16th " }
@string{btkdd09= "15th " }
@string{btkdd08= "14th " }
@string{btkdd07= "13th " }
@string{btkdd06= "12th " }
@string{btkdd05= "11th " }
@string{btkdd04= "10th " }
@string{btkdd03= "9th " }
@string{btkdd02= "8th " }
@string{btkdd01= "7th " }
@string{btkdd00= "6th " }
@string{btkdd99= "5th " }
@string{btkdd98= "4th " }
@string{btkdd97= "3rd " }
@string{btkdd96= "2nd " }
@string{btkdd95= "1st " }

# long name + short name
@string{blkdd40 = bproc #btkdd40 # bfkdd #" (" # bskdd#"'40" # ")" }
@string{blkdd39 = bproc #btkdd39 # bfkdd #" (" # bskdd#"'39" # ")" }
@string{blkdd38 = bproc #btkdd38 # bfkdd #" (" # bskdd#"'38" # ")" }
@string{blkdd37 = bproc #btkdd37 # bfkdd #" (" # bskdd#"'37" # ")" }
@string{blkdd36 = bproc #btkdd36 # bfkdd #" (" # bskdd#"'36" # ")" }
@string{blkdd35 = bproc #btkdd35 # bfkdd #" (" # bskdd#"'35" # ")" }
@string{blkdd34 = bproc #btkdd34 # bfkdd #" (" # bskdd#"'34" # ")" }
@string{blkdd33 = bproc #btkdd33 # bfkdd #" (" # bskdd#"'33" # ")" }
@string{blkdd32 = bproc #btkdd32 # bfkdd #" (" # bskdd#"'32" # ")" }
@string{blkdd31 = bproc #btkdd31 # bfkdd #" (" # bskdd#"'31" # ")" }
@string{blkdd30 = bproc #btkdd30 # bfkdd #" (" # bskdd#"'30" # ")" }
@string{blkdd29 = bproc #btkdd29 # bfkdd #" (" # bskdd#"'29" # ")" }
@string{blkdd28 = bproc #btkdd28 # bfkdd #" (" # bskdd#"'28" # ")" }
@string{blkdd27 = bproc #btkdd27 # bfkdd #" (" # bskdd#"'27" # ")" }
@string{blkdd26 = bproc #btkdd26 # bfkdd #" (" # bskdd#"'26" # ")" }
@string{blkdd25 = bproc #btkdd25 # bfkdd #" (" # bskdd#"'25" # ")" }
@string{blkdd24 = bproc #btkdd24 # bfkdd #" (" # bskdd#"'24" # ")" }
@string{blkdd23 = bproc #btkdd23 # bfkdd #" (" # bskdd#"'23" # ")" }
@string{blkdd22 = bproc #btkdd22 # bfkdd #" (" # bskdd#"'22" # ")" }
@string{blkdd21 = bproc #btkdd21 # bfkdd #" (" # bskdd#"'21" # ")" }
@string{blkdd20 = bproc #btkdd20 # bfkdd #" (" # bskdd#"'20" # ")" }
@string{blkdd19 = bproc #btkdd19 # bfkdd #" (" # bskdd#"'19" # ")" }
@string{blkdd18 = bproc #btkdd18 # bfkdd #" (" # bskdd#"'18" # ")" }
@string{blkdd17 = bproc #btkdd17 # bfkdd #" (" # bskdd#"'17" # ")" }
@string{blkdd16 = bproc #btkdd16 # bfkdd #" (" # bskdd#"'16" # ")" }
@string{blkdd15 = bproc #btkdd15 # bfkdd #" (" # bskdd#"'15" # ")" }
@string{blkdd14 = bproc #btkdd14 # bfkdd #" (" # bskdd#"'14" # ")" }
@string{blkdd13 = bproc #btkdd13 # bfkdd #" (" # bskdd#"'13" # ")" }
@string{blkdd12 = bproc #btkdd12 # bfkdd #" (" # bskdd#"'12" # ")" }
@string{blkdd11 = bproc #btkdd11 # bfkdd #" (" # bskdd#"'11" # ")" }
@string{blkdd10 = bproc #btkdd10 # bfkdd #" (" # bskdd#"'10" # ")" }
@string{blkdd09 = bproc #btkdd09 # bfkdd #" (" # bskdd#"'09" # ")" }
@string{blkdd08 = bproc #btkdd08 # bfkdd #" (" # bskdd#"'08" # ")" }
@string{blkdd07 = bproc #btkdd07 # bfkdd #" (" # bskdd#"'07" # ")" }
@string{blkdd06 = bproc #btkdd06 # bfkdd #" (" # bskdd#"'06" # ")" }
@string{blkdd05 = bproc #btkdd05 # bfkdd #" (" # bskdd#"'05" # ")" }
@string{blkdd04 = bproc #btkdd04 # bfkdd #" (" # bskdd#"'04" # ")" }
@string{blkdd03 = bproc #btkdd03 # bfkdd #" (" # bskdd#"'03" # ")" }
@string{blkdd02 = bproc #btkdd02 # bfkdd #" (" # bskdd#"'02" # ")" }
@string{blkdd01 = bproc #btkdd01 # bfkdd #" (" # bskdd#"'01" # ")" }
@string{blkdd00 = bproc #btkdd00 # bfkdd #" (" # bskdd#"'00" # ")" }
@string{blkdd99 = bproc #btkdd99 # bfkdd #" (" # bskdd#"'99" # ")" }
@string{blkdd98 = bproc #btkdd98 # bfkdd #" (" # bskdd#"'98" # ")" }
@string{blkdd97 = bproc #btkdd97 # bfkdd #" (" # bskdd#"'97" # ")" }
@string{blkdd96 = bproc #btkdd96 # bfkdd #" (" # bskdd#"'96" # ")" }
@string{blkdd95 = bproc #btkdd95 # bfkdd #" (" # bskdd#"'95" # ")" }





-------------------------------------------------------------------
    ICDM: https://dblp.uni-trier.de/db/conf/icdm/
-------------------------------------------------------------------

Full Name 
@string{bficdm = "IEEE "# bintl # bconf #"Data Mining"}

Short Name
@string{bsicdm = {ICDM}}

Long Name
@string{blicdm=  bproc # bficdm #" (" # bsicdm # ")" }

Month
@string{bmicdm= dec }


Address
@string{bvicdm40= "TBD"} 
@string{bvicdm39= "TBD"} 
@string{bvicdm38= "TBD"} 
@string{bvicdm37= "TBD"} 
@string{bvicdm36= "TBD"} 
@string{bvicdm35= "TBD"} 
@string{bvicdm34= "TBD"} 
@string{bvicdm33= "TBD"} 
@string{bvicdm32= "TBD"} 
@string{bvicdm31= "TBD"} 
@string{bvicdm30= "TBD"} 
@string{bvicdm29= "TBD"} 
@string{bvicdm28= "TBD"} 
@string{bvicdm27= "TBD"} 
@string{bvicdm26= "TBD"} 
@string{bvicdm25= "TBD"} 
@string{bvicdm24= "TBD"} 
@string{bvicdm23= "TBD"} 
@string{bvicdm22= "TBD"} 
@string{bvicdm21= "TBD"} 
@string{bvicdm20= "TBD"} 
@string{bvicdm19= "Beijing, China"} 
@string{bvicdm18= "Singapore"} 
@string{bvicdm17= "New Orleans, LA"} 
@string{bvicdm16= "Barcelona, Spain" }
@string{bvicdm15= "Atlantic City, NJ" }
@string{bvicdm14= "Shenzhen, China" }
@string{bvicdm13= "Dallas, TX" }
@string{bvicdm12= "Brussels, Belgium" }
@string{bvicdm11= "Vancouver, BC" }
@string{bvicdm10= "Sydney, Australia" }
@string{bvicdm09= "Miami, FL" }
@string{bvicdm08= "Pisa, Italy" }
@string{bvicdm07= "Omaha, NE" }
@string{bvicdm06= "Hong Kong, China" }
@string{bvicdm05= "Houston, TX" }
@string{bvicdm04= "Brighton, UK" }
@string{bvicdm03= "Melbourne, FL" }
@string{bvicdm02= "Maebashi City, Japan" }
@string{bvicdm01= "San Jose, CA" }


n-th conf
@string{bticdm40= "40th " }
@string{bticdm39= "39th " }
@string{bticdm38= "38th " }
@string{bticdm37= "37th " }
@string{bticdm36= "36th " }
@string{bticdm35= "35th " }
@string{bticdm34= "34th " }
@string{bticdm33= "33rd " }
@string{bticdm32= "32nd " }
@string{bticdm31= "31st " }
@string{bticdm30= "30th " }
@string{bticdm29= "29th " }
@string{bticdm28= "28th " }
@string{bticdm27= "27th " }
@string{bticdm26= "26th " }
@string{bticdm25= "25th " }
@string{bticdm24= "24th " }
@string{bticdm23= "23rd " }
@string{bticdm22= "22nd " }
@string{bticdm21= "21st " }
@string{bticdm20= "20th " }
@string{bticdm19= "19th " }
@string{bticdm18= "18th " }
@string{bticdm17= "17th " }
@string{bticdm16= "16th " }
@string{bticdm15= "15th " }
@string{bticdm14= "14th " }
@string{bticdm13= "13th " }
@string{bticdm12= "12th " }
@string{bticdm11= "11th " }
@string{bticdm10= "10th " }
@string{bticdm09= "9th " }
@string{bticdm08= "8th " }
@string{bticdm07= "7th " }
@string{bticdm06= "6th " }
@string{bticdm05= "5th " }
@string{bticdm04= "4th " }
@string{bticdm03= "3rd " }
@string{bticdm02= "2nd " }
@string{bticdm01= "1st " }


# Long names
@string{blicdm40=  bproc #bticdm40 # bficdm #" (" # bsicdm #"'40" # ")" }
@string{blicdm39=  bproc #bticdm39 # bficdm #" (" # bsicdm #"'39" # ")" }
@string{blicdm38=  bproc #bticdm38 # bficdm #" (" # bsicdm #"'38" # ")" }
@string{blicdm37=  bproc #bticdm37 # bficdm #" (" # bsicdm #"'37" # ")" }
@string{blicdm36=  bproc #bticdm36 # bficdm #" (" # bsicdm #"'36" # ")" }
@string{blicdm35=  bproc #bticdm35 # bficdm #" (" # bsicdm #"'35" # ")" }
@string{blicdm34=  bproc #bticdm34 # bficdm #" (" # bsicdm #"'34" # ")" }
@string{blicdm33=  bproc #bticdm33 # bficdm #" (" # bsicdm #"'33" # ")" }
@string{blicdm32=  bproc #bticdm32 # bficdm #" (" # bsicdm #"'32" # ")" }
@string{blicdm31=  bproc #bticdm31 # bficdm #" (" # bsicdm #"'31" # ")" }
@string{blicdm30=  bproc #bticdm30 # bficdm #" (" # bsicdm #"'30" # ")" }
@string{blicdm29=  bproc #bticdm29 # bficdm #" (" # bsicdm #"'29" # ")" }
@string{blicdm28=  bproc #bticdm28 # bficdm #" (" # bsicdm #"'28" # ")" }
@string{blicdm27=  bproc #bticdm27 # bficdm #" (" # bsicdm #"'27" # ")" }
@string{blicdm26=  bproc #bticdm26 # bficdm #" (" # bsicdm #"'26" # ")" }
@string{blicdm25=  bproc #bticdm25 # bficdm #" (" # bsicdm #"'25" # ")" }
@string{blicdm24=  bproc #bticdm24 # bficdm #" (" # bsicdm #"'24" # ")" }
@string{blicdm23=  bproc #bticdm23 # bficdm #" (" # bsicdm #"'23" # ")" }
@string{blicdm22=  bproc #bticdm22 # bficdm #" (" # bsicdm #"'22" # ")" }
@string{blicdm21=  bproc #bticdm21 # bficdm #" (" # bsicdm #"'21" # ")" }
@string{blicdm20=  bproc #bticdm20 # bficdm #" (" # bsicdm #"'20" # ")" }
@string{blicdm19=  bproc #bticdm19 # bficdm #" (" # bsicdm #"'19" # ")" }
@string{blicdm18=  bproc #bticdm18 # bficdm #" (" # bsicdm #"'18" # ")" }
@string{blicdm17=  bproc #bticdm17 # bficdm #" (" # bsicdm #"'17" # ")" }
@string{blicdm16=  bproc #bticdm16 # bficdm #" (" # bsicdm #"'16" # ")" }
@string{blicdm15=  bproc #bticdm15 # bficdm #" (" # bsicdm #"'15" # ")" }
@string{blicdm14=  bproc #bticdm14 # bficdm #" (" # bsicdm #"'14" # ")" }
@string{blicdm13=  bproc #bticdm13 # bficdm #" (" # bsicdm #"'13" # ")" }
@string{blicdm12=  bproc #bticdm12 # bficdm #" (" # bsicdm #"'12" # ")" }
@string{blicdm11=  bproc #bticdm11 # bficdm #" (" # bsicdm #"'11" # ")" }
@string{blicdm10=  bproc #bticdm10 # bficdm #" (" # bsicdm #"'10" # ")" }
@string{blicdm09=  bproc #bticdm09 # bficdm #" (" # bsicdm #"'09" # ")" }
@string{blicdm08=  bproc #bticdm08 # bficdm #" (" # bsicdm #"'08" # ")" }
@string{blicdm07=  bproc #bticdm07 # bficdm #" (" # bsicdm #"'07" # ")" }
@string{blicdm06=  bproc #bticdm06 # bficdm #" (" # bsicdm #"'06" # ")" }
@string{blicdm05=  bproc #bticdm05 # bficdm #" (" # bsicdm #"'05" # ")" }
@string{blicdm04=  bproc #bticdm04 # bficdm #" (" # bsicdm #"'04" # ")" }
@string{blicdm03=  bproc #bticdm03 # bficdm #" (" # bsicdm #"'03" # ")" }
@string{blicdm02=  bproc #bticdm02 # bficdm #" (" # bsicdm #"'02" # ")" }
@string{blicdm01=  bproc #bticdm01 # bficdm #" (" # bsicdm #"'01" # ")" }


-------------------------------------------------------------------
    SDM: https://dblp.uni-trier.de/db/conf/sdm/
-------------------------------------------------------------------

Full Name
@string{bfsdm = "SIAM "# bintl # bconf #"Data Mining"}

Short Name
@string{bssdm = "SDM"}

Long Name
@string{blsdm =  bproc # bfsdm #" (" # bssdm # ")" }

Month
@string{bmsdm = apr }

Address
@string{bvsdm40 ="TBD"} 
@string{bvsdm39 ="TBD"} 
@string{bvsdm38 ="TBD"} 
@string{bvsdm37 ="TBD"} 
@string{bvsdm36 ="TBD"} 
@string{bvsdm35 ="TBD"} 
@string{bvsdm34 ="TBD"} 
@string{bvsdm33 ="TBD"} 
@string{bvsdm32 ="TBD"} 
@string{bvsdm31 ="TBD"} 
@string{bvsdm30 ="TBD"} 
@string{bvsdm29 ="TBD"} 
@string{bvsdm28 ="TBD"} 
@string{bvsdm27 ="TBD"} 
@string{bvsdm26 ="TBD"} 
@string{bvsdm25 ="TBD"} 
@string{bvsdm24 ="TBD"} 
@string{bvsdm23 ="TBD"} 
@string{bvsdm22 ="TBD"} 
@string{bvsdm21 ="TBD"} 
@string{bvsdm20 ="TBD"} 
@string{bvsdm19 = "Calgary, AB"}
@string{bvsdm18 = "San Diego, CA"}
@string{bvsdm17 = "Houston, TX"}
@string{bvsdm16 = "Miami, FL"}
@string{bvsdm15 = "Vancouver, BC"}
@string{bvsdm14 = "Philadelphia, PA"}
@string{bvsdm13 = "Austin, TX"}
@string{bvsdm12 = "Anaheim, CA"}
@string{bvsdm11 = "Mesa, AZ"}
@string{bvsdm10 = "Columbus, OH"}
@string{bvsdm09 = "Sparks, NV"}
@string{bvsdm08 = "Atlanta, GA"}
@string{bvsdm07 = "Minneapolis, MN"}
@string{bvsdm06 = "Bethesda, MD"}
@string{bvsdm05 = "Newport Beach, CA"}
@string{bvsdm04 = "Orlando, FL"}
@string{bvsdm03 = "San Francisco, CA"}
@string{bvsdm02 = "Arlington, VA"}
@string{bvsdm01 = "Chicago, IL"}


n-th conf
@string{btsdm40= "40th " }
@string{btsdm39= "39th " }
@string{btsdm38= "38th " }
@string{btsdm37= "37th " }
@string{btsdm36= "36th " }
@string{btsdm35= "35th " }
@string{btsdm34= "34th " }
@string{btsdm33= "33rd " }
@string{btsdm32= "32nd " }
@string{btsdm31= "31st " }
@string{btsdm30= "30th " }
@string{btsdm29= "29th " }
@string{btsdm28= "28th " }
@string{btsdm27= "27th " }
@string{btsdm26= "26th " }
@string{btsdm25= "25th " }
@string{btsdm24= "24th " }
@string{btsdm23= "23rd " }
@string{btsdm22= "22nd " }
@string{btsdm21= "21st " }
@string{btsdm20= "20th " }
@string{btsdm19= "19th " }
@string{btsdm18= "18th " }
@string{btsdm17= "17th " }
@string{btsdm16= "16th " }
@string{btsdm15= "15th " }
@string{btsdm14= "14th " }
@string{btsdm13= "13th " }
@string{btsdm12= "12th " }
@string{btsdm11= "11th " }
@string{btsdm10= "10th " }
@string{btsdm09= "9th " }
@string{btsdm08= "8th " }
@string{btsdm07= "7th " }
@string{btsdm06= "6th " }
@string{btsdm05= "5th " }
@string{btsdm04= "4th " }
@string{btsdm03= "3rd " }
@string{btsdm02= "2nd " }
@string{btsdm01= "1st " }


Long name per year
@string{blsdm40=  bproc #btsdm40 # bfsdm #" (" # bssdm #"'40" # ")" }
@string{blsdm39=  bproc #btsdm39 # bfsdm #" (" # bssdm #"'39" # ")" }
@string{blsdm38=  bproc #btsdm38 # bfsdm #" (" # bssdm #"'38" # ")" }
@string{blsdm37=  bproc #btsdm37 # bfsdm #" (" # bssdm #"'37" # ")" }
@string{blsdm36=  bproc #btsdm36 # bfsdm #" (" # bssdm #"'36" # ")" }
@string{blsdm35=  bproc #btsdm35 # bfsdm #" (" # bssdm #"'35" # ")" }
@string{blsdm34=  bproc #btsdm34 # bfsdm #" (" # bssdm #"'34" # ")" }
@string{blsdm33=  bproc #btsdm33 # bfsdm #" (" # bssdm #"'33" # ")" }
@string{blsdm32=  bproc #btsdm32 # bfsdm #" (" # bssdm #"'32" # ")" }
@string{blsdm31=  bproc #btsdm31 # bfsdm #" (" # bssdm #"'31" # ")" }
@string{blsdm30=  bproc #btsdm30 # bfsdm #" (" # bssdm #"'30" # ")" }
@string{blsdm29=  bproc #btsdm29 # bfsdm #" (" # bssdm #"'29" # ")" }
@string{blsdm28=  bproc #btsdm28 # bfsdm #" (" # bssdm #"'28" # ")" }
@string{blsdm27=  bproc #btsdm27 # bfsdm #" (" # bssdm #"'27" # ")" }
@string{blsdm26=  bproc #btsdm26 # bfsdm #" (" # bssdm #"'26" # ")" }
@string{blsdm25=  bproc #btsdm25 # bfsdm #" (" # bssdm #"'25" # ")" }
@string{blsdm24=  bproc #btsdm24 # bfsdm #" (" # bssdm #"'24" # ")" }
@string{blsdm23=  bproc #btsdm23 # bfsdm #" (" # bssdm #"'23" # ")" }
@string{blsdm22=  bproc #btsdm22 # bfsdm #" (" # bssdm #"'22" # ")" }
@string{blsdm21=  bproc #btsdm21 # bfsdm #" (" # bssdm #"'21" # ")" }
@string{blsdm20=  bproc #btsdm20 # bfsdm #" (" # bssdm #"'20" # ")" }
@string{blsdm19=  bproc #btsdm19 # bfsdm #" (" # bssdm #"'19" # ")" }
@string{blsdm18=  bproc #btsdm18 # bfsdm #" (" # bssdm #"'18" # ")" }
@string{blsdm17=  bproc #btsdm17 # bfsdm #" (" # bssdm #"'17" # ")" }
@string{blsdm16=  bproc #btsdm16 # bfsdm #" (" # bssdm #"'16" # ")" }
@string{blsdm15=  bproc #btsdm15 # bfsdm #" (" # bssdm #"'15" # ")" }
@string{blsdm14=  bproc #btsdm14 # bfsdm #" (" # bssdm #"'14" # ")" }
@string{blsdm13=  bproc #btsdm13 # bfsdm #" (" # bssdm #"'13" # ")" }
@string{blsdm12=  bproc #btsdm12 # bfsdm #" (" # bssdm #"'12" # ")" }
@string{blsdm11=  bproc #btsdm11 # bfsdm #" (" # bssdm #"'11" # ")" }
@string{blsdm10=  bproc #btsdm10 # bfsdm #" (" # bssdm #"'10" # ")" }
@string{blsdm09=  bproc #btsdm09 # bfsdm #" (" # bssdm #"'09" # ")" }
@string{blsdm08=  bproc #btsdm08 # bfsdm #" (" # bssdm #"'08" # ")" }
@string{blsdm07=  bproc #btsdm07 # bfsdm #" (" # bssdm #"'07" # ")" }
@string{blsdm06=  bproc #btsdm06 # bfsdm #" (" # bssdm #"'06" # ")" }
@string{blsdm05=  bproc #btsdm05 # bfsdm #" (" # bssdm #"'05" # ")" }
@string{blsdm04=  bproc #btsdm04 # bfsdm #" (" # bssdm #"'04" # ")" }
@string{blsdm03=  bproc #btsdm03 # bfsdm #" (" # bssdm #"'03" # ")" }
@string{blsdm02=  bproc #btsdm02 # bfsdm #" (" # bssdm #"'02" # ")" }
@string{blsdm01=  bproc #btsdm01 # bfsdm #" (" # bssdm #"'01" # ")" }




-------------------------------------------------------------------
    CIKM: https://dblp.uni-trier.de/db/conf/cikm/
-------------------------------------------------------------------

Full Name
@string{bfcikm= "ACM "# bintl #bconf #"Information and Knowledge Management"}

Short Name
@string{bscikm= "CIKM"}

Long Name
@string{blcikm = bproc # bfcikm #" (" # bscikm # ")" }

Month
@string{bmcikm= oct }

Address
@string{bvcikm40="TBD"} 
@string{bvcikm39="TBD"} 
@string{bvcikm38="TBD"} 
@string{bvcikm37="TBD"} 
@string{bvcikm36="TBD"} 
@string{bvcikm35="TBD"} 
@string{bvcikm34="TBD"} 
@string{bvcikm33="TBD"} 
@string{bvcikm32="TBD"} 
@string{bvcikm31="TBD"} 
@string{bvcikm30="TBD"} 
@string{bvcikm29="TBD"} 
@string{bvcikm28="TBD"} 
@string{bvcikm27="TBD"} 
@string{bvcikm26="TBD"} 
@string{bvcikm25="TBD"} 
@string{bvcikm24="TBD"} 
@string{bvcikm23="TBD"} 
@string{bvcikm22="TBD"} 
@string{bvcikm21="TBD"} 
@string{bvcikm20="TBD"} 
@string{bvcikm19="Beijing, China"} 
@string{bvcikm18= "Torino, Italy" }
@string{bvcikm17= "Singapore" }
@string{bvcikm16= "Indianapolis, IN" }
@string{bvcikm15= "Melbourne, Australia" }
@string{bvcikm14= "Shanghai, China" }
@string{bvcikm13= "San Francisco, CA" }
@string{bvcikm12= "Maui, HI" }
@string{bvcikm11= "Glasgow, UK" }
@string{bvcikm10= "Toronto, ON" }
@string{bvcikm09= "Hong Kong, China" }
@string{bvcikm08= "Napa Valley, CA" }
@string{bvcikm07= "Lisbon, Portugal" }
@string{bvcikm06= "Arlington, VA" }
@string{bvcikm05= "Bremen, Germany" }
@string{bvcikm04= "Washington, DC" }
@string{bvcikm03= "New Orleans, LA" }
@string{bvcikm02= "McLean, VA" }
@string{bvcikm01= "Atlanta, GA" }
@string{bvcikm00= "Washington, DC" }
@string{bvcikm99= "Kansas City, MO" }
@string{bvcikm98= "Bethesda, MD" }
@string{bvcikm97= "Las Vegas, NV" }
@string{bvcikm96= "Rockville, MD" }
@string{bvcikm95= "Baltimore, MD" }
@string{bvcikm94= "Gaithersburg, MD" }
@string{bvcikm93= "Washington, DC" }
@string{bvcikm92= "Baltimore, MD" }


n-th conf
@string{btcikm40= "49th " }
@string{btcikm39= "48th " }
@string{btcikm38= "47th " }
@string{btcikm37= "46th " }
@string{btcikm36= "45th " }
@string{btcikm35= "44th " }
@string{btcikm34= "43rd " }
@string{btcikm33= "42nd " }
@string{btcikm32= "41st " }
@string{btcikm31= "40th " }
@string{btcikm30= "39th " }
@string{btcikm29= "38th " }
@string{btcikm28= "37th " }
@string{btcikm27= "36th " }
@string{btcikm26= "35th " }
@string{btcikm25= "34th " }
@string{btcikm24= "33rd " }
@string{btcikm23= "32nd " }
@string{btcikm22= "31st " }
@string{btcikm21= "30th " }
@string{btcikm20= "29th " }
@string{btcikm19= "28th " }
@string{btcikm18= "27th " }
@string{btcikm17= "26th " }
@string{btcikm16= "25th " }
@string{btcikm15= "24th " }
@string{btcikm14= "23rd " }
@string{btcikm13= "22nd " }
@string{btcikm12= "21st " }
@string{btcikm11= "20th " }
@string{btcikm10= "19th " }
@string{btcikm09= "18th " }
@string{btcikm08= "17th " }
@string{btcikm07= "16th " }
@string{btcikm06= "15th " }
@string{btcikm05= "14th " }
@string{btcikm04= "13th " }
@string{btcikm03= "12th " }
@string{btcikm02= "11th " }
@string{btcikm01= "10th " }
@string{btcikm00= "9th " }
@string{btcikm99= "8th " }
@string{btcikm98= "7th " }
@string{btcikm97= "6th " }
@string{btcikm96= "5th " }
@string{btcikm95= "4th " }
@string{btcikm94= "3rd " }
@string{btcikm93= "2nd " }
@string{btcikm92= "1st " }


Long Name per Year
@string{blcikm40 = bproc #btcikm40 # bfcikm #" (" # bscikm#"'40" # ")" }
@string{blcikm39 = bproc #btcikm39 # bfcikm #" (" # bscikm#"'39" # ")" }
@string{blcikm38 = bproc #btcikm38 # bfcikm #" (" # bscikm#"'38" # ")" }
@string{blcikm37 = bproc #btcikm37 # bfcikm #" (" # bscikm#"'37" # ")" }
@string{blcikm36 = bproc #btcikm36 # bfcikm #" (" # bscikm#"'36" # ")" }
@string{blcikm35 = bproc #btcikm35 # bfcikm #" (" # bscikm#"'35" # ")" }
@string{blcikm34 = bproc #btcikm34 # bfcikm #" (" # bscikm#"'34" # ")" }
@string{blcikm33 = bproc #btcikm33 # bfcikm #" (" # bscikm#"'33" # ")" }
@string{blcikm32 = bproc #btcikm32 # bfcikm #" (" # bscikm#"'32" # ")" }
@string{blcikm31 = bproc #btcikm31 # bfcikm #" (" # bscikm#"'31" # ")" }
@string{blcikm30 = bproc #btcikm30 # bfcikm #" (" # bscikm#"'30" # ")" }
@string{blcikm29 = bproc #btcikm29 # bfcikm #" (" # bscikm#"'29" # ")" }
@string{blcikm28 = bproc #btcikm28 # bfcikm #" (" # bscikm#"'28" # ")" }
@string{blcikm27 = bproc #btcikm27 # bfcikm #" (" # bscikm#"'27" # ")" }
@string{blcikm26 = bproc #btcikm26 # bfcikm #" (" # bscikm#"'26" # ")" }
@string{blcikm25 = bproc #btcikm25 # bfcikm #" (" # bscikm#"'25" # ")" }
@string{blcikm24 = bproc #btcikm24 # bfcikm #" (" # bscikm#"'24" # ")" }
@string{blcikm23 = bproc #btcikm23 # bfcikm #" (" # bscikm#"'23" # ")" }
@string{blcikm22 = bproc #btcikm22 # bfcikm #" (" # bscikm#"'22" # ")" }
@string{blcikm21 = bproc #btcikm21 # bfcikm #" (" # bscikm#"'21" # ")" }
@string{blcikm20 = bproc #btcikm20 # bfcikm #" (" # bscikm#"'20" # ")" }
@string{blcikm19 = bproc #btcikm19 # bfcikm #" (" # bscikm#"'19" # ")" }
@string{blcikm18 = bproc #btcikm18 # bfcikm #" (" # bscikm#"'18" # ")" }
@string{blcikm17 = bproc #btcikm17 # bfcikm #" (" # bscikm#"'17" # ")" }
@string{blcikm16 = bproc #btcikm16 # bfcikm #" (" # bscikm#"'16" # ")" }
@string{blcikm15 = bproc #btcikm15 # bfcikm #" (" # bscikm#"'15" # ")" }
@string{blcikm14 = bproc #btcikm14 # bfcikm #" (" # bscikm#"'14" # ")" }
@string{blcikm13 = bproc #btcikm13 # bfcikm #" (" # bscikm#"'13" # ")" }
@string{blcikm12 = bproc #btcikm12 # bfcikm #" (" # bscikm#"'12" # ")" }
@string{blcikm11 = bproc #btcikm11 # bfcikm #" (" # bscikm#"'11" # ")" }
@string{blcikm10 = bproc #btcikm10 # bfcikm #" (" # bscikm#"'10" # ")" }
@string{blcikm09 = bproc #btcikm09 # bfcikm #" (" # bscikm#"'09" # ")" }
@string{blcikm08 = bproc #btcikm08 # bfcikm #" (" # bscikm#"'08" # ")" }
@string{blcikm07 = bproc #btcikm07 # bfcikm #" (" # bscikm#"'07" # ")" }
@string{blcikm06 = bproc #btcikm06 # bfcikm #" (" # bscikm#"'06" # ")" }
@string{blcikm05 = bproc #btcikm05 # bfcikm #" (" # bscikm#"'05" # ")" }
@string{blcikm04 = bproc #btcikm04 # bfcikm #" (" # bscikm#"'04" # ")" }
@string{blcikm03 = bproc #btcikm03 # bfcikm #" (" # bscikm#"'03" # ")" }
@string{blcikm02 = bproc #btcikm02 # bfcikm #" (" # bscikm#"'02" # ")" }
@string{blcikm01 = bproc #btcikm01 # bfcikm #" (" # bscikm#"'01" # ")" }
@string{blcikm00 = bproc #btcikm00 # bfcikm #" (" # bscikm#"'00" # ")" }
@string{blcikm99 = bproc #btcikm99 # bfcikm #" (" # bscikm#"'99" # ")" }
@string{blcikm98 = bproc #btcikm98 # bfcikm #" (" # bscikm#"'98" # ")" }
@string{blcikm97 = bproc #btcikm97 # bfcikm #" (" # bscikm#"'97" # ")" }
@string{blcikm96 = bproc #btcikm96 # bfcikm #" (" # bscikm#"'96" # ")" }
@string{blcikm95 = bproc #btcikm95 # bfcikm #" (" # bscikm#"'95" # ")" }
@string{blcikm94 = bproc #btcikm94 # bfcikm #" (" # bscikm#"'94" # ")" }
@string{blcikm93 = bproc #btcikm93 # bfcikm #" (" # bscikm#"'93" # ")" }
@string{blcikm92 = bproc #btcikm92 # bfcikm #" (" # bscikm#"'92" # ")" }

-------------------------------------------------------------------
    ICDE: https://dblp.uni-trier.de/db/conf/icde/
-------------------------------------------------------------------

Full Name
@string{bficde= "IEEE "# bintl #bconf #"Data Engineering"  }

Short Name
@string{bsicde= "ICDE"}

Long Name
@string{blicde= bproc # bficde#" (" # bsicde# ")" }

Month
@string{bmicde= may}

n-th Conf
@string{bticde40= "56th " }
@string{bticde39= "55th " }
@string{bticde38= "54th " }
@string{bticde37= "53rd " }
@string{bticde36= "52nd " }
@string{bticde35= "51st " }
@string{bticde34= "50th " }
@string{bticde33= "49th " }
@string{bticde32= "48th " }
@string{bticde31= "47th " }
@string{bticde30= "46th " }
@string{bticde29= "45th " }
@string{bticde28= "44th " }
@string{bticde27= "43rd " }
@string{bticde26= "42nd " }
@string{bticde25= "41st " }
@string{bticde24= "40th " }
@string{bticde23= "39th " }
@string{bticde22= "38th " }
@string{bticde21= "37th " }
@string{bticde20= "36th " }
@string{bticde19= "35th " }
@string{bticde18= "34th " }
@string{bticde17= "33rd " }
@string{bticde16= "32nd " }
@string{bticde15= "31st " }
@string{bticde14= "30th " }
@string{bticde13= "29th " }
@string{bticde12= "28th " }
@string{bticde11= "27th " }
@string{bticde10= "26th " }
@string{bticde09= "25th " }
@string{bticde08= "24th " }
@string{bticde07= "23rd " }
@string{bticde06= "22nd " }
@string{bticde05= "21st " }
@string{bticde04= "20th " }
@string{bticde03= "19th " }
@string{bticde02= "18th " }
@string{bticde01= "17th " }
@string{bticde00= "16th " }
@string{bticde99= "15th " }
@string{bticde98= "14th " }
@string{bticde97= "13th " }
@string{bticde96= "12th " }
@string{bticde95= "11th " }
@string{bticde94= "10th " }
@string{bticde93= "9th " }
@string{bticde92= "8th " }
@string{bticde91= "7th " }
@string{bticde90= "6th " }
@string{bticde89= "5th " }
@string{bticde88= "4th " }
@string{bticde87= "3rd " }
@string{bticde86= "2nd " }
@string{bticde84= "1st " }


Address

@string{bvicde40= "TBD"} 
@string{bvicde39= "TBD"} 
@string{bvicde38= "TBD"}
@string{bvicde37= "TBD"}
@string{bvicde36= "TBD"}
@string{bvicde35= "TBD"}
@string{bvicde34= "TBD"}
@string{bvicde33= "TBD"}
@string{bvicde32= "TBD"}
@string{bvicde31= "TBD"}
@string{bvicde30= "TBD"}
@string{bvicde29= "TBD"}
@string{bvicde28= "TBD"}
@string{bvicde27= "TBD"}
@string{bvicde26= "TBD"}
@string{bvicde25= "TBD"}
@string{bvicde24= "TBD"}
@string{bvicde23= "TBD"}
@string{bvicde22= "TBD"}
@string{bvicde21= "TBD"}
@string{bvicde20= "TBD"}
@string{bvicde19= "Macau, China"} 
@string{bvicde18= "Paris, France"} 
@string{bvicde17= "San Diego, CA"} 
@string{bvicde16= "Helsinki, Finland"} 
@string{bvicde15= "Seoul, South Korea"} 
@string{bvicde14= "Chicago, IL"} 
@string{bvicde13= "Brisbane, Australia"} 
@string{bvicde12= "Washington, DC"} 
@string{bvicde11= "Hannover, Germany"} 
@string{bvicde10= "Long Beach, CA"} 
@string{bvicde09= "Shanghai, China"} 
@string{bvicde08= "Cancun, Mexico"} 
@string{bvicde07= "Istanbul, Turkey"} 
@string{bvicde06= "Atlanta, GA"} 
@string{bvicde05= "Tokyo, Japan"} 
@string{bvicde04= "Boston, MA"} 
@string{bvicde03= "Bangalore, India"} 
@string{bvicde02= "San Jose, CA"} 
@string{bvicde01= "Heidelberg, Germany"} 
@string{bvicde00= "San Diego, CA"} 
@string{bvicde99= "Sydney, Australia"} 
@string{bvicde98= "Orlando, FL"} 
@string{bvicde97= "Birmingham, UK"} 
@string{bvicde96= "New Orleans, LO"} 
@string{bvicde95= "Taipei, Taiwan"} 
@string{bvicde94= "Houston, TX"} 
@string{bvicde93= "Vienna, Austria"} 
@string{bvicde92= "Tempe, AZ"} 
@string{bvicde91= "Kobe, Japan"} 
@string{bvicde90= "Los Angeles, CA"} 
@string{bvicde89= "Los Angeles, CA"} 
@string{bvicde88= "Los Angeles, CA"} 
@string{bvicde87= "Los Angeles, CA"} 
@string{bvicde86= "Los Angeles, CA"} 
@string{bvicde84= "Los Angeles, CA"} 

Long Name per Year
@string{blicde40= bproc #bticde40 #bficde#" (" #bsicde#"'40)" }
@string{blicde39= bproc #bticde39 #bficde#" (" #bsicde#"'39)" }
@string{blicde38= bproc #bticde38 #bficde#" (" #bsicde#"'38)" }
@string{blicde37= bproc #bticde37 #bficde#" (" #bsicde#"'37)" }
@string{blicde36= bproc #bticde36 #bficde#" (" #bsicde#"'36)" } 
@string{blicde35= bproc #bticde35 #bficde#" (" #bsicde#"'35)" }
@string{blicde34= bproc #bticde34 #bficde#" (" #bsicde#"'34)" }
@string{blicde33= bproc #bticde33 #bficde#" (" #bsicde#"'33)" }
@string{blicde32= bproc #bticde32 #bficde#" (" #bsicde#"'32)" }
@string{blicde31= bproc #bticde31 #bficde#" (" #bsicde#"'31)" }
@string{blicde30= bproc #bticde30 #bficde#" (" #bsicde#"'30)" }
@string{blicde29= bproc #bticde29 #bficde#" (" #bsicde#"'29)" }
@string{blicde28= bproc #bticde28 #bficde#" (" #bsicde#"'28)" }
@string{blicde27= bproc #bticde27 #bficde#" (" #bsicde#"'27)" }
@string{blicde26= bproc #bticde26 #bficde#" (" #bsicde#"'26)" } 
@string{blicde25= bproc #bticde25 #bficde#" (" #bsicde#"'25)" }
@string{blicde24= bproc #bticde24 #bficde#" (" #bsicde#"'24)" }
@string{blicde23= bproc #bticde23 #bficde#" (" #bsicde#"'23)" }
@string{blicde22= bproc #bticde22 #bficde#" (" #bsicde#"'22)" }
@string{blicde21= bproc #bticde21 #bficde#" (" #bsicde#"'21)" }
@string{blicde20= bproc #bticde20 #bficde#" (" #bsicde#"'20)" }
@string{blicde19= bproc #bticde19 #bficde#" (" #bsicde#"'19)" }
@string{blicde18= bproc #bticde18 #bficde#" (" #bsicde#"'18)" }
@string{blicde17= bproc #bticde17 #bficde#" (" #bsicde#"'17)" }
@string{blicde16= bproc #bticde16 #bficde#" (" #bsicde#"'16)" } 
@string{blicde15= bproc #bticde15 #bficde#" (" #bsicde#"'15)" }
@string{blicde14= bproc #bticde14 #bficde#" (" #bsicde#"'14)" }
@string{blicde13= bproc #bticde13 #bficde#" (" #bsicde#"'13)" }
@string{blicde12= bproc #bticde12 #bficde#" (" #bsicde#"'12)" }
@string{blicde11= bproc #bticde11 #bficde#" (" #bsicde#"'11)" }
@string{blicde10= bproc #bticde10 #bficde#" (" #bsicde#"'10)" }
@string{blicde09= bproc #bticde09 #bficde#" (" #bsicde#"'09)" }
@string{blicde08= bproc #bticde08 #bficde#" (" #bsicde#"'08)" }
@string{blicde07= bproc #bticde07 #bficde#" (" #bsicde#"'07)" }
@string{blicde06= bproc #bticde06 #bficde#" (" #bsicde#"'06)" }
@string{blicde05= bproc #bticde05 #bficde#" (" #bsicde#"'05)" }
@string{blicde04= bproc #bticde04 #bficde#" (" #bsicde#"'04)" }
@string{blicde03= bproc #bticde03 #bficde#" (" #bsicde#"'03)" }
@string{blicde02= bproc #bticde02 #bficde#" (" #bsicde#"'02)" }
@string{blicde01= bproc #bticde01 #bficde#" (" #bsicde#"'01)" }
@string{blicde00= bproc #bticde00 #bficde#" (" #bsicde#"'00)" }
@string{blicde99= bproc #bticde99 #bficde#" (" #bsicde#"'99)" }
@string{blicde98= bproc #bticde98 #bficde#" (" #bsicde#"'98)" }
@string{blicde97= bproc #bticde97 #bficde#" (" #bsicde#"'97)" }
@string{blicde96= bproc #bticde96 #bficde#" (" #bsicde#"'96)" }
@string{blicde95= bproc #bticde95 #bficde#" (" #bsicde#"'95)" }
@string{blicde94= bproc #bticde94 #bficde#" (" #bsicde#"'94)" }
@string{blicde93= bproc #bticde93 #bficde#" (" #bsicde#"'93)" }
@string{blicde92= bproc #bticde92 #bficde#" (" #bsicde#"'92)" }
@string{blicde91= bproc #bticde91 #bficde#" (" #bsicde#"'91)" }
@string{blicde90= bproc #bticde90 #bficde#" (" #bsicde#"'90)" }
@string{blicde89= bproc #bticde89 #bficde#" (" #bsicde#"'89)" }
@string{blicde88= bproc #bticde88 #bficde#" (" #bsicde#"'88)" }
@string{blicde87= bproc #bticde87 #bficde#" (" #bsicde#"'87)" }
@string{blicde86= bproc #bticde86 #bficde#" (" #bsicde#"'86)" }
@string{blicde84= bproc #bticde84 #bficde#" (" #bsicde#"'84)" }


-------------------------------------------------------------------
    NeurIPS : https://dblp.uni-trier.de/db/conf/nips/
-------------------------------------------------------------------

Full Name
@string{bfnips= "Advances in Neural Information Processing Systems"  }

Short Name
@string{bsnips= "NeurIPS"}

Long Name
@string{blnips= bfnips#" (" # bsnips# ")" }

Month
@string{bmnips= dec }

Address
@string{bvnips40= "TBD" }
@string{bvnips39= "TBD" }
@string{bvnips38= "TBD" }
@string{bvnips37= "TBD" }
@string{bvnips36= "TBD" }
@string{bvnips35= "TBD" }
@string{bvnips34= "TBD" }
@string{bvnips33= "TBD" }
@string{bvnips32= "TBD" }
@string{bvnips31= "TBD" }
@string{bvnips30= "TBD" }
@string{bvnips29= "TBD" }
@string{bvnips28= "TBD" }
@string{bvnips27= "TBD" }
@string{bvnips26= "TBD" }
@string{bvnips25= "TBD" }
@string{bvnips24= "TBD" }
@string{bvnips23= "TBD" }
@string{bvnips22= "TBD" }
@string{bvnips21= "TBD" }
@string{bvnips20= "TBD" }
@string{bvnips19= "Vancouver, BC" }
@string{bvnips18= "Montreal, QC" }
@string{bvnips17= "Long Beach, CA" }
@string{bvnips16= "Barcelona Spain" }
@string{bvnips15= "Montreal, QC" }
@string{bvnips14= "Montreal, QC" }
@string{bvnips13= "Lake Tahoe, NV" }
@string{bvnips12= "Lake Tahoe, NV" }
@string{bvnips11= "Granada, Spain" }
@string{bvnips10= "Vancouver, BC" }
@string{bvnips09= "Vancouver, BC" }
@string{bvnips08= "Vancouver, BC" }
@string{bvnips07= "Vancouver, BC" }
@string{bvnips06= "Vancouver, BC" }
@string{bvnips05= "Vancouver, BC" }
@string{bvnips04= "Vancouver, BC" }
@string{bvnips03= "Vancouver, BC" }
@string{bvnips02= "Vancouver, BC" }
@string{bvnips01= "Vancouver, BC" }
@string{bvnips00= "Denver, CO" }
@string{bvnips99= "Denver, CO" }
@string{bvnips98= "Denver, CO" }
@string{bvnips97= "Denver, CO" }
@string{bvnips96= "Denver, CO" }
@string{bvnips95= "Denver, CO" }
@string{bvnips94= "Denver, CO" }
@string{bvnips93= "Denver, CO" }
@string{bvnips92= "Denver, CO" }
@string{bvnips91= "Denver, CO" }
@string{bvnips90= "Denver, CO" }
@string{bvnips89= "Denver, CO" }
@string{bvnips88= "Denver, CO" }


Long Name per Year
@string{blnips40= bfnips#" 53 (" # bsnips# "'40)" }
@string{blnips39= bfnips#" 52 (" # bsnips# "'39)" }
@string{blnips38= bfnips#" 51 (" # bsnips# "'38)" }
@string{blnips37= bfnips#" 50 (" # bsnips# "'37)" }
@string{blnips36= bfnips#" 49 (" # bsnips# "'36)" }
@string{blnips35= bfnips#" 48 (" # bsnips# "'35)" }
@string{blnips34= bfnips#" 47 (" # bsnips# "'34)" }
@string{blnips33= bfnips#" 46 (" # bsnips# "'33)" }
@string{blnips32= bfnips#" 45 (" # bsnips# "'32)" }
@string{blnips31= bfnips#" 44 (" # bsnips# "'31)" }
@string{blnips30= bfnips#" 43 (" # bsnips# "'30)" }
@string{blnips29= bfnips#" 42 (" # bsnips# "'29)" }
@string{blnips28= bfnips#" 41 (" # bsnips# "'28)" }
@string{blnips27= bfnips#" 40 (" # bsnips# "'27)" }
@string{blnips26= bfnips#" 39 (" # bsnips# "'26)" }
@string{blnips25= bfnips#" 38 (" # bsnips# "'25)" }
@string{blnips24= bfnips#" 37 (" # bsnips# "'24)" }
@string{blnips23= bfnips#" 36 (" # bsnips# "'23)" }
@string{blnips22= bfnips#" 35 (" # bsnips# "'22)" }
@string{blnips21= bfnips#" 34 (" # bsnips# "'21)" }
@string{blnips20= bfnips#" 33 (" # bsnips# "'20)" }
@string{blnips19= bfnips#" 32 (" # bsnips# "'19)" }
@string{blnips18= bfnips#" 31 (" # bsnips# "'18)" }
@string{blnips17= bfnips#" 30 (" # bsnips# "'17)" }
@string{blnips16= bfnips#" 29 (" # bsnips# "'16)" }
@string{blnips15= bfnips#" 28 (" # bsnips# "'15)" }
@string{blnips14= bfnips#" 27 (" # bsnips# "'14)" }
@string{blnips13= bfnips#" 26 (" # bsnips# "'13)" }
@string{blnips12= bfnips#" 25 (" # bsnips# "'12)" }
@string{blnips11= bfnips#" 24 (" # bsnips# "'11)" }
@string{blnips10= bfnips#" 23 (" # bsnips# "'10)" }
@string{blnips09= bfnips#" 22 (" # bsnips# "'09)" }
@string{blnips08= bfnips#" 21 (" # bsnips# "'08)" }
@string{blnips07= bfnips#" 20 (" # bsnips# "'07)" }
@string{blnips06= bfnips#" 19 (" # bsnips# "'06)" }
@string{blnips05= bfnips#" 18 (" # bsnips# "'05)" }
@string{blnips04= bfnips#" 17 (" # bsnips# "'04)" }
@string{blnips03= bfnips#" 16 (" # bsnips# "'03)" }
@string{blnips02= bfnips#" 15 (" # bsnips# "'02)" }
@string{blnips01= bfnips#" 14 (" # bsnips# "'01)" }
@string{blnips00= bfnips#" 13 (" # bsnips# "'00)" }
@string{blnips99= bfnips#" 12 (" # bsnips# "'99)" }
@string{blnips98= bfnips#" 11 (" # bsnips# "'98)" }
@string{blnips97= bfnips#" 10 (" # bsnips# "'97)" }
@string{blnips96= bfnips#" 9 (" # bsnips# "'96)" }
@string{blnips95= bfnips#" 8 (" # bsnips# "'95)" }
@string{blnips94= bfnips#" 7 (" # bsnips# "'94)" }
@string{blnips93= bfnips#" 6 (" # bsnips# "'93)" }
@string{blnips92= bfnips#" 5 (" # bsnips# "'92)" }
@string{blnips91= bfnips#" 4 (" # bsnips# "'91)" }
@string{blnips90= bfnips#" 3 (" # bsnips# "'90)" }
@string{blnips89= bfnips#" 2 (" # bsnips# "'89)" }
@string{blnips88= bfnips#" 1 (" # bsnips# "'88)" }




-------------------------------------------------------------------
    ICML https://dblp.uni-trier.de/db/conf/icml/
-------------------------------------------------------------------

Full Name
@string{bficml= bintl#bconf# "Machine Learning"  }

Short Name
@string{bsicml= "ICML"}

Long Name
@string{blicml= bproc # bficml#" (" # bsicml# ")" }

Month
@string{bmicml= jun }

Address
@string{bvicml40="TBD"} 
@string{bvicml39="TBD"} 
@string{bvicml38="TBD"} 
@string{bvicml37="TBD"} 
@string{bvicml36="TBD"} 
@string{bvicml35="TBD"} 
@string{bvicml34="TBD"} 
@string{bvicml33="TBD"} 
@string{bvicml32="TBD"} 
@string{bvicml31="TBD"} 
@string{bvicml30="TBD"} 
@string{bvicml29="TBD"} 
@string{bvicml28="TBD"} 
@string{bvicml27="TBD"} 
@string{bvicml26="TBD"} 
@string{bvicml25="TBD"} 
@string{bvicml24="TBD"} 
@string{bvicml23="TBD"} 
@string{bvicml22="TBD"} 
@string{bvicml21="TBD"} 
@string{bvicml20="TBD"} 
@string{bvicml19= "Long Beach, CA" }
@string{bvicml18= "Stockholm, Sweden" }
@string{bvicml17= "Sydney, Australia" }
@string{bvicml16= "New York, NY" }
@string{bvicml15= "Lille, France" }
@string{bvicml14= "Beijing, China" }
@string{bvicml13= "Atlanta, GA" }
@string{bvicml12= "Edinburgh, UK" }
@string{bvicml11= "Bellevue, WA" }
@string{bvicml10= "Haifa, Israel" }
@string{bvicml09= "Montreal, QC" }
@string{bvicml08= "Helsinki, Finland" }
@string{bvicml07= "Corvalis, OR" }
@string{bvicml06= "Pittsburgh, PA" }
@string{bvicml05= "Bonn, Germany" }
@string{bvicml04= "Banff, AB" }
@string{bvicml03= "Washington, DC" }
@string{bvicml02= "Sydney, Australia" }
@string{bvicml01= "Williamstown, MA" }
@string{bvicml00= "Stanford, CA" }
@string{bvicml99= "Bled, Slovenia" }
@string{bvicml98= "Madison, WI" }
@string{bvicml97= "Nashville, TN" }
@string{bvicml96= "Bari, Italy" }
@string{bvicml95= "Tahoe City, CA" }
@string{bvicml94= "New Brunswick, NJ" }
@string{bvicml93= "Amherst, MA" }
@string{bvicml92= "Aberdeen, UK" }
@string{bvicml91= "Evanston, IL" }
@string{bvicml90= "Austin, TX" }
@string{bvicml89= "Ithaca, NY" }
@string{bvicml88= "Ann Arbor, MI" }
@string{bvicml87= "Irvine, CA" }
@string{bvicml85= "Skytop, PA" }
@string{bvicml83= "Monticello, IL" }
@string{bvicml80= "Pittsburgh, PA" }


n-th Conf
@string{bticml40= "57th " }
@string{bticml39= "56th " }
@string{bticml38= "55th " }
@string{bticml37= "54th " }
@string{bticml36= "53rd " }
@string{bticml35= "52nd " }
@string{bticml34= "51st " }
@string{bticml33= "50th " }
@string{bticml32= "49th " }
@string{bticml31= "48th " }
@string{bticml30= "47th " }
@string{bticml29= "46th " }
@string{bticml28= "45th " }
@string{bticml27= "44th " }
@string{bticml26= "43rd " }
@string{bticml25= "42nd " }
@string{bticml24= "41st " }
@string{bticml23= "40th " }
@string{bticml22= "39th " }
@string{bticml21= "38th " }
@string{bticml20= "37th " }
@string{bticml19= "36th " }
@string{bticml18= "35th " }
@string{bticml17= "34th " }
@string{bticml16= "33rd " }
@string{bticml15= "32nd " }
@string{bticml14= "31st " }
@string{bticml13= "30th " }
@string{bticml12= "29th " }
@string{bticml11= "28th " }
@string{bticml10= "27th " }
@string{bticml09= "26th " }
@string{bticml08= "25th " }
@string{bticml07= "24th " }
@string{bticml06= "23rd " }
@string{bticml05= "22nd " }
@string{bticml04= "21st " }
@string{bticml03= "20th " }
@string{bticml02= "19th " }
@string{bticml01= "18th " }
@string{bticml00= "17th " }
@string{bticml99= "16th " }
@string{bticml98= "15th " }
@string{bticml97= "14th " }
@string{bticml96= "13th " }
@string{bticml95= "12th " }
@string{bticml94= "11th " }
@string{bticml93= "10th " }
@string{bticml92= "9th " }
@string{bticml91= "8th " }
@string{bticml90= "7th " }
@string{bticml89= "6th " }
@string{bticml88= "5th " }
@string{bticml87= "4th " }
@string{bticml85= "3rd " }
@string{bticml83= "2nd " }
@string{bticml80= "1st " }


Long Name per Year
@string{blicml40= bproc #bticml40 # bficml#" (" # bsicml# "'40)" }
@string{blicml39= bproc #bticml39 # bficml#" (" # bsicml# "'39)" }
@string{blicml38= bproc #bticml38 # bficml#" (" # bsicml# "'38)" }
@string{blicml37= bproc #bticml37 # bficml#" (" # bsicml# "'37)" }
@string{blicml36= bproc #bticml36 # bficml#" (" # bsicml# "'36)" }
@string{blicml35= bproc #bticml35 # bficml#" (" # bsicml# "'35)" }
@string{blicml34= bproc #bticml34 # bficml#" (" # bsicml# "'34)" }
@string{blicml33= bproc #bticml33 # bficml#" (" # bsicml# "'33)" }
@string{blicml32= bproc #bticml32 # bficml#" (" # bsicml# "'32)" }
@string{blicml31= bproc #bticml31 # bficml#" (" # bsicml# "'31)" }
@string{blicml30= bproc #bticml30 # bficml#" (" # bsicml# "'30)" }
@string{blicml29= bproc #bticml29 # bficml#" (" # bsicml# "'29)" }
@string{blicml28= bproc #bticml28 # bficml#" (" # bsicml# "'28)" }
@string{blicml27= bproc #bticml27 # bficml#" (" # bsicml# "'27)" }
@string{blicml26= bproc #bticml26 # bficml#" (" # bsicml# "'26)" }
@string{blicml25= bproc #bticml25 # bficml#" (" # bsicml# "'25)" }
@string{blicml24= bproc #bticml24 # bficml#" (" # bsicml# "'24)" }
@string{blicml23= bproc #bticml23 # bficml#" (" # bsicml# "'23)" }
@string{blicml22= bproc #bticml22 # bficml#" (" # bsicml# "'22)" }
@string{blicml21= bproc #bticml21 # bficml#" (" # bsicml# "'21)" }
@string{blicml20= bproc #bticml20 # bficml#" (" # bsicml# "'20)" }
@string{blicml19= bproc #bticml19 # bficml#" (" # bsicml# "'19)" }
@string{blicml18= bproc #bticml18 # bficml#" (" # bsicml# "'18)" }
@string{blicml17= bproc #bticml17 # bficml#" (" # bsicml# "'17)" }
@string{blicml16= bproc #bticml16 # bficml#" (" # bsicml# "'16)" }
@string{blicml15= bproc #bticml15 # bficml#" (" # bsicml# "'15)" }
@string{blicml14= bproc #bticml14 # bficml#" (" # bsicml# "'14)" }
@string{blicml13= bproc #bticml13 # bficml#" (" # bsicml# "'13)" }
@string{blicml12= bproc #bticml12 # bficml#" (" # bsicml# "'12)" }
@string{blicml11= bproc #bticml11 # bficml#" (" # bsicml# "'11)" }
@string{blicml10= bproc #bticml10 # bficml#" (" # bsicml# "'10)" }
@string{blicml09= bproc #bticml09 # bficml#" (" # bsicml# "'09)" }
@string{blicml08= bproc #bticml08 # bficml#" (" # bsicml# "'08)" }
@string{blicml07= bproc #bticml07 # bficml#" (" # bsicml# "'07)" }
@string{blicml06= bproc #bticml06 # bficml#" (" # bsicml# "'06)" }
@string{blicml05= bproc #bticml05 # bficml#" (" # bsicml# "'05)" }
@string{blicml04= bproc #bticml04 # bficml#" (" # bsicml# "'04)" }
@string{blicml03= bproc #bticml03 # bficml#" (" # bsicml# "'03)" }
@string{blicml02= bproc #bticml02 # bficml#" (" # bsicml# "'02)" }
@string{blicml01= bproc #bticml01 # bficml#" (" # bsicml# "'01)" }
@string{blicml00= bproc #bticml00 # bficml#" (" # bsicml# "'00)" }
@string{blicml99= bproc #bticml99 # bficml#" (" # bsicml# "'99)" }
@string{blicml98= bproc #bticml98 # bficml#" (" # bsicml# "'98)" }
@string{blicml97= bproc #bticml97 # bficml#" (" # bsicml# "'97)" }
@string{blicml96= bproc #bticml96 # bficml#" (" # bsicml# "'96)" }
@string{blicml95= bproc #bticml95 # bficml#" (" # bsicml# "'95)" }
@string{blicml94= bproc #bticml94 # bficml#" (" # bsicml# "'94)" }
@string{blicml93= bproc #bticml93 # bficml#" (" # bsicml# "'93)" }
@string{blicml92= bproc #bticml92 # bficml#" (" # bsicml# "'92)" }
@string{blicml91= bproc #bticml91 # bficml#" (" # bsicml# "'91)" }
@string{blicml90= bproc #bticml90 # bficml#" (" # bsicml# "'90)" }
@string{blicml89= bproc #bticml89 # bficml#" (" # bsicml# "'89)" }
@string{blicml88= bproc #bticml88 # bficml#" (" # bsicml# "'88)" }
@string{blicml87= bproc #bticml87 # bficml#" (" # bsicml# "'87)" }
@string{blicml85= bproc #bticml85 # bficml#" (" # bsicml# "'85)" }
@string{blicml83= bproc #bticml83 # bficml#" (" # bsicml# "'83)" }
@string{blicml80= bproc #bticml80 # bficml#" (" # bsicml# "'80)" }


-------------------------------------------------------------------
    AAAI  https://dblp.uni-trier.de/db/conf/aaai/
-------------------------------------------------------------------

Full Name
@string{bfaaai= "AAAI "#bconf# "Artificial Intelligence"  }

Short Name
@string{bsaaai= "AAAI"}

Long Name
@string{blaaai= bproc # bfaaai#" (" # bsaaai# ")" }

Month
@string{bmaaai= feb}

n-th Conf
@string{btaaai40= "54th " }
@string{btaaai39= "53rd " }
@string{btaaai38= "52nd " }
@string{btaaai37= "51st " }
@string{btaaai36= "50th " }
@string{btaaai35= "49th " }
@string{btaaai34= "48th " }
@string{btaaai33= "47th " }
@string{btaaai32= "46th " }
@string{btaaai31= "45th " }
@string{btaaai30= "44th " }
@string{btaaai29= "43rd " }
@string{btaaai28= "42nd " }
@string{btaaai27= "41st " }
@string{btaaai26= "40th " }
@string{btaaai25= "39th " }
@string{btaaai24= "38th " }
@string{btaaai23= "37th " }
@string{btaaai22= "36th " }
@string{btaaai21= "35th " }
@string{btaaai20= "34th " }
@string{btaaai19= "33rd " }
@string{btaaai18= "32nd " }
@string{btaaai17= "31st " }
@string{btaaai16= "30th " }
@string{btaaai15= "29th " }
@string{btaaai14= "28th " }
@string{btaaai13= "27th " }
@string{btaaai12= "26th " }
@string{btaaai11= "25th " }
@string{btaaai10= "24th " }
@string{btaaai08= "23rd " }
@string{btaaai07= "22nd " }
@string{btaaai06= "21st " }
@string{btaaai05= "20th " }
@string{btaaai04= "19th " }
@string{btaaai02= "18th " }
@string{btaaai00= "17th " }
@string{btaaai99= "16th " }
@string{btaaai98= "15th " }
@string{btaaai97= "14th " }
@string{btaaai96= "13th " }
@string{btaaai94= "12th " }
@string{btaaai93= "11th " }
@string{btaaai92= "10th " }
@string{btaaai91= "9th " }
@string{btaaai90= "8th " }
@string{btaaai88= "7th " }
@string{btaaai87= "6th " }
@string{btaaai86= "5th " }
@string{btaaai84= "4th " }
@string{btaaai83= "3rd " }
@string{btaaai82= "2nd " }
@string{btaaai80= "1st " }



Address
@string{bvaaai40= "TBD" }
@string{bvaaai39= "TBD" }
@string{bvaaai38= "TBD" }
@string{bvaaai37= "TBD" }
@string{bvaaai36= "TBD" }
@string{bvaaai35= "TBD" }
@string{bvaaai34= "TBD" }
@string{bvaaai33= "TBD" }
@string{bvaaai32= "TBD" }
@string{bvaaai31= "TBD" }
@string{bvaaai30= "TBD" }
@string{bvaaai29= "TBD" }
@string{bvaaai28= "TBD" }
@string{bvaaai27= "TBD" }
@string{bvaaai26= "TBD" }
@string{bvaaai25= "TBD" }
@string{bvaaai24= "TBD" }
@string{bvaaai23= "TBD" }
@string{bvaaai22= "TBD" }
@string{bvaaai21= "TBD" }
@string{bvaaai20= "TBD" }
@string{bvaaai19= "Honolulu, HA" }
@string{bvaaai18= "New Orleans, LA" }
@string{bvaaai17= "San Francisco, CA" }
@string{bvaaai16= "Phoenix, AZ" }
@string{bvaaai15= "Austin, TX" }
@string{bvaaai14= "Quebec City, QC" }
@string{bvaaai13= "Bellevue, WA" }
@string{bvaaai12= "Toronto, ON" }
@string{bvaaai11= "San Francisco, CA" }
@string{bvaaai10= "Atlanta, GA" }
@string{bvaaai08= "Chicago, IL" }
@string{bvaaai07= "Vancouver, BC" }
@string{bvaaai06= "Boston, MA" }
@string{bvaaai05= "Pittsburgh, PA" }
@string{bvaaai04= "San Jose, CA" }
@string{bvaaai02= "Edmonton, AB" }
@string{bvaaai00= "Austin, TX" }
@string{bvaaai99= "Orlando, FL" }
@string{bvaaai98= "Madison, WI" }
@string{bvaaai97= "Providence, RI" }
@string{bvaaai96= "Portland, OR" }
@string{bvaaai94= "Seattle, WA" }
@string{bvaaai93= "Washington, DC" }
@string{bvaaai92= "San Jose, CA" }
@string{bvaaai91= "Anaheim, CA" }
@string{bvaaai90= "Boston, MA" }
@string{bvaaai88= "St. Paul, MN" }
@string{bvaaai87= "Seattle, WA" }
@string{bvaaai86= "Philadelphia, PA" }
@string{bvaaai84= "Austin, TX" }
@string{bvaaai83= "Washington, DC" }
@string{bvaaai82= "Pittsburgh, PA" }
@string{bvaaai80= "Stanford, CA" }


Long Name per Year

@string{blaaai40= bproc #btaaai40 # bfaaai#" (" # bsaaai# "'40)" } 
@string{blaaai39= bproc #btaaai39 # bfaaai#" (" # bsaaai# "'39)" } 
@string{blaaai38= bproc #btaaai38 # bfaaai#" (" # bsaaai# "'38)" } 
@string{blaaai37= bproc #btaaai37 # bfaaai#" (" # bsaaai# "'37)" } 
@string{blaaai36= bproc #btaaai36 # bfaaai#" (" # bsaaai# "'36)" } 
@string{blaaai35= bproc #btaaai35 # bfaaai#" (" # bsaaai# "'35)" } 
@string{blaaai34= bproc #btaaai34 # bfaaai#" (" # bsaaai# "'34)" } 
@string{blaaai33= bproc #btaaai33 # bfaaai#" (" # bsaaai# "'33)" } 
@string{blaaai32= bproc #btaaai32 # bfaaai#" (" # bsaaai# "'32)" } 
@string{blaaai31= bproc #btaaai31 # bfaaai#" (" # bsaaai# "'31)" } 
@string{blaaai30= bproc #btaaai30 # bfaaai#" (" # bsaaai# "'30)" } 
@string{blaaai29= bproc #btaaai29 # bfaaai#" (" # bsaaai# "'29)" } 
@string{blaaai28= bproc #btaaai28 # bfaaai#" (" # bsaaai# "'28)" } 
@string{blaaai27= bproc #btaaai27 # bfaaai#" (" # bsaaai# "'27)" } 
@string{blaaai26= bproc #btaaai26 # bfaaai#" (" # bsaaai# "'26)" } 
@string{blaaai25= bproc #btaaai25 # bfaaai#" (" # bsaaai# "'25)" } 
@string{blaaai24= bproc #btaaai24 # bfaaai#" (" # bsaaai# "'24)" } 
@string{blaaai23= bproc #btaaai23 # bfaaai#" (" # bsaaai# "'23)" } 
@string{blaaai22= bproc #btaaai22 # bfaaai#" (" # bsaaai# "'22)" } 
@string{blaaai21= bproc #btaaai21 # bfaaai#" (" # bsaaai# "'21)" } 
@string{blaaai20= bproc #btaaai20 # bfaaai#" (" # bsaaai# "'20)" } 
@string{blaaai19= bproc #btaaai19 # bfaaai#" (" # bsaaai# "'19)" } 
@string{blaaai18= bproc #btaaai18 # bfaaai#" (" # bsaaai# "'18)" } 
@string{blaaai17= bproc #btaaai17 # bfaaai#" (" # bsaaai# "'17)" } 
@string{blaaai16= bproc #btaaai16 # bfaaai#" (" # bsaaai# "'16)" } 
@string{blaaai15= bproc #btaaai15 # bfaaai#" (" # bsaaai# "'15)" } 
@string{blaaai14= bproc #btaaai14 # bfaaai#" (" # bsaaai# "'14)" } 
@string{blaaai13= bproc #btaaai13 # bfaaai#" (" # bsaaai# "'13)" } 
@string{blaaai12= bproc #btaaai12 # bfaaai#" (" # bsaaai# "'12)" } 
@string{blaaai11= bproc #btaaai11 # bfaaai#" (" # bsaaai# "'11)" } 
@string{blaaai10= bproc #btaaai10 # bfaaai#" (" # bsaaai# "'10)" } 
@string{blaaai08= bproc #btaaai08 # bfaaai#" (" # bsaaai# "'08)" } 
@string{blaaai07= bproc #btaaai07 # bfaaai#" (" # bsaaai# "'07)" } 
@string{blaaai06= bproc #btaaai06 # bfaaai#" (" # bsaaai# "'06)" } 
@string{blaaai05= bproc #btaaai05 # bfaaai#" (" # bsaaai# "'05)" } 
@string{blaaai04= bproc #btaaai04 # bfaaai#" (" # bsaaai# "'04)" } 
@string{blaaai02= bproc #btaaai02 # bfaaai#" (" # bsaaai# "'02)" } 
@string{blaaai00= bproc #btaaai00 # bfaaai#" (" # bsaaai# "'00)" } 
@string{blaaai99= bproc #btaaai99 # bfaaai#" (" # bsaaai# "'99)" } 
@string{blaaai98= bproc #btaaai98 # bfaaai#" (" # bsaaai# "'98)" } 
@string{blaaai97= bproc #btaaai97 # bfaaai#" (" # bsaaai# "'97)" } 
@string{blaaai96= bproc #btaaai96 # bfaaai#" (" # bsaaai# "'96)" } 
@string{blaaai94= bproc #btaaai94 # bfaaai#" (" # bsaaai# "'94)" } 
@string{blaaai93= bproc #btaaai93 # bfaaai#" (" # bsaaai# "'93)" } 
@string{blaaai92= bproc #btaaai92 # bfaaai#" (" # bsaaai# "'92)" } 
@string{blaaai91= bproc #btaaai91 # bfaaai#" (" # bsaaai# "'91)" } 
@string{blaaai90= bproc #btaaai90 # bfaaai#" (" # bsaaai# "'90)" } 
@string{blaaai88= bproc #btaaai88 # bfaaai#" (" # bsaaai# "'88)" } 
@string{blaaai87= bproc #btaaai87 # bfaaai#" (" # bsaaai# "'87)" } 
@string{blaaai86= bproc #btaaai86 # bfaaai#" (" # bsaaai# "'86)" } 
@string{blaaai84= bproc #btaaai84 # bfaaai#" (" # bsaaai# "'84)" } 
@string{blaaai83= bproc #btaaai83 # bfaaai#" (" # bsaaai# "'83)" } 
@string{blaaai82= bproc #btaaai82 # bfaaai#" (" # bsaaai# "'82)" } 
@string{blaaai80= bproc #btaaai80 # bfaaai#" (" # bsaaai# "'80)" }




-------------------------------------------------------------------
    ICLR  https://dblp.uni-trier.de/db/conf/iclr/
-------------------------------------------------------------------

Full Name
@string{bficlr=  bintl #bconf# "Learning Representations"  }

Short Name
@string{bsiclr= "ICLR"}

Long Name
@string{bliclr= bproc # bficlr#" (" # bsaaai# ")" }

Month
@string{bmiclr= may}

n-th Conf 
@string{bticlr40= "28th " }
@string{bticlr39= "27th " }
@string{bticlr38= "26th " }
@string{bticlr37= "25th " }
@string{bticlr36= "24th " }
@string{bticlr35= "23rd " }
@string{bticlr34= "22nd " }
@string{bticlr33= "21st " }
@string{bticlr32= "20th " }
@string{bticlr31= "19th " }
@string{bticlr30= "18th " }
@string{bticlr29= "17th " }
@string{bticlr28= "16th " }
@string{bticlr27= "15th " }
@string{bticlr26= "14th " }
@string{bticlr25= "13th " }
@string{bticlr24= "12th " }
@string{bticlr23= "11th " }
@string{bticlr22= "10th " }
@string{bticlr21= "9th " }
@string{bticlr20= "8th " }
@string{bticlr19= "7th " }
@string{bticlr18= "6th " }
@string{bticlr17= "5th " }
@string{bticlr16= "4th " }
@string{bticlr15= "3rd " }
@string{bticlr14= "2nd " }
@string{bticlr13= "1st " }


Address
@string{bviclr40= "TBD" }
@string{bviclr39= "TBD" }
@string{bviclr38= "TBD" }
@string{bviclr37= "TBD" }
@string{bviclr36= "TBD" }
@string{bviclr35= "TBD" }
@string{bviclr34= "TBD" }
@string{bviclr33= "TBD" }
@string{bviclr32= "TBD" }
@string{bviclr31= "TBD" }
@string{bviclr30= "TBD" }
@string{bviclr29= "TBD" }
@string{bviclr28= "TBD" }
@string{bviclr27= "TBD" }
@string{bviclr26= "TBD" }
@string{bviclr25= "TBD" }
@string{bviclr24= "TBD" }
@string{bviclr23= "TBD" }
@string{bviclr22= "TBD" }
@string{bviclr21= "TBD" }
@string{bviclr20= "TBD" }
@string{bviclr19= "New Orleans, LA" }
@string{bviclr18= "Vancouver, BC" }
@string{bviclr17= "Toulon, France" }
@string{bviclr16= "San Juan, Puerto Rico" }
@string{bviclr15= "San Diego, CA" }
@string{bviclr14= "Banff, AB" }
@string{bviclr13= "Scottsdale, AZ" }

Long Name per Year
@string{bliclr40= bproc #bticlr40 # bficlr#" (" # bsiclr# "'40)" } 
@string{bliclr39= bproc #bticlr39 # bficlr#" (" # bsiclr# "'39)" } 
@string{bliclr38= bproc #bticlr38 # bficlr#" (" # bsiclr# "'38)" } 
@string{bliclr37= bproc #bticlr37 # bficlr#" (" # bsiclr# "'37)" } 
@string{bliclr36= bproc #bticlr36 # bficlr#" (" # bsiclr# "'36)" } 
@string{bliclr35= bproc #bticlr35 # bficlr#" (" # bsiclr# "'35)" } 
@string{bliclr34= bproc #bticlr34 # bficlr#" (" # bsiclr# "'34)" } 
@string{bliclr33= bproc #bticlr33 # bficlr#" (" # bsiclr# "'33)" } 
@string{bliclr32= bproc #bticlr32 # bficlr#" (" # bsiclr# "'32)" } 
@string{bliclr31= bproc #bticlr31 # bficlr#" (" # bsiclr# "'31)" } 
@string{bliclr30= bproc #bticlr30 # bficlr#" (" # bsiclr# "'30)" } 
@string{bliclr29= bproc #bticlr29 # bficlr#" (" # bsiclr# "'29)" } 
@string{bliclr28= bproc #bticlr28 # bficlr#" (" # bsiclr# "'28)" } 
@string{bliclr27= bproc #bticlr27 # bficlr#" (" # bsiclr# "'27)" } 
@string{bliclr26= bproc #bticlr26 # bficlr#" (" # bsiclr# "'26)" } 
@string{bliclr25= bproc #bticlr25 # bficlr#" (" # bsiclr# "'25)" } 
@string{bliclr24= bproc #bticlr24 # bficlr#" (" # bsiclr# "'24)" } 
@string{bliclr23= bproc #bticlr23 # bficlr#" (" # bsiclr# "'23)" } 
@string{bliclr22= bproc #bticlr22 # bficlr#" (" # bsiclr# "'22)" } 
@string{bliclr21= bproc #bticlr21 # bficlr#" (" # bsiclr# "'21)" } 
@string{bliclr20= bproc #bticlr20 # bficlr#" (" # bsiclr# "'20)" } 
@string{bliclr19= bproc #bticlr19 # bficlr#" (" # bsiclr# "'19)" } 
@string{bliclr18= bproc #bticlr18 # bficlr#" (" # bsiclr# "'18)" } 
@string{bliclr17= bproc #bticlr17 # bficlr#" (" # bsiclr# "'17)" } 
@string{bliclr16= bproc #bticlr16 # bficlr#" (" # bsiclr# "'16)" } 
@string{bliclr15= bproc #bticlr15 # bficlr#" (" # bsiclr# "'15)" } 
@string{bliclr14= bproc #bticlr14 # bficlr#" (" # bsiclr# "'14)" } 
@string{bliclr13= bproc #bticlr13 # bficlr#" (" # bsiclr# "'13)" } 



-------------------------------------------------------------------
    WWW
-------------------------------------------------------------------
@string{bfwww= bintl  # bconf #"World Wide Web " }
@string{bswww= "WWW"}
@string{blwww= bproc # bfwww#" (" # bswww# ")" }
@string{bmwww= apr }


Address
@string{bvwww40= "TBD" }
@string{bvwww39= "TBD" }
@string{bvwww38= "TBD" }
@string{bvwww37= "TBD" }
@string{bvwww36= "TBD" }
@string{bvwww35= "TBD" }
@string{bvwww34= "TBD" }
@string{bvwww33= "TBD" }
@string{bvwww32= "TBD" }
@string{bvwww31= "TBD" }
@string{bvwww30= "TBD" }
@string{bvwww29= "TBD" }
@string{bvwww28= "TBD" }
@string{bvwww27= "TBD" }
@string{bvwww26= "TBD" }
@string{bvwww25= "TBD" }
@string{bvwww24= "TBD" }
@string{bvwww23= "TBD" }
@string{bvwww22= "TBD" }
@string{bvwww21= "TBD" }
@string{bvwww20= "TBD" }
@string{bvwww19= "San Francisco, CA" }
@string{bvwww18= "Lyon, France" }
@string{bvwww17= "Perth, Australia" }
@string{bvwww16= "Montreal, QC" }
@string{bvwww15= "Florence, Italy" }
@string{bvwww14= "Seoul, Korea" }
@string{bvwww13= "Rio de Janeiro, Brazil" }
@string{bvwww12= "Lyon, France" }
@string{bvwww11= "Hyderabad, India" }
@string{bvwww10= "Raleigh, NC" }
@string{bvwww09= "Madrid, Spain" }
@string{bvwww08= "Beijing, China" }
@string{bvwww07= "Banff, AB" }
@string{bvwww06= "Edinburgh, UK" }
@string{bvwww05= "Chiba, Japan" }
@string{bvwww04= "Manhattan, NY" }
@string{bvwww03= "Budapest, Hungary" }
@string{bvwww02= "Honolulu, HI" }
@string{bvwww01= "Hong Kong, China" }
@string{bvwww00= "Amsterdam, Netherlands" }
@string{bvwww99= "Toronto, ON" }
@string{bvwww98= "Brisbane, Australia" }
@string{bvwww97= "Santa Clara, CA" }
@string{bvwww96= "Paris, France" }


n-th conf        
@string{btwww40= "49th " }
@string{btwww39= "48th " }
@string{btwww38= "47th " }
@string{btwww37= "46th " }
@string{btwww36= "45th " }
@string{btwww35= "44th " }
@string{btwww34= "43rd " }
@string{btwww33= "42nd " }
@string{btwww32= "41st " }
@string{btwww31= "40th " }
@string{btwww30= "39th " }
@string{btwww29= "38th " }
@string{btwww28= "37th " }
@string{btwww27= "36th " }
@string{btwww26= "35th " }
@string{btwww25= "34th " }
@string{btwww24= "33rd " }
@string{btwww23= "32nd " }
@string{btwww22= "31st " }
@string{btwww21= "30th " }
@string{btwww20= "29th " }
@string{btwww19= "28th " }
@string{btwww18= "27th " }
@string{btwww17= "26th " }
@string{btwww16= "25th " }
@string{btwww15= "24th " }
@string{btwww14= "23rd " }
@string{btwww13= "22nd " }
@string{btwww12= "21st " }
@string{btwww11= "20th " }
@string{btwww10= "19th " }
@string{btwww09= "18th " }
@string{btwww08= "17th " }
@string{btwww07= "16th " }
@string{btwww06= "15th " }
@string{btwww05= "14th " }
@string{btwww04= "13th " }
@string{btwww03= "12th " }
@string{btwww02= "11th " }
@string{btwww01= "10th " }
@string{btwww00= "9th " }
@string{btwww99= "8th " }
@string{btwww98= "7th " }
@string{btwww97= "6th " }
@string{btwww96= "5th " }



Long Name per Year
@string{blwww40 = bproc #btwww40 # bfwww #" (" # bswww# "'40)" } 
@string{blwww39 = bproc #btwww39 # bfwww #" (" # bswww# "'39)" } 
@string{blwww38 = bproc #btwww38 # bfwww #" (" # bswww# "'38)" } 
@string{blwww37 = bproc #btwww37 # bfwww #" (" # bswww# "'37)" } 
@string{blwww36 = bproc #btwww36 # bfwww #" (" # bswww# "'36)" } 
@string{blwww35 = bproc #btwww35 # bfwww #" (" # bswww# "'35)" } 
@string{blwww34 = bproc #btwww34 # bfwww #" (" # bswww# "'34)" } 
@string{blwww33 = bproc #btwww33 # bfwww #" (" # bswww# "'33)" } 
@string{blwww32 = bproc #btwww32 # bfwww #" (" # bswww# "'32)" } 
@string{blwww31 = bproc #btwww31 # bfwww #" (" # bswww# "'31)" } 
@string{blwww30 = bproc #btwww30 # bfwww #" (" # bswww# "'30)" } 
@string{blwww29 = bproc #btwww29 # bfwww #" (" # bswww# "'29)" } 
@string{blwww28 = bproc #btwww28 # bfwww #" (" # bswww# "'28)" } 
@string{blwww27 = bproc #btwww27 # bfwww #" (" # bswww# "'27)" } 
@string{blwww26 = bproc #btwww26 # bfwww #" (" # bswww# "'26)" } 
@string{blwww25 = bproc #btwww25 # bfwww #" (" # bswww# "'25)" } 
@string{blwww24 = bproc #btwww24 # bfwww #" (" # bswww# "'24)" } 
@string{blwww23 = bproc #btwww23 # bfwww #" (" # bswww# "'23)" } 
@string{blwww22 = bproc #btwww22 # bfwww #" (" # bswww# "'22)" } 
@string{blwww21 = bproc #btwww21 # bfwww #" (" # bswww# "'21)" } 
@string{blwww20 = bproc #btwww20 # bfwww #" (" # bswww# "'20)" } 
@string{blwww19 = bproc #btwww19 # bfwww #" (" # bswww# "'19)" } 
@string{blwww18 = bproc #btwww18 # bfwww #" (" # bswww# "'18)" } 
@string{blwww17 = bproc #btwww17 # bfwww #" (" # bswww# "'17)" } 
@string{blwww16 = bproc #btwww16 # bfwww #" (" # bswww# "'16)" }
@string{blwww15 = bproc #btwww15 # bfwww #" (" # bswww# "'15)" }
@string{blwww14 = bproc #btwww14 # bfwww #" (" # bswww# "'14)" }
@string{blwww13 = bproc #btwww13 # bfwww #" (" # bswww# "'13)" }
@string{blwww12 = bproc #btwww12 # bfwww #" (" # bswww# "'12)" }
@string{blwww11 = bproc #btwww11 # bfwww #" (" # bswww# "'11)" }
@string{blwww10 = bproc #btwww10 # bfwww #" (" # bswww# "'10)" }
@string{blwww09 = bproc #btwww09 # bfwww #" (" # bswww# "'09)" }
@string{blwww08 = bproc #btwww08 # bfwww #" (" # bswww# "'08)" }
@string{blwww07 = bproc #btwww07 # bfwww #" (" # bswww# "'07)" }
@string{blwww06 = bproc #btwww06 # bfwww #" (" # bswww# "'06)" }
@string{blwww05 = bproc #btwww05 # bfwww #" (" # bswww# "'05)" }
@string{blwww04 = bproc #btwww04 # bfwww #" (" # bswww# "'04)" }
@string{blwww03 = bproc #btwww03 # bfwww #" (" # bswww# "'03)" }
@string{blwww02 = bproc #btwww02 # bfwww #" (" # bswww# "'02)" }
@string{blwww01 = bproc #btwww01 # bfwww #" (" # bswww# "'01)" }
@string{blwww00 = bproc #btwww00 # bfwww #" (" # bswww# "'00)" }
@string{blwww99 = bproc #btwww99 # bfwww #" (" # bswww# "'99)" }
@string{blwww98 = bproc #btwww98 # bfwww #" (" # bswww# "'98)" }
@string{blwww97 = bproc #btwww97 # bfwww #" (" # bswww# "'97)" }
@string{blwww96 = bproc #btwww96 # bfwww #" (" # bswww# "'96)" }

-------------------------------------------------------------------
    WSDM
-------------------------------------------------------------------

Full Name
@string{bfwsdm= "ACM "# bintl #bconf #"Web Search and Data Mining"}

Short Name
@string{bswsdm= "WSDM"}

Long Name
@string{blwsdm= bproc # bfwsdm#" (" # bswsdm# ")" }

Month
@string{bmwsdm= feb }

Address
@string{bvwsdm40= "TBD" }
@string{bvwsdm39= "TBD" }
@string{bvwsdm38= "TBD" }
@string{bvwsdm37= "TBD" }
@string{bvwsdm36= "TBD" }
@string{bvwsdm35= "TBD" }
@string{bvwsdm34= "TBD" }
@string{bvwsdm33= "TBD" }
@string{bvwsdm32= "TBD" }
@string{bvwsdm31= "TBD" }
@string{bvwsdm30= "TBD" }
@string{bvwsdm29= "TBD" }
@string{bvwsdm28= "TBD" }
@string{bvwsdm27= "TBD" }
@string{bvwsdm26= "TBD" }
@string{bvwsdm25= "TBD" }
@string{bvwsdm24= "TBD" }
@string{bvwsdm23= "TBD" }
@string{bvwsdm22= "TBD" }
@string{bvwsdm21= "TBD" }
@string{bvwsdm20= "Houston, TX" }
@string{bvwsdm19= "Melbourne, Australia" }
@string{bvwsdm18= "Marina Del Rey, CA" }
@string{bvwsdm17= "Cambridge, UK" }
@string{bvwsdm16= "San Francisco, CA" }
@string{bvwsdm15= "Shanghai, China" }
@string{bvwsdm14= "New York, NY" }
@string{bvwsdm13= "Rome, Italy" }
@string{bvwsdm12= "Seattle, WA" }
@string{bvwsdm11= "Hong Kong, China" }
@string{bvwsdm10= "New York, NY" }
@string{bvwsdm09= "Barcelona, Spain" }
@string{bvwsdm08= "Stanford, CA" }

n-th conf
@string{btwsdm40= "33rd " }
@string{btwsdm39= "32nd " }
@string{btwsdm38= "31st " }
@string{btwsdm37= "30th " }
@string{btwsdm36= "29th " }
@string{btwsdm35= "28th " }
@string{btwsdm34= "27th " }
@string{btwsdm33= "26th " }
@string{btwsdm32= "25th " }
@string{btwsdm31= "24th " }
@string{btwsdm30= "23rd " }
@string{btwsdm29= "22nd " }
@string{btwsdm28= "21st " }
@string{btwsdm27= "20th " }
@string{btwsdm26= "19th " }
@string{btwsdm25= "18th " }
@string{btwsdm24= "17th " }
@string{btwsdm23= "16th " }
@string{btwsdm22= "15th " }
@string{btwsdm21= "14th " }
@string{btwsdm20= "13th " }
@string{btwsdm19= "12th " }
@string{btwsdm18= "11th " }
@string{btwsdm17= "10th " }
@string{btwsdm16= "9th " }
@string{btwsdm15= "8th " }
@string{btwsdm14= "7th " }
@string{btwsdm13= "6th " }
@string{btwsdm12= "5th " }
@string{btwsdm11= "4th " }
@string{btwsdm10= "3rd " }
@string{btwsdm09= "2nd " }
@string{btwsdm08= "1st " }

Long Name per Year
@string{blwsdm40 = bproc #btwsdm40 # bfwsdm #" (" # bswsdm# "'40)" } 
@string{blwsdm39 = bproc #btwsdm39 # bfwsdm #" (" # bswsdm# "'39)" } 
@string{blwsdm38 = bproc #btwsdm38 # bfwsdm #" (" # bswsdm# "'38)" } 
@string{blwsdm37 = bproc #btwsdm37 # bfwsdm #" (" # bswsdm# "'37)" } 
@string{blwsdm36 = bproc #btwsdm36 # bfwsdm #" (" # bswsdm# "'36)" } 
@string{blwsdm35 = bproc #btwsdm35 # bfwsdm #" (" # bswsdm# "'35)" } 
@string{blwsdm34 = bproc #btwsdm34 # bfwsdm #" (" # bswsdm# "'34)" } 
@string{blwsdm33 = bproc #btwsdm33 # bfwsdm #" (" # bswsdm# "'33)" } 
@string{blwsdm32 = bproc #btwsdm32 # bfwsdm #" (" # bswsdm# "'32)" } 
@string{blwsdm31 = bproc #btwsdm31 # bfwsdm #" (" # bswsdm# "'31)" } 
@string{blwsdm30 = bproc #btwsdm30 # bfwsdm #" (" # bswsdm# "'30)" } 
@string{blwsdm29 = bproc #btwsdm29 # bfwsdm #" (" # bswsdm# "'29)" } 
@string{blwsdm28 = bproc #btwsdm28 # bfwsdm #" (" # bswsdm# "'28)" } 
@string{blwsdm27 = bproc #btwsdm27 # bfwsdm #" (" # bswsdm# "'27)" } 
@string{blwsdm26 = bproc #btwsdm26 # bfwsdm #" (" # bswsdm# "'26)" } 
@string{blwsdm25 = bproc #btwsdm25 # bfwsdm #" (" # bswsdm# "'25)" } 
@string{blwsdm24 = bproc #btwsdm24 # bfwsdm #" (" # bswsdm# "'24)" } 
@string{blwsdm23 = bproc #btwsdm23 # bfwsdm #" (" # bswsdm# "'23)" } 
@string{blwsdm22 = bproc #btwsdm22 # bfwsdm #" (" # bswsdm# "'22)" } 
@string{blwsdm21 = bproc #btwsdm21 # bfwsdm #" (" # bswsdm# "'21)" } 
@string{blwsdm20 = bproc #btwsdm20 # bfwsdm #" (" # bswsdm# "'20)" } 
@string{blwsdm19 = bproc #btwsdm19 # bfwsdm #" (" # bswsdm# "'19)" } 
@string{blwsdm18 = bproc #btwsdm18 # bfwsdm #" (" # bswsdm# "'18)" } 
@string{blwsdm17 = bproc #btwsdm17 # bfwsdm #" (" # bswsdm# "'17)" } 
@string{blwsdm16 = bproc #btwsdm16 # bfwsdm #" (" # bswsdm # "'16)" }
@string{blwsdm15 = bproc #btwsdm15 # bfwsdm #" (" # bswsdm # "'15)" }
@string{blwsdm14 = bproc #btwsdm14 # bfwsdm #" (" # bswsdm # "'14)" }
@string{blwsdm13 = bproc #btwsdm13 # bfwsdm #" (" # bswsdm # "'13)" }
@string{blwsdm12 = bproc #btwsdm12 # bfwsdm #" (" # bswsdm # "'12)" }
@string{blwsdm11 = bproc #btwsdm11 # bfwsdm #" (" # bswsdm # "'11)" }
@string{blwsdm10 = bproc #btwsdm10 # bfwsdm #" (" # bswsdm # "'10)" }
@string{blwsdm09 = bproc #btwsdm09 # bfwsdm #" (" # bswsdm # "'09)" }
@string{blwsdm08 = bproc #btwsdm08 # bfwsdm #" (" # bswsdm # "'08)" }

-------------------------------------------------------------------
    IJCAI https://dblp.uni-trier.de/db/conf/ijcai/
-------------------------------------------------------------------

Full Name
@string{bfijcai= bintl #bconf #"Artificial Intelligence"}

Short Name
@string{bsijcai= "IJCAI"}

Long Name
@string{blijcai= bproc # bfijcai#" (" # bsijcai# ")" }

Month
@string{bmijcai= jul }


Address
@string{bvijcai40= "TBD" }
@string{bvijcai39= "TBD" }
@string{bvijcai38= "TBD" }
@string{bvijcai37= "TBD" }
@string{bvijcai36= "TBD" }
@string{bvijcai35= "TBD" }
@string{bvijcai34= "TBD" }
@string{bvijcai33= "TBD" }
@string{bvijcai32= "TBD" }
@string{bvijcai31= "TBD" }
@string{bvijcai30= "TBD" }
@string{bvijcai29= "TBD" }
@string{bvijcai28= "TBD" }
@string{bvijcai27= "TBD" }
@string{bvijcai26= "TBD" }
@string{bvijcai25= "TBD" }
@string{bvijcai24= "TBD" }
@string{bvijcai23= "TBD" }
@string{bvijcai22= "TBD" }
@string{bvijcai21= "TBD" }
@string{bvijcai20= "TBD" }
@string{bvijcai19= "Macao, China" }
@string{bvijcai18= "Stockholm, Sweden" }
@string{bvijcai17= "Melbourne, Australia" }
@string{bvijcai16= "New York, NY" }
@string{bvijcai15= "Buenos Aires, Argentina" }
@string{bvijcai13= "Beijing, China" }
@string{bvijcai11= "Barcelona, Catalonia, Spain" }
@string{bvijcai09= "Pasadena, CA" }
@string{bvijcai07= "Hyderabad, India" }
@string{bvijcai05= "Edinburgh, UK" }
@string{bvijcai03= "Acapulco, Mexico" }
@string{bvijcai01= "Seattle, WA" }


n-th conf        
@string{btijcai40= "49th " }
@string{btijcai39= "48th " }
@string{btijcai38= "47th " }
@string{btijcai37= "46th " }
@string{btijcai36= "45th " }
@string{btijcai35= "44th " }
@string{btijcai34= "43rd " }
@string{btijcai33= "42nd " }
@string{btijcai32= "41st " }
@string{btijcai31= "40th " }
@string{btijcai30= "39th " }
@string{btijcai29= "38th " }
@string{btijcai28= "37th " }
@string{btijcai27= "36th " }
@string{btijcai26= "35th " }
@string{btijcai25= "34th " }
@string{btijcai24= "33rd " }
@string{btijcai23= "32nd " }
@string{btijcai22= "31st " }
@string{btijcai21= "30th " }
@string{btijcai20= "29th " }
@string{btijcai19= "28th " }
@string{btijcai18= "27th " }
@string{btijcai17= "26th " }
@string{btijcai16= "25th " }
@string{btijcai15= "24th " }
@string{btijcai13= "23rd " }
@string{btijcai11= "22nd " }
@string{btijcai09= "21st " }
@string{btijcai07= "20th " }
@string{btijcai05= "19th " }
@string{btijcai03= "18th " }
@string{btijcai01= "17th " }



Long Name per Year
@string{blijcai40 = bproc #btijcai40 # bfijcai #" (" # bsijcai# "'40)" } 
@string{blijcai39 = bproc #btijcai39 # bfijcai #" (" # bsijcai# "'39)" } 
@string{blijcai38 = bproc #btijcai38 # bfijcai #" (" # bsijcai# "'38)" } 
@string{blijcai37 = bproc #btijcai37 # bfijcai #" (" # bsijcai# "'37)" } 
@string{blijcai36 = bproc #btijcai36 # bfijcai #" (" # bsijcai# "'36)" } 
@string{blijcai35 = bproc #btijcai35 # bfijcai #" (" # bsijcai# "'35)" } 
@string{blijcai34 = bproc #btijcai34 # bfijcai #" (" # bsijcai# "'34)" } 
@string{blijcai33 = bproc #btijcai33 # bfijcai #" (" # bsijcai# "'33)" } 
@string{blijcai32 = bproc #btijcai32 # bfijcai #" (" # bsijcai# "'32)" } 
@string{blijcai31 = bproc #btijcai31 # bfijcai #" (" # bsijcai# "'31)" } 
@string{blijcai30 = bproc #btijcai30 # bfijcai #" (" # bsijcai# "'30)" } 
@string{blijcai29 = bproc #btijcai29 # bfijcai #" (" # bsijcai# "'29)" } 
@string{blijcai28 = bproc #btijcai28 # bfijcai #" (" # bsijcai# "'28)" } 
@string{blijcai27 = bproc #btijcai27 # bfijcai #" (" # bsijcai# "'27)" } 
@string{blijcai26 = bproc #btijcai26 # bfijcai #" (" # bsijcai# "'26)" } 
@string{blijcai25 = bproc #btijcai25 # bfijcai #" (" # bsijcai# "'25)" } 
@string{blijcai24 = bproc #btijcai24 # bfijcai #" (" # bsijcai# "'24)" } 
@string{blijcai23 = bproc #btijcai23 # bfijcai #" (" # bsijcai# "'23)" } 
@string{blijcai22 = bproc #btijcai22 # bfijcai #" (" # bsijcai# "'22)" } 
@string{blijcai21 = bproc #btijcai21 # bfijcai #" (" # bsijcai# "'21)" } 
@string{blijcai20 = bproc #btijcai20 # bfijcai #" (" # bsijcai# "'20)" } 
@string{blijcai19 = bproc #btijcai19 # bfijcai #" (" # bsijcai# "'19)" } 
@string{blijcai18 = bproc #btijcai18 # bfijcai #" (" # bsijcai# "'18)" } 
@string{blijcai17 = bproc #btijcai17 # bfijcai #" (" # bsijcai# "'17)" } 
@string{blijcai16 = bproc #btijcai16 # bfijcai #" (" # bsijcai# "'16)" }
@string{blijcai15 = bproc #btijcai15 # bfijcai #" (" # bsijcai# "'15)" }
@string{blijcai13 = bproc #btijcai13 # bfijcai #" (" # bsijcai# "'13)" }
@string{blijcai11 = bproc #btijcai11 # bfijcai #" (" # bsijcai# "'11)" }
@string{blijcai09 = bproc #btijcai09 # bfijcai #" (" # bsijcai# "'09)" }
@string{blijcai07 = bproc #btijcai07 # bfijcai #" (" # bsijcai# "'07)" }
@string{blijcai05 = bproc #btijcai05 # bfijcai #" (" # bsijcai# "'05)" }
@string{blijcai03 = bproc #btijcai03 # bfijcai #" (" # bsijcai# "'03)" }
@string{blijcai01 = bproc #btijcai01 # bfijcai #" (" # bsijcai# "'01)" }


-------------------------------------------------------------------
    CVPR
@string{bfcvpr= "IEEE "#bconf# "Computer Vision and Pattern Recognition"  }
@string{bscvpr= "CVPR"}
@string{bmcvpr= jun}

Address
@string{bvcvpr40="TBD"} 
@string{bvcvpr39="TBD"} 
@string{bvcvpr38="TBD"} 
@string{bvcvpr37="TBD"} 
@string{bvcvpr36="TBD"} 
@string{bvcvpr35="TBD"} 
@string{bvcvpr34="TBD"} 
@string{bvcvpr33="TBD"} 
@string{bvcvpr32="TBD"} 
@string{bvcvpr31="TBD"} 
@string{bvcvpr30="TBD"} 
@string{bvcvpr29="TBD"} 
@string{bvcvpr28="TBD"} 
@string{bvcvpr27="TBD"} 
@string{bvcvpr26="TBD"} 
@string{bvcvpr25="TBD"} 
@string{bvcvpr24="TBD"} 
@string{bvcvpr23="TBD"} 
@string{bvcvpr22="TBD"} 
@string{bvcvpr21="TBD"} 
@string{bvcvpr20="TBD"} 
@string{bvcvpr19= "Long Beach, CA" }
@string{bvcvpr18= "Salt Lake City, UT" }
@string{bvcvpr17= "Honolulu, HI" }
@string{bvcvpr16= "Las Vegas, NV" }
@string{bvcvpr15= "Boston, MA" }
@string{bvcvpr14= "Columbus, OH" }
@string{bvcvpr13= "Portland, OR" }
@string{bvcvpr12= "Providence, RI" }
@string{bvcvpr11= "Colorado Springs, CO" }
@string{bvcvpr10= "San Francisco, CA" }
@string{bvcvpr09= "Miami, FL" }
@string{bvcvpr08= "Anchorage, AK" }
@string{bvcvpr07= "Minneapolis, MN" }
@string{bvcvpr06= "New York, NY" }
@string{bvcvpr05= "San Diego, CA" }
@string{bvcvpr04= "Washington, DC" }
@string{bvcvpr03= "Madison, WI" }
@string{bvcvpr02= "Kauai, HI" }
@string{bvcvpr01= "Hilton Head, SC" }


Long Name per Year
@string{blcvpr40 = bproc #" 2040 " # bfcvpr #" (" # bscvpr# "'40)" } 
@string{blcvpr39 = bproc #" 2039 " # bfcvpr #" (" # bscvpr# "'39)" } 
@string{blcvpr38 = bproc #" 2038 " # bfcvpr #" (" # bscvpr# "'38)" } 
@string{blcvpr37 = bproc #" 2037 " # bfcvpr #" (" # bscvpr# "'37)" } 
@string{blcvpr36 = bproc #" 2036 " # bfcvpr #" (" # bscvpr# "'36)" } 
@string{blcvpr35 = bproc #" 2035 " # bfcvpr #" (" # bscvpr# "'35)" } 
@string{blcvpr34 = bproc #" 2034 " # bfcvpr #" (" # bscvpr# "'34)" } 
@string{blcvpr33 = bproc #" 2033 " # bfcvpr #" (" # bscvpr# "'33)" } 
@string{blcvpr32 = bproc #" 2032 " # bfcvpr #" (" # bscvpr# "'32)" } 
@string{blcvpr31 = bproc #" 2031 " # bfcvpr #" (" # bscvpr# "'31)" } 
@string{blcvpr30 = bproc #" 2030 " # bfcvpr #" (" # bscvpr# "'30)" } 
@string{blcvpr29 = bproc #" 2029 " # bfcvpr #" (" # bscvpr# "'29)" } 
@string{blcvpr28 = bproc #" 2028 " # bfcvpr #" (" # bscvpr# "'28)" } 
@string{blcvpr27 = bproc #" 2027 " # bfcvpr #" (" # bscvpr# "'27)" } 
@string{blcvpr26 = bproc #" 2026 " # bfcvpr #" (" # bscvpr# "'26)" } 
@string{blcvpr25 = bproc #" 2025 " # bfcvpr #" (" # bscvpr# "'25)" } 
@string{blcvpr24 = bproc #" 2024 " # bfcvpr #" (" # bscvpr# "'24)" } 
@string{blcvpr23 = bproc #" 2023 " # bfcvpr #" (" # bscvpr# "'23)" } 
@string{blcvpr22 = bproc #" 2022 " # bfcvpr #" (" # bscvpr# "'22)" } 
@string{blcvpr21 = bproc #" 2021 " # bfcvpr #" (" # bscvpr# "'21)" } 
@string{blcvpr20 = bproc #" 2020 " # bfcvpr #" (" # bscvpr# "'20)" } 
@string{blcvpr19 = bproc #" 2019 " # bfcvpr #" (" # bscvpr# "'19)" } 
@string{blcvpr18 = bproc #" 2018 " # bfcvpr #" (" # bscvpr# "'18)" } 
@string{blcvpr17 = bproc #" 2017 " # bfcvpr #" (" # bscvpr# "'17)" } 
@string{blcvpr16 = bproc #" 2016 " # bfcvpr #" (" # bscvpr# "'16)" }
@string{blcvpr15 = bproc #" 2015 " # bfcvpr #" (" # bscvpr# "'15)" }
@string{blcvpr14 = bproc #" 2014 " # bfcvpr #" (" # bscvpr# "'14)" }
@string{blcvpr13 = bproc #" 2013 " # bfcvpr #" (" # bscvpr# "'13)" }
@string{blcvpr12 = bproc #" 2012 " # bfcvpr #" (" # bscvpr# "'12)" }
@string{blcvpr11 = bproc #" 2011 " # bfcvpr #" (" # bscvpr# "'11)" }
@string{blcvpr10 = bproc #" 2010 " # bfcvpr #" (" # bscvpr# "'10)" }
@string{blcvpr09 = bproc #" 2009 " # bfcvpr #" (" # bscvpr# "'09)" }
@string{blcvpr08 = bproc #" 2008 " # bfcvpr #" (" # bscvpr# "'08)" }
@string{blcvpr07 = bproc #" 2007 " # bfcvpr #" (" # bscvpr# "'07)" }
@string{blcvpr06 = bproc #" 2006 " # bfcvpr #" (" # bscvpr# "'06)" }
@string{blcvpr05 = bproc #" 2005 " # bfcvpr #" (" # bscvpr# "'05)" }
@string{blcvpr04 = bproc #" 2004 " # bfcvpr #" (" # bscvpr# "'04)" }
@string{blcvpr03 = bproc #" 2003 " # bfcvpr #" (" # bscvpr# "'03)" }
@string{blcvpr02 = bproc #" 2002 " # bfcvpr #" (" # bscvpr# "'02)" }
@string{blcvpr01 = bproc #" 2001 " # bfcvpr #" (" # bscvpr# "'01)" }


-------------------------------------------------------------------
    ECMLPKDD
@string{bfecml="European " #bconf # "Machine Learning and Principles and Practice of Knowledge Discovery in Databases"}
@string{bsecml= "ECMLPKDD"}
@string{blecml= bproc # bfecml #" (" # bsecml# ")" }
@string{bmecml= sep }
@string{bvecml11= "Athens, Greece" }


-------------------------------------------------------------------
    EDBT
@string{bfedbt= bintl #bconf #"Extending Database Technology"}
@string{bsedbt= "EDBT"}
@string{bledbt= bproc # bfedbt #" (" # bsedbt# ")" }
@string{bmedbt= mar }

@string{bvedbt12= "Berlin, Germany" }
@string{bvedbt11= "Uppsala, Sweden" }
@string{bvedbt10= "Lausanne, Switzerland" }
@string{bvedbt09= "Saint-Petersburg, Russia" }

@string{btedbt12= "15th " }
@string{btedbt11= "14th " }
@string{btedbt10= "13th " }
@string{btedbt09= "12th " }

@string{bledbt12 = bproc #btedbt12 # bfedbt #" (" # bsedbt#"'12" # ")" }
@string{bledbt11 = bproc #btedbt11 # bfedbt #" (" # bsedbt#"'11" # ")" }
@string{bledbt10 = bproc #btedbt10 # bfedbt #" (" # bsedbt#"'10" # ")" }
@string{bledbt09 = bproc #btedbt09 # bfedbt #" (" # bsedbt#"'09" # ")" }

-------------------------------------------------------------------
    MMM
@string{bfmmm= bintl #bconf #"MultiMedia Modeling"  }
@string{bsmmm= "MMM"}
@string{blmmm= bproc # bfmmm#" (" # bsmmm# ")" }
@string{bmmmm= jan }
@string{bvmmm14= "Dublin, Ireland" }

-------------------------------------------------------------------
    SSDBM
@string{bfssdbm= bintl #bconf #"Scientific and Statistical Database Management"  }
@string{bsssdbm= "SSDBM"}
@string{blssdbm= bproc # bfssdbm#" (" # bsssdbm# ")" }
@string{bmssdbm= jul }
@string{bvssdbm16= "Budapest, Hungary" }

-------------------------------------------------------------------
    ASONAM
@string{bfasonam= "IEEE/ACM " # bintl #bconf #"Advances in Social Networks Analysis and Mining"  }
@string{bsasonam= "ASONAM"}
@string{blasonam= bproc # bfasonam#" (" # bsasonam# ")" }
@string{bmasonam= aug }

@string{bvasonam16= "San Francisco, CA" }
@string{bvasonam15= "Paris, France" }
@string{bvasonam14= "Beijing, China" }
@string{bvasonam13= "Niagara, ON" }
@string{bvasonam12= "Istanbul, Turkey" }
@string{bvasonam11= "Kaohsiung, Taiwan" }
@string{bvasonam10= "Odense, Denmark" }
@string{bvasonam09= "Athens, Greece" }

@string{btasonam16= "8th " }
@string{btasonam15= "7th " }
@string{btasonam14= "6th " }
@string{btasonam13= "5th " }
@string{btasonam12= "4th " }
@string{btasonam11= "3rd " }
@string{btasonam10= "2nd " }
@string{btasonam09= "1st " }

@string{blasonam16 = bproc #btasonam16 # bfasonam #" (" # bsasonam#"'16" # ")" }
@string{blasonam15 = bproc #btasonam15 # bfasonam #" (" # bsasonam#"'15" # ")" }
@string{blasonam14 = bproc #btasonam14 # bfasonam #" (" # bsasonam#"'14" # ")" }
@string{blasonam13 = bproc #btasonam13 # bfasonam #" (" # bsasonam#"'13" # ")" }
@string{blasonam12 = bproc #btasonam12 # bfasonam #" (" # bsasonam#"'12" # ")" }
@string{blasonam11 = bproc #btasonam11 # bfasonam #" (" # bsasonam#"'11" # ")" }
@string{blasonam10 = bproc #btasonam10 # bfasonam #" (" # bsasonam#"'10" # ")" }
@string{blasonam09 = bproc #btasonam09 # bfasonam #" (" # bsasonam#"'09" # ")" }





-------------------------------------------------------------------
    UAI
@string{bfuai= bconf# "Uncertainty in Artificial Intelligence"  }
@string{bsuai= "UAI"}
@string{bluai= bproc # bfuai#" (" # bsuai# ")" }
@string{bmuai= jun}

@string{btuai16= "32nd " }
@string{btuai15= "31st " }
@string{btuai14= "30th " }
@string{btuai13= "29th " }
@string{btuai12= "28th " }
@string{btuai11= "27th " }
@string{btuai10= "26th " }
@string{btuai09= "25th " }
@string{btuai08= "24th " }
@string{btuai07= "23rd " }
@string{btuai06= "22nd " }
@string{btuai05= "21st " }
@string{btuai04= "20th " }
@string{btuai03= "19th " }
@string{btuai02= "18th " }
@string{btuai01= "17th " }
@string{btuai00= "16th " }
@string{btuai99= "15th " }
@string{btuai98= "14th " }
@string{btuai97= "13th " }
@string{btuai96= "12th " }
@string{btuai95= "11th " }
@string{btuai94= "10th " }
@string{btuai93= "9th " }
@string{btuai92= "8th " }
@string{btuai91= "7th " }
@string{btuai90= "6th " }
@string{btuai89= "5th " }
@string{btuai88= "4th " }
@string{btuai87= "3rd " }
@string{btuai86= "2nd " }
@string{btuai85= "1st " }

@string{bluai16= bproc #btuai16 # bfuai#" (" # bsuai# "'16)" }
@string{bluai15= bproc #btuai15 # bfuai#" (" # bsuai# "'15)" }
@string{bluai14= bproc #btuai14 # bfuai#" (" # bsuai# "'14)" }
@string{bluai13= bproc #btuai13 # bfuai#" (" # bsuai# "'13)" }
@string{bluai12= bproc #btuai12 # bfuai#" (" # bsuai# "'12)" }
@string{bluai11= bproc #btuai11 # bfuai#" (" # bsuai# "'11)" }
@string{bluai10= bproc #btuai10 # bfuai#" (" # bsuai# "'10)" }
@string{bluai09= bproc #btuai09 # bfuai#" (" # bsuai# "'09)" }
@string{bluai08= bproc #btuai08 # bfuai#" (" # bsuai# "'08)" }
@string{bluai07= bproc #btuai07 # bfuai#" (" # bsuai# "'07)" }
@string{bluai06= bproc #btuai06 # bfuai#" (" # bsuai# "'06)" }
@string{bluai05= bproc #btuai05 # bfuai#" (" # bsuai# "'05)" }
@string{bluai04= bproc #btuai04 # bfuai#" (" # bsuai# "'04)" }
@string{bluai03= bproc #btuai03 # bfuai#" (" # bsuai# "'03)" }
@string{bluai02= bproc #btuai02 # bfuai#" (" # bsuai# "'02)" }
@string{bluai01= bproc #btuai01 # bfuai#" (" # bsuai# "'01)" }
@string{bluai00= bproc #btuai00 # bfuai#" (" # bsuai# "'00)" }
@string{bluai99= bproc #btuai99 # bfuai#" (" # bsuai# "'99)" }
@string{bluai98= bproc #btuai98 # bfuai#" (" # bsuai# "'98)" }
@string{bluai97= bproc #btuai97 # bfuai#" (" # bsuai# "'97)" }
@string{bluai96= bproc #btuai96 # bfuai#" (" # bsuai# "'96)" }
@string{bluai95= bproc #btuai95 # bfuai#" (" # bsuai# "'95)" }
@string{bluai94= bproc #btuai94 # bfuai#" (" # bsuai# "'94)" }
@string{bluai93= bproc #btuai93 # bfuai#" (" # bsuai# "'93)" }
@string{bluai92= bproc #btuai92 # bfuai#" (" # bsuai# "'92)" }
@string{bluai91= bproc #btuai91 # bfuai#" (" # bsuai# "'91)" }
@string{bluai90= bproc #btuai90 # bfuai#" (" # bsuai# "'90)" }
@string{bluai89= bproc #btuai89 # bfuai#" (" # bsuai# "'89)" }
@string{bluai88= bproc #btuai88 # bfuai#" (" # bsuai# "'88)" }
@string{bluai87= bproc #btuai87 # bfuai#" (" # bsuai# "'87)" }
@string{bluai86= bproc #btuai86 # bfuai#" (" # bsuai# "'86)" }
@string{bluai85= bproc #btuai85 # bfuai#" (" # bsuai# "'85)" }





-------------------------------------------------------------------
    SIGMOD
@string{bfsigmod= "ACM SIGMOD "#bintl#bconf# "Management of Data"  }
@string{bssigmod= "SIGMOD"}
@string{blsigmod= bproc # bfsigmod#" (" # bssigmod# ")" }
@string{bmsigmod= jun}


@string{bvsigmod16= "San Francisco, CA" }
@string{bvsigmod15= "Melbourne, Australia" }
@string{bvsigmod14= "Snowbird, UT" }
@string{bvsigmod13= "New York, NY" }
@string{bvsigmod12= "Scottsdale, AZ" }
@string{bvsigmod11= "Athens, Greece" }
@string{bvsigmod10= "Indianapolis, IN" }
@string{bvsigmod09= "Providence, RI" }
@string{bvsigmod08= "Vancouver, BC" }
@string{bvsigmod07= "Beijing, China" }
@string{bvsigmod06= "Chicago, IL" }
@string{bvsigmod05= "Baltimore, MA" }
@string{bvsigmod04= "Paris, France" }
@string{bvsigmod03= "San Diego, CA" }
@string{bvsigmod02= "Madison, WI" }
@string{bvsigmod01= "Santa Barbara, CA" }
@string{bvsigmod00= "Dallas, TX" }
@string{bvsigmod99= "Philadelphia, PA" }
@string{bvsigmod98= "Seattle, WA" }
@string{bvsigmod97= "Tucson, AZ" }
@string{bvsigmod96= "Montreal, QC" }
@string{bvsigmod95= "San Jose, CA" }
@string{bvsigmod94= "Minneapolis, MN" }
@string{bvsigmod93= "Washington, DC" }
@string{bvsigmod92= "San Diego, CA" }
@string{bvsigmod91= "Denver, CO" }
@string{bvsigmod90= "Atlantic City, NJ" }
@string{bvsigmod89= "Portland, OR" }
@string{bvsigmod88= "Chicago, IL" }
@string{bvsigmod87= "San Francisco, CA" }
@string{bvsigmod86= "Washington, DC" }
@string{bvsigmod85= "Austin, TX" }
@string{bvsigmod84= "Boston, MA" }




@string{blsigmod16= bproc #"2016 " # bfsigmod#" (" # bssigmod# "'16)" }
@string{blsigmod15= bproc #"2015 " # bfsigmod#" (" # bssigmod# "'15)" }
@string{blsigmod14= bproc #"2014 " # bfsigmod#" (" # bssigmod# "'14)" }
@string{blsigmod13= bproc #"2013 " # bfsigmod#" (" # bssigmod# "'13)" }
@string{blsigmod12= bproc #"2012 " # bfsigmod#" (" # bssigmod# "'12)" }
@string{blsigmod11= bproc #"2011 " # bfsigmod#" (" # bssigmod# "'11)" }
@string{blsigmod10= bproc #"2010 " # bfsigmod#" (" # bssigmod# "'10)" }
@string{blsigmod09= bproc #"2009 " # bfsigmod#" (" # bssigmod# "'09)" }
@string{blsigmod08= bproc #"2008 " # bfsigmod#" (" # bssigmod# "'08)" }
@string{blsigmod07= bproc #"2007 " # bfsigmod#" (" # bssigmod# "'07)" }
@string{blsigmod06= bproc #"2006 " # bfsigmod#" (" # bssigmod# "'06)" }
@string{blsigmod05= bproc #"2005 " # bfsigmod#" (" # bssigmod# "'05)" }
@string{blsigmod04= bproc #"2004 " # bfsigmod#" (" # bssigmod# "'04)" }
@string{blsigmod03= bproc #"2003 " # bfsigmod#" (" # bssigmod# "'03)" }
@string{blsigmod02= bproc #"2002 " # bfsigmod#" (" # bssigmod# "'02)" }
@string{blsigmod01= bproc #"2001 " # bfsigmod#" (" # bssigmod# "'01)" }
@string{blsigmod00= bproc #"2000 " # bfsigmod#" (" # bssigmod# "'00)" }
@string{blsigmod99= bproc #"1999 " # bfsigmod#" (" # bssigmod# "'99)" }
@string{blsigmod98= bproc #"1998 " # bfsigmod#" (" # bssigmod# "'98)" }
@string{blsigmod97= bproc #"1997 " # bfsigmod#" (" # bssigmod# "'97)" }
@string{blsigmod96= bproc #"1996 " # bfsigmod#" (" # bssigmod# "'96)" }
@string{blsigmod95= bproc #"1995 " # bfsigmod#" (" # bssigmod# "'95)" }
@string{blsigmod94= bproc #"1994 " # bfsigmod#" (" # bssigmod# "'94)" }
@string{blsigmod93= bproc #"1993 " # bfsigmod#" (" # bssigmod# "'93)" }
@string{blsigmod92= bproc #"1992 " # bfsigmod#" (" # bssigmod# "'92)" }
@string{blsigmod91= bproc #"1991 " # bfsigmod#" (" # bssigmod# "'91)" }
@string{blsigmod90= bproc #"1990 " # bfsigmod#" (" # bssigmod# "'90)" }
@string{blsigmod89= bproc #"1989 " # bfsigmod#" (" # bssigmod# "'89)" }
@string{blsigmod88= bproc #"1988 " # bfsigmod#" (" # bssigmod# "'88)" }
@string{blsigmod87= bproc #"1987 " # bfsigmod#" (" # bssigmod# "'87)" }
@string{blsigmod86= bproc #"1986 " # bfsigmod#" (" # bssigmod# "'86)" }
@string{blsigmod85= bproc #"1985 " # bfsigmod#" (" # bssigmod# "'85)" }
@string{blsigmod84= bproc #"1984 " # bfsigmod#" (" # bssigmod# "'84)" }







-------------------------------------------------------------------
    VLDB

@string{bfvldb= bintl#bconf# "Very Large Databases" }
@string{bsvldb= "VLDB" }
@string{blvldb= bproc # bfvldb#" (" # bsvldb# ")" }
@string{bmvldb= aug}

@string{btvldb16= "42nd " }
@string{btvldb15= "41st " }
@string{btvldb14= "40th " }
@string{btvldb13= "39th " }
@string{btvldb12= "38th " }
@string{btvldb11= "37th " }
@string{btvldb10= "36th " }
@string{btvldb09= "35th " }
@string{btvldb08= "34th " }
@string{btvldb07= "33rd " }
@string{btvldb06= "32nd " }
@string{btvldb05= "31st " }
@string{btvldb04= "30th " }
@string{btvldb03= "29th " }
@string{btvldb02= "28th " }
@string{btvldb01= "27th " }
@string{btvldb00= "26th " }
@string{btvldb99= "25th " }
@string{btvldb98= "24th " }
@string{btvldb97= "23rd " }
@string{btvldb96= "22nd " }
@string{btvldb95= "21st " }
@string{btvldb94= "20th " }
@string{btvldb93= "19th " }
@string{btvldb92= "18th " }
@string{btvldb91= "17th " }
@string{btvldb90= "16th " }
@string{btvldb89= "15th " }
@string{btvldb88= "14th " }
@string{btvldb87= "13th " }
@string{btvldb86= "12th " }
@string{btvldb85= "11th " }
@string{btvldb84= "10th " }
@string{btvldb83= "9th " }
@string{btvldb82= "8th " }
@string{btvldb81= "7th " }
@string{btvldb80= "6th " }
@string{btvldb79= "5th " }
@string{btvldb78= "4th " }
@string{btvldb77= "3rd " }
@string{btvldb76= "2nd " }
@string{btvldb75= "1st " }

@string{bvvldb16= "New Delhi, India" }
@string{bvvldb15= "Kohala Coast, HI" }
@string{bvvldb14= "Hangzhou, China" }
@string{bvvldb13= "Riva del Garda, Italy" }
@string{bvvldb12= "Istanbul, Turkey" }
@string{bvvldb11= "Seattle, WA" }
@string{bvvldb10= "Singapore" }
@string{bvvldb09= "Lyon, France" }
@string{bvvldb08= "Auckland, New Zealand" }
@string{bvvldb07= "Vienna, Austria" }
@string{bvvldb06= "Seoul, Korea" }
@string{bvvldb05= "Trondheim, Norway" }
@string{bvvldb04= "Toronto, ON" }
@string{bvvldb03= "Berlin, Germany" }
@string{bvvldb02= "Hong Kong, China" }
@string{bvvldb01= "Roma, Italy" }
@string{bvvldb00= "Cairo, Egypt" }
@string{bvvldb99= "Edinburgh, Scotland" }
@string{bvvldb98= "New York, NY" }
@string{bvvldb97= "Athens, Greece" }
@string{bvvldb96= "Bombay, India" }
@string{bvvldb95= "Zurich, Switzerland" }
@string{bvvldb94= "Santiago de Chile, Chile" }
@string{bvvldb93= "Dublin, Ireland" }
@string{bvvldb92= "Vancouver, BC" }
@string{bvvldb91= "Barcelona, Spain" }
@string{bvvldb90= "Brisbane, Australia" }
@string{bvvldb89= "Amsterdam, The Netherlands" }
@string{bvvldb88= "Los Angeles, CA" }
@string{bvvldb87= "Brighton, England" }
@string{bvvldb86= "Kyoto, Japan" }
@string{bvvldb85= "Stockholm, Sweden" }
@string{bvvldb84= "Singapore" }
@string{bvvldb83= "Florence, Italy" }
@string{bvvldb82= "Mexico City, Mexico" }
@string{bvvldb81= "Cannes, France" }
@string{bvvldb80= "Montreal, QC" }
@string{bvvldb79= "Rio de Janeiro, Brazil" }
@string{bvvldb78= "West Berlin, Germany" }
@string{bvvldb77= "Tokyo, Japan" }
@string{bvvldb76= "Brussels, Belgium" }
@string{bvvldb75= "Framingham, MA" }



@string{blvldb16= bproc #btvldb16 # bfvldb#" (" # bsvldb# "'16)" }
@string{blvldb15= bproc #btvldb15 # bfvldb#" (" # bsvldb# "'15)" }
@string{blvldb14= bproc #btvldb14 # bfvldb#" (" # bsvldb# "'14)" }
@string{blvldb13= bproc #btvldb13 # bfvldb#" (" # bsvldb# "'13)" }
@string{blvldb12= bproc #btvldb12 # bfvldb#" (" # bsvldb# "'12)" }
@string{blvldb11= bproc #btvldb11 # bfvldb#" (" # bsvldb# "'11)" }
@string{blvldb10= bproc #btvldb10 # bfvldb#" (" # bsvldb# "'10)" }
@string{blvldb09= bproc #btvldb09 # bfvldb#" (" # bsvldb# "'09)" }
@string{blvldb08= bproc #btvldb08 # bfvldb#" (" # bsvldb# "'08)" }
@string{blvldb07= bproc #btvldb07 # bfvldb#" (" # bsvldb# "'07)" }
@string{blvldb06= bproc #btvldb06 # bfvldb#" (" # bsvldb# "'06)" }
@string{blvldb05= bproc #btvldb05 # bfvldb#" (" # bsvldb# "'05)" }
@string{blvldb04= bproc #btvldb04 # bfvldb#" (" # bsvldb# "'04)" }
@string{blvldb03= bproc #btvldb03 # bfvldb#" (" # bsvldb# "'03)" }
@string{blvldb02= bproc #btvldb02 # bfvldb#" (" # bsvldb# "'02)" }
@string{blvldb01= bproc #btvldb01 # bfvldb#" (" # bsvldb# "'01)" }
@string{blvldb00= bproc #btvldb00 # bfvldb#" (" # bsvldb# "'00)" }
@string{blvldb99= bproc #btvldb99 # bfvldb#" (" # bsvldb# "'99)" }
@string{blvldb98= bproc #btvldb98 # bfvldb#" (" # bsvldb# "'98)" }
@string{blvldb97= bproc #btvldb97 # bfvldb#" (" # bsvldb# "'97)" }
@string{blvldb96= bproc #btvldb96 # bfvldb#" (" # bsvldb# "'96)" }
@string{blvldb95= bproc #btvldb95 # bfvldb#" (" # bsvldb# "'95)" }
@string{blvldb94= bproc #btvldb94 # bfvldb#" (" # bsvldb# "'94)" }
@string{blvldb93= bproc #btvldb93 # bfvldb#" (" # bsvldb# "'93)" }
@string{blvldb92= bproc #btvldb92 # bfvldb#" (" # bsvldb# "'92)" }
@string{blvldb91= bproc #btvldb91 # bfvldb#" (" # bsvldb# "'91)" }
@string{blvldb90= bproc #btvldb90 # bfvldb#" (" # bsvldb# "'90)" }
@string{blvldb89= bproc #btvldb89 # bfvldb#" (" # bsvldb# "'89)" }
@string{blvldb88= bproc #btvldb88 # bfvldb#" (" # bsvldb# "'88)" }
@string{blvldb87= bproc #btvldb87 # bfvldb#" (" # bsvldb# "'87)" }
@string{blvldb86= bproc #btvldb86 # bfvldb#" (" # bsvldb# "'86)" }
@string{blvldb85= bproc #btvldb85 # bfvldb#" (" # bsvldb# "'85)" }
@string{blvldb84= bproc #btvldb84 # bfvldb#" (" # bsvldb# "'84)" }
@string{blvldb83= bproc #btvldb83 # bfvldb#" (" # bsvldb# "'83)" }
@string{blvldb82= bproc #btvldb82 # bfvldb#" (" # bsvldb# "'82)" }
@string{blvldb81= bproc #btvldb81 # bfvldb#" (" # bsvldb# "'81)" }
@string{blvldb80= bproc #btvldb80 # bfvldb#" (" # bsvldb# "'80)" }
@string{bvvldb79= bproc #btvldb88 # bfvldb#" (" # bsvldb# "'79)" }
@string{bvvldb78= bproc #btvldb87 # bfvldb#" (" # bsvldb# "'78)" }
@string{bvvldb77= bproc #btvldb85 # bfvldb#" (" # bsvldb# "'77)" }
@string{bvvldb76= bproc #btvldb83 # bfvldb#" (" # bsvldb# "'76)" }
@string{bvvldb75= bproc #btvldb80 # bfvldb#" (" # bsvldb# "'75)" }





---------------------------------------------
Journals
---------------------------------------------

    TKDE:
@string{bftkde  = "IEEE "#btrans #"Knowledge and Data Engineering" }
@string{bstkde  = "TKDE" }
@string{bltkde  = bftkde #" (" # bstkde # ")" }


    KAIS:
@string{bfkais  = "Knowledge and Information Systems" }
@string{bskais  = "KAIS" }
@string{blkais  = bfkais #" (" # bskais # ")" }


    KDD Exp
@string{bfkddexp= "ACM SIGKDD Explorations" }
@string{blkddexp= bfkddexp }

    TDP
@string{bftdp= btrans #" Data Privacy" }
@string{bstdp= "TDP" }
@string{bltdp= bftdp #" (" # bstdp # ")" }
 
    TOMM
@string{bftomm= "ACM "# btrans #"Multimedia Computing, Communications, and Applications" }
@string{bstomm= "TOMM" }
@string{bltomm= bftomm #" (" # bstomm # ")" }

    TIST
@string{bftist= "ACM "# btrans #"Intelligent Systems and Technology" }
@string{bstist= "TIST" }
@string{bltist= bftist#" (" # bstist# ")" }

    JMLR
@string{bfjmlr= "Journal of Machine Learning Research" }
@string{bsjmlr= "JMLR" }
@string{bljmlr= bfjmlr#" (" # bsjmlr# ")" }

    PNAS
@string{bfpnas= bproc #"National Academy of Sciences"}
@string{bspnas= "PNAS"}
@string{blpnas= bfpnas#" (" # bspnas# ")" }

    NeuroImage
@string{bfnimage= "NeuroImage"}
@string{blnimage= bfnimage}

    Human Brain Mapping
@string{bfhbm= "Human Brain Mapping"}
@string{blhbm= bfhbm}

    Frontiers in Neuroscience
@string{bffneuro= "Frontiers in Neuroscience"}
@string{blfneuro= bffneuro}

    Brain Connectivity
@string{bfjbc= "Brain Connectivity"}
@string{bljbc= bfjbc}

---------------------------------------------
Names
---------------------------------------------
@string{bnand   = " and "       }   and
@string{bnxk    = "X. Kong "    }   Xiangnan Kong
@string{bnpsyu  = "P. S. Yu "   }   Philip S. Yu
@string{bnjwz   = "J. Zhang "   }   Jiawei Zhang
@string{bnabr   = "A. B. Ragin "}   Ann B. Ragin
@string{bnbcao  = "B. Cao "     }   Bokai Cao
@string{bnchuan = "C. Shi "     }   Chuan Shi
@string{bnbwu   = "B. Wu "      }   Bin Wu
@string{bnyhuang= "Y. Huang "   }   Yue Huang
@string{bncjs   = "C. Sun "     }   Chong-Jing Sun
@string{bnyfu   = "Y. Fu "      }   Yan Fu
@string{bnlifang= "L. He "      }   Lifang He
@string{bnsihong= "S. Xie "     }   Sihong Xie
@string{bnxinyue= "X. Liu "     }   Xinyue Liu
@string{bncharu = "C. C Aggarwal "}   Charu C. Aggarwal






