@article{sporns2005human,
  title={The human connectome: a structural description of the human brain},
  author={Sporns, Olaf and Tononi, Giulio and Kotter, Rolf},
  journal={PLoS Computational Biology},
  volume={1},
  number={4},
  pages={e42},
  year={2005},
  publisher={Public Library of Science San Francisco, USA}
}
@article{bargmann2013connectome,
  title={From the connectome to brain function},
  author={Bargmann, Cornelia I and Marder, Eve},
  journal={Nature Methods},
  volume={10},
  number={6},
  pages={483--490},
  year={2013},
  publisher={Nature Publishing Group US New York}
}

@article{kaiser2011tutorial,
  title={A tutorial in connectome analysis: topological and spatial features of brain networks},
  author={Kaiser, Marcus},
  journal={NeuroImage},
  volume={57},
  number={3},
  pages={892--907},
  year={2011},
  publisher={Elsevier}
}

@article{ingalhalikar2014sex,
  title={Sex differences in the structural connectome of the human brain},
  author={Ingalhalikar, Madhura and Smith, Alex and Parker, Drew and Satterthwaite, Theodore D and Elliott, Mark A and Ruparel, Kosha and Hakonarson, Hakon and Gur, Raquel E and Gur, Ruben C and Verma, Ragini},
  journal={Proceedings of the National Academy of Sciences},
  volume={111},
  number={2},
  pages={823--828},
  year={2014},
  publisher={National Acad Sciences}
}

@article{crossley2014hubs,
  title={The hubs of the human connectome are generally implicated in the anatomy of brain disorders},
  author={Crossley, Nicolas A and Mechelli, Andrea and Scott, Jessica and Carletti, Francesco and Fox, Peter T and McGuire, Philip and Bullmore, Edward T},
  journal={Brain},
  volume={137},
  number={8},
  pages={2382--2395},
  year={2014},
  publisher={Oxford University Press}
}

@article{xu2015connectome,
  title={A connectome computation system for discovery science of brain},
  author={Xu, Ting and Yang, Zhi and Jiang, Lili and Xing, Xiu-Xia and Zuo, Xi-Nian},
  journal={Science Bulletin},
  volume={60},
  number={1},
  pages={86--95},
  year={2015},
  publisher={Elsevier}
}

@article{ren2024deepprep,
  title={DeepPrep: An accelerated, scalable, and robust pipeline for neuroimaging preprocessing empowered by deep learning},
  author={Ren, Jianxun and An, Ning and Lin, Cong and Zhang, Youjia and Sun, Zhenyu and Zhang, Wei and Li, Shiyi and Guo, Ning and Cui, Weigang and Hu, Qingyu and others},
  journal={bioRxiv},
  year={2024},
  publisher={Cold Spring Harbor Laboratory}
}

@inproceedings{zhao2021deep,
  title={A deep network for joint registration and parcellation of cortical surfaces},
  author={Zhao, Fenqiang and Wu, Zhengwang and Wang, Li and Lin, Weili and Xia, Shunren and Li, Gang and UNC/UMN Baby Connectome Project Consortium},
  booktitle={MICCAI},
  pages={171--181},
  year={2021}
}

@article{zhao2024longitudinally,
  title={Longitudinally consistent registration and parcellation of cortical surfaces using semi-supervised learning},
  author={Zhao, Fenqiang and Wu, Zhengwang and Wang, Li and Lin, Weili and Li, Gang},
  journal={MIA},
  volume={96},
  pages={103193},
  year={2024},
  publisher={Elsevier}
}

@article{lord2007simultaneous,
  title={Simultaneous registration and parcellation of bilateral hippocampal surface pairs for local asymmetry quantification},
  author={Lord, Nicholas A and Ho, Jeffrey and Vemuri, Baba C and Eisenschenk, Stephan},
  journal={TMI},
  volume={26},
  number={4},
  pages={471--478},
  year={2007}
}

@inproceedings{campbell2022dbgsl,
  title={Dbgsl: Dynamic brain graph structure learning},
  author={Campbell, Alexander and Zippo, Antonio Giuliano and Passamonti, Luca and Toschi, Nicola and Lio, Pietro},
  booktitle={MIDL},
  year={2022}
}

@article{agarwal2022end,
  title={End-to-end deep learning architectures using 3D neuroimaging biomarkers for early Alzheimerâ€™s diagnosis},
  author={Agarwal, Deevyankar and Berbis, Manuel Alvaro and Mart{\'\i}n-Noguerol, Teodoro and Luna, Antonio and Garcia, Sara Carmen Parrado and De La Torre-Diez, Isabel},
  journal={Mathematics},
  volume={10},
  number={15},
  pages={2575},
  year={2022},
  publisher={MDPI}
}