 @String{AMSTrans = "American Mathematical Society Translations" }
 @String{AMSTrans = "Amer. Math. Soc. Transl." }
 @String{BullAMS = "Bulletin of the American Mathematical Society" }
 @String{BullAMS = "Bull. Amer. Math. Soc." }
 @String{ProcAMS = "Proceedings of the American Mathematical Society" }
 @String{ProcAMS = "Proc. Amer. Math. Soc." }
 @String{TransAMS = "Transactions of the American Mathematical Society" }
 @String{TransAMS = "Trans. Amer. Math. Soc." }

 %ACM
 @String{CACM = "Communications of the {ACM}" }
 @String{CACM = "Commun. {ACM}" }
 @String{CompServ = "Comput. Surveys" }
 @String{JACM = "J. ACM" }
 @String{ACMMathSoft = "{ACM} Transactions on Mathematical Software" }
 @String{ACMMathSoft = "{ACM} Trans. Math. Software" }
 @String{SIGNUM = "{ACM} {SIGNUM} Newsletter" }
 @String{SIGNUM = "{ACM} {SIGNUM} Newslett." }

 @String{AmerSocio = "American Journal of Sociology" }
 @String{AmerStatAssoc = "Journal of the American Statistical Association" }
 @String{AmerStatAssoc = "J. Amer. Statist. Assoc." }
 @String{ApplMathComp = "Applied Mathematics and Computation" }
 @String{ApplMathComp = "Appl. Math. Comput." }
 @String{AmerMathMonthly = "American Mathematical Monthly" }
 @String{AmerMathMonthly = "Amer. Math. Monthly" }
 @String{BIT = "{BIT}" }
 @String{BritStatPsych = "British Journal of Mathematical and Statistical
          Psychology" }
 @String{BritStatPsych = "Brit. J. Math. Statist. Psych." }
 @String{CanMathBull = "Canadian Mathematical Bulletin" }
 @String{CanMathBull = "Canad. Math. Bull." }
 @String{CompApplMath = "Journal of Computational and Applied Mathematics" }
 @String{CompApplMath = "J. Comput. Appl. Math." }
 @String{CompPhys = "Journal of Computational Physics" }
 @String{CompPhys = "J. Comput. Phys." }
 @String{CompStruct = "Computers and Structures" }
 @String{CompStruct = "Comput. \& Structures" }
 @String{CompJour = "The Computer Journal" }
 @String{CompJour = "Comput. J." }
 @String{CompSysSci = "Journal of Computer and System Sciences" }
 @String{CompSysSci = "J. Comput. System Sci." }
 @String{Computing = "Computing" }
 @String{ContempMath = "Contemporary Mathematics" }
 @String{ContempMath = "Contemp. Math." }
 @String{Crelle = "Crelle's Journal" }
 @String{GiornaleMath = "Giornale di Mathematiche" }
 @String{GiornaleMath = "Giorn. Mat." } % didn't find in AMS MR., ibid.

 %IEEE
 @String{Computer = "{IEEE} Computer" }
 @String{IEEETransComp = "{IEEE} Transactions on Computers" }
 @String{IEEETransComp = "{IEEE} Trans. Comput." }
 @String{IEEETransAC = "{IEEE} Transactions on Automatic Control" }
 @String{IEEETransAC = "{IEEE} Trans. Automat. Control" }
 @String{IEEESpec = "{IEEE} Spectrum" } % didn't find in AMS MR
 @String{ProcIEEE = "Proceedings of the {IEEE}" }
 @String{ProcIEEE = "Proc. {IEEE}" } % didn't find in AMS MR
 @String{IEEETransAeroElec = "{IEEE} Transactions on Aerospace and Electronic
     Systems" }
 @String{IEEETransAeroElec = "{IEEE} Trans. Aerospace Electron. Systems" }

 @String{IMANumerAna = "{IMA} Journal of Numerical Analysis" }
 @String{IMANumerAna = "{IMA} J. Numer. Anal." }
 @String{InfProcLet = "Information Processing Letters" }
 @String{InfProcLet = "Inform. Process. Lett." }
 @String{InstMathApp = "Journal of the Institute of Mathematics and
     its Applications" }
 @String{InstMathApp = "J. Inst. Math. Appl." }
 @String{IntControl = "International Journal of Control" }
 @String{IntControl = "Internat. J. Control" }
 @String{IntNumerEng = "International Journal for Numerical Methods in
     Engineering" }
 @String{IntNumerEng = "Internat. J. Numer. Methods Engrg." }
 @String{IntSuper = "International Journal of Supercomputing Applications" }
 @String{IntSuper = "Internat. J. Supercomputing Applic." } % didn't find
%% in AMS MR
 @String{Kibernetika = "Kibernetika" }
 @String{JResNatBurStand = "Journal of Research of the National Bureau
     of Standards" }
 @String{JResNatBurStand = "J. Res. Nat. Bur. Standards" }
 @String{LinAlgApp = "Linear Algebra and its Applications" }
 @String{LinAlgApp = "Linear Algebra Appl." }
 @String{MathAnaAppl = "Journal of Mathematical Analysis and Applications" }
 @String{MathAnaAppl = "J. Math. Anal. Appl." }
 @String{MathAnnalen = "Mathematische Annalen" }
 @String{MathAnnalen = "Math. Ann." }
 @String{MathPhys = "Journal of Mathematical Physics" }
 @String{MathPhys = "J. Math. Phys." }
 @String{MathComp = "Mathematics of Computation" }
 @String{MathComp = "Math. Comp." }
 @String{MathScand = "Mathematica Scandinavica" }
 @String{MathScand = "Math. Scand." }
 @String{TablesAidsComp = "Mathematical Tables and Other Aids to Computation" }
 @String{TablesAidsComp = "Math. Tables Aids Comput." }
 @String{NumerMath = "Numerische Mathematik" }
 @String{NumerMath = "Numer. Math." }
 @String{PacificMath = "Pacific Journal of Mathematics" }
 @String{PacificMath = "Pacific J. Math." }
 @String{ParDistComp = "Journal of Parallel and Distributed Computing" }
 @String{ParDistComp = "J. Parallel and Distrib. Comput." } % didn't find
%% in AMS MR
 @String{ParComputing = "Parallel Computing" }
 @String{ParComputing = "Parallel Comput." }
 @String{PhilMag = "Philosophical Magazine" }
 @String{PhilMag = "Philos. Mag." }
 @String{ProcNAS = "Proceedings of the National Academy of Sciences
                    of the USA" }
 @String{ProcNAS = "Proc. Nat. Acad. Sci. U. S. A." }
 @String{Psychometrika = "Psychometrika" }
 @String{QuartMath = "Quarterly Journal of Mathematics, Oxford, Series (2)" }
 @String{QuartMath = "Quart. J. Math. Oxford Ser. (2)" }
 @String{QuartApplMath = "Quarterly of Applied Mathematics" }
 @String{QuartApplMath = "Quart. Appl. Math." }
 @String{RevueInstStat = "Review of the International Statisical Institute" }
 @String{RevueInstStat = "Rev. Inst. Internat. Statist." }

 %SIAM
 @String{JSIAM = "Journal of the Society for Industrial and Applied
     Mathematics" }
 @String{JSIAM = "J. Soc. Indust. Appl. Math." }
 @String{JSIAMB = "Journal of the Society for Industrial and Applied
     Mathematics, Series B, Numerical Analysis" }
 @String{JSIAMB = "J. Soc. Indust. Appl. Math. Ser. B Numer. Anal." }
 @String{SIAMAlgMeth = "{SIAM} Journal on Algebraic and Discrete Methods" }
 @String{SIAMAlgMeth = "{SIAM} J. Algebraic Discrete Methods" }
 @String{SIAMAppMath = "{SIAM} Journal on Applied Mathematics" }
 @String{SIAMAppMath = "{SIAM} J. Appl. Math." }
 @String{SIAMComp = "{SIAM} Journal on Computing" }
 @String{SIAMComp = "{SIAM} J. Comput." }
 @String{SIAMMatrix = "{SIAM} Journal on Matrix Analysis and Applications" }
 @String{SIAMMatrix = "{SIAM} J. Matrix Anal. Appl." }
 @String{SIAMNumAnal = "{SIAM} Journal on Numerical Analysis" }
 @String{SIAMNumAnal = "{SIAM} J. Numer. Anal." }
 @String{SIAMReview = "{SIAM} Review" }
 @String{SIAMReview = "{SIAM} Rev." }
 @String{SIAMSciStat = "{SIAM} Journal on Scientific and Statistical
     Computing" }
 @String{SIAMSciStat = "{SIAM} J. Sci. Statist. Comput." }

 @String{SoftPracExp = "Software Practice and Experience" }
 @String{SoftPracExp = "Software Prac. Experience" } % didn't find in AMS MR
 @String{StatScience = "Statistical Science" }
 @String{StatScience = "Statist. Sci." }
 @String{Techno = "Technometrics" }
 @String{USSRCompMathPhys = "{USSR} Computational Mathematics and Mathematical
     Physics" }
 @String{USSRCompMathPhys = "{U. S. S. R.} Comput. Math. and Math. Phys." }
 @String{VLSICompSys = "Journal of {VLSI} and Computer Systems" }
 @String{VLSICompSys = "J. {VLSI} Comput. Syst." }
 @String{ZAngewMathMech = "Zeitschrift fur Angewandte Mathematik und
     Mechanik" }
 @String{ZAngewMathMech = "Z. Angew. Math. Mech." }
 @String{ZAngewMathPhys = "Zeitschrift fur Angewandte Mathematik und Physik" }
 @String{ZAngewMathPhys = "Z. Angew. Math. Phys." }

% Publishers % ================================================= |

 @String{Academic = "Academic Press" }
 @String{ACMPress = "{ACM} Press" }
 @String{AdamHilger = "Adam Hilger" }
 @String{AddisonWesley = "Addison-Wesley" }
 @String{AllynBacon = "Allyn and Bacon" }
 @String{AMS = "American Mathematical Society" }
 @String{Birkhauser = "Birkha{\"u}ser" }
 @String{CambridgePress = "Cambridge University Press" }
 @String{Chelsea = "Chelsea" }
 @String{ClaredonPress = "Claredon Press" }
 @String{DoverPub = "Dover Publications" }
 @String{Eyolles = "Eyolles" }
 @String{HoltRinehartWinston = "Holt, Rinehart and Winston" }
 @String{Interscience = "Interscience" }
 @String{JohnsHopkinsPress = "The Johns Hopkins University Press" }
 @String{JohnWileySons = "John Wiley and Sons" }
 @String{Macmillan = "Macmillan" }
 @String{MathWorks = "The Math Works Inc." }
 @String{McGrawHill = "McGraw-Hill" }
 @String{NatBurStd = "National Bureau of Standards" }
 @String{NorthHolland = "North-Holland" }
 @String{OxfordPress = "Oxford University Press" }  %address Oxford or London?
 @String{PergamonPress = "Pergamon Press" }
 @String{PlenumPress = "Plenum Press" }
 @String{PrenticeHall = "Prentice-Hall" }
 @String{SIAMPub = "{SIAM} Publications" }
 @String{Springer = "Springer-Verlag" }
 @String{TexasPress = "University of Texas Press" }
 @String{VanNostrand = "Van Nostrand" }
 @String{WHFreeman = "W. H. Freeman and Co." }




% intro
@book{shackleford2013high,
  title={High performance deformable image registration algorithms for manycore processors},
  author={Shackleford, James and Kandasamy, Nagarajan and Sharp, Gregory},
  year={2013},
  publisher={Newnes}
}


% face dataset
@inproceedings{karras2019style,
  title={A style-based generator architecture for generative adversarial networks},
  author={Karras, Tero and Laine, Samuli and Aila, Timo},
  booktitle={CVPR},
  pages={4401--4410},
  year={2019}
}

%  brain dataset_1 LPBA40
@article{shattuck2008construction,
  title={Construction of a 3D probabilistic atlas of human cortical structures},
  author={Shattuck, David W and Mirza, Mubeena and Adisetiyo, Vitria and Hojatkashani, Cornelius and Salamon, Georges and Narr, Katherine L and Poldrack, Russell A and Bilder, Robert M and Toga, Arthur W},
  journal={NeuroImage},
  year={2008},
}

%  brain dataset_2 MindBoggle101
@article{klein2012101,
  title={101 labeled brain images and a consistent human cortical labeling protocol},
  author={Klein, Arno and Tourville, Jason},
  journal={Frontiers in neuroscience},
  volume={6},
  pages={171},
  year={2012},
  publisher={Frontiers}
}
%  brain dataset_2 MindBoggle101  train-test split
@inproceedings{liu2019probabilistic,
  title={Probabilistic multilayer regularization network for unsupervised 3D brain image registration},
  author={Liu, Lihao and Hu, Xiaowei and Zhu, Lei and Heng, Pheng-Ann},
  booktitle={MICCAI},
  pages={346--354},
  year={2019},
  organization={Springer}
}

%  brain dataset_3 CC359
@article{souza2018open,
  title={An open, multi-vendor, multi-field-strength brain MR dataset and analysis of publicly available skull stripping methods agreement},
  author={Souza, Roberto and Lucena, Oeslle and Garrafa, Julia and Gobbi, David and Saluzzi, Marina and Appenzeller, Simone and Rittner, Let{\'\i}cia and Frayne, Richard and Lotufo, Roberto},
  year={2018},
}

% brain dataset_3 IBSR
@article{rohlfing2011image,
  title={Image similarity and tissue overlaps as surrogates for image registration accuracy: widely used but unreliable},
  author={Rohlfing, Torsten},
  journal={TMI},
  year={2011},
}




%  synthetic data
@inproceedings{dai2020dual,
  title={Dual-Attention Recurrent Networks for Affine Registration of Neuroimaging Data},
  author={Dai, Xin and Kong, Xiangnan and Liu, Xinyue and Lee, John Boaz and Moore, Constance},
  booktitle={SDM},
  year={2020},
}

%  support SyN performance
@article{klein2009evaluation,
  title={Evaluation of 14 nonlinear deformation algorithms applied to human brain MRI registration},
  author={Klein, Arno and Andersson, Jesper and Ardekani, Babak A and Ashburner, John and Avants, Brian and Chiang, Ming-Chang and Christensen, Gary E and Collins, D Louis and Gee, James and Hellier, Pierre and others},
  journal={NeuroImage},
  volume={46},
  number={3},
  pages={786--802},
  year={2009},
  publisher={Elsevier}
}

%  Dice
@article{dice1945measures,
  title={Measures of the amount of ecologic association between species},
  author={Dice, Lee R},
  journal={Ecology},
  volume={26},
  number={3},
  pages={297--302},
  year={1945},
  publisher={Wiley Online Library}
}

% cross-correlation
@book{rabiner1978digital,
  title={Digital processing of speech signals},
  author={Rabiner, Lawrence R and Schafer, Ronald W and others},
  year={1978},
  publisher={Prentice-hall}
}

% SSIM
@article{wang2004image,
  title={Image quality assessment: from error visibility to structural similarity},
  author={Wang, Zhou and Bovik, Alan C and Sheikh, Hamid R and Simoncelli, Eero P},
  journal={IEEE TIP},
  volume={13},
  number={4},
  pages={600--612},
  year={2004},
  publisher={IEEE}
}

%  SMD
@article{santos1997evaluation,
  title={Evaluation of autofocus functions in molecular cytogenetic analysis},
  author={Santos, Andr{\'e}s and Ortiz de Sol{\'o}rzano, C and Vaquero, Juan Jos{\'e} and Pena, Javier M{\'a}rquez and Malpica, Norberto and del Pozo, Francisco},
  journal={Journal of microscopy},
  volume={188},
  number={3},
  pages={264--272},
  year={1997},
  publisher={Wiley Online Library}
}

%  Tenengrad-1
@article{yeo1993autofocusing,
  title={Autofocusing for tissue microscopy},
  author={Yeo, TTE and Ong, SH and Sinniah, R and others},
  journal={Image and vision computing},
  volume={11},
  number={10},
  pages={629--639},
  year={1993},
  publisher={Elsevier}
}

%  Tenengrad-2
@techreport{tenenbaum1970accommodation,
  title={Accommodation in computer vision.},
  author={Tenenbaum, Jay Martin},
  year={1970},
  institution={Stanford Univ Ca Dept of Computer Science}
}

%  Sobel
@techreport{sobel1972camera,
  title={Camera models and machine perception},
  author={Sobel, Irwin},
  year={1972},
  institution={Computer Science Department, Technion}
}


% Adam optimizer
@article{kingma2014adam,
  title={Adam: A method for stochastic optimization},
  author={Kingma, Diederik P and Ba, Jimmy},
  journal={arXiv preprint arXiv:1412.6980},
  year={2014}
}

%  Unet-1
@inproceedings{isola2017image,
  title={Image-to-image translation with conditional adversarial networks},
  author={Isola, Phillip and Zhu, Jun-Yan and Zhou, Tinghui and Efros, Alexei A},
  booktitle={CVPR},
  pages={1125--1134},
  year={2017}
}

%  Unet-2
@inproceedings{ronneberger2015u,
  title={U-net: Convolutional networks for biomedical image segmentation},
  author={Ronneberger, Olaf and Fischer, Philipp and Brox, Thomas},
  booktitle={MICCAI},
  year={2015},
}

%  STN
@inproceedings{jaderberg2015spatial,
 author = {Jaderberg, Max and Simonyan, Karen and Zisserman, Andrew and kavukcuoglu, koray},
 booktitle = {NeurIPS},
 title = {Spatial Transformer Networks},
 year = {2015}
}

%  support second-order smooth & BSpline
@article{rueckert1999nonrigid,
  title={Nonrigid registration using free-form deformations: application to breast MR images},
  author={Rueckert, Daniel and Sonoda, Luke I and Hayes, Carmel and Hill, Derek LG and Leach, Martin O and Hawkes, David J},
  journal={IEEE TMI},
  volume={18},
  number={8},
  pages={712--721},
  year={1999},
  publisher={IEEE}
}

%  single-stage-Voxel-1
@inproceedings{balakrishnan2018unsupervised,
  title={An unsupervised learning model for deformable medical image registration},
  author={Balakrishnan, Guha and Zhao, Amy and Sabuncu, Mert R and Guttag, John and Dalca, Adrian V},
  booktitle={CVPR},
  year={2018}
}

%  single-stage-Voxel-2
@article{balakrishnan2019voxelmorph,
  title={VoxelMorph: a learning framework for deformable medical image registration},
  author={Balakrishnan, Guha and Zhao, Amy and Sabuncu, Mert R and Guttag, John and Dalca, Adrian V},
  journal={IEEE TMI},
  year={2019},
  publisher={IEEE}
}

%  single-stage-2
@incollection{de2017end,
  title={End-to-end unsupervised deformable image registration with a convolutional neural network},
  author={de Vos, Bob D and Berendsen, Floris F and Viergever, Max A and Staring, Marius and I{\v{s}}gum, Ivana},
  booktitle={DLMIA/ML-CDS@MICCAI},
  pages={204--212},
  year={2017},
  publisher={Springer}
}

%  single-stage-3
@article{li2017non,
  title={Non-rigid image registration using fully convolutional networks with deep self-supervision},
  author={Li, Hongming and Fan, Yong},
  journal={arXiv preprint arXiv:1709.00799},
  year={2017}
}


%  Multi-stage-1
@inproceedings{zhao2019recursive,
  title={Recursive cascaded networks for unsupervised medical image registration},
  author={Zhao, Shengyu and Dong, Yue and Chang, Eric I and Xu, Yan and others},
  booktitle={ICCV},
  year={2019}
}


%  Multi-stage-2
@article{de2019deep,
  title={A deep learning framework for unsupervised affine and deformable image registration},
  author={de Vos, Bob D and Berendsen, Floris F and Viergever, Max A and Sokooti, Hessam and Staring, Marius and I{\v{s}}gum, Ivana},
  journal={MIA},
  volume={52},
  pages={128--143},
  year={2019},
  publisher={Elsevier}
}


%  supervised-traditional-1
@article{yang2017quicksilver,
  title={Quicksilver: Fast predictive image registration--a deep learning approach},
  author={Yang, Xiao and Kwitt, Roland and Styner, Martin and Niethammer, Marc},
  journal={NeuroImage},
  volume={158},
  pages={378--396},
  year={2017},
  publisher={Elsevier}
}

%  supervised-traditional-2
@inproceedings{cao2017deformable,
  title={Deformable image registration based on similarity-steered CNN regression},
  author={Cao, Xiaohuan and Yang, Jianhua and Zhang, Jun and Nie, Dong and Kim, Minjeong and Wang, Qian and Shen, Dinggang},
  booktitle={MICCAI},
  pages={300--308},
  year={2017},
  organization={Springer}
}

%  synthetic-1
@inproceedings{sokooti2017nonrigid,
  title={Nonrigid image registration using multi-scale 3D convolutional neural networks},
  author={Sokooti, Hessam and De Vos, Bob and Berendsen, Floris and Lelieveldt, Boudewijn PF and I{\v{s}}gum, Ivana and Staring, Marius},
  booktitle={MICCAI},
  year={2017},
}


%  synthetic-2
@inproceedings{krebs2017robust,
  title={Robust non-rigid registration through agent-based action learning},
  author={Krebs, Julian and Mansi, Tommaso and Delingette, Herv{\'e} and Zhang, Li and Ghesu, Florin C and Miao, Shun and Maier, Andreas K and Ayache, Nicholas and Liao, Rui and Kamen, Ali},
  booktitle={MICCAI},
  pages={344--352},
  year={2017},
  organization={Springer}
}



%  ANTs tool
@article{avants2009advanced,
  title={Advanced normalization tools (ANTS)},
  author={Avants, Brian B and Tustison, Nick and Song, Gang},
  journal={Insight j},
  year={2009}
}


%  simpleitk tool
@article{yaniv2018simpleitk,
  title={SimpleITK image-analysis notebooks: a collaborative environment for education and reproducible research},
  author={Yaniv, Ziv and Lowekamp, Bradley C and Johnson, Hans J and Beare, Richard},
  journal={Journal of digital imaging},
  volume={31},
  number={3},
  pages={290--303},
  year={2018},
  publisher={Springer}
}

%  Demons
@article{thirion1998image,
  title={Image matching as a diffusion process: an analogy with Maxwell's demons},
  author={Thirion, J-P},
  journal={MIA},
  volume={2},
  number={3},
  pages={243--260},
  year={1998},
  publisher={Elsevier}
}

%  Elastic
@article{bajcsy1989multiresolution,
  title={Multiresolution elastic matching},
  author={Bajcsy, Ruzena and Kova{\v{c}}i{\v{c}}, Stane},
  journal={Computer vision, graphics, and image processing},
  volume={46},
  number={1},
  pages={1--21},
  year={1989},
  publisher={Elsevier}
}

%  SyN
@article{avants2008symmetric,
  title={Symmetric diffeomorphic image registration with cross-correlation: evaluating automated labeling of elderly and neurodegenerative brain},
  author={Avants, Brian B and Epstein, Charles L and Grossman, Murray and Gee, James C},
  journal={MIA},
  year={2008}
}

%  fsl-FLIRT
@article{jenkinson2001global,
  title={A global optimisation method for robust affine registration of brain images},
  author={Jenkinson, Mark and Smith, Stephen},
  journal={MIA},
  year={2001}
}

%  AFNI
@article{saad2009new,
  title={A new method for improving functional-to-structural MRI alignment using local Pearson correlation},
  author={Saad, Ziad S and Glen, Daniel R and Chen, Gang and Beauchamp, Michael S and Desai, Rutvik and Cox, Robert W},
  journal={NeuroImage},
  volume={44},
  number={3},
  pages={839--848},
  year={2009},
  publisher={Elsevier}
}

%  new traditional_1
@inproceedings{chen2013large,
  title={Large displacement optical flow from nearest neighbor fields},
  author={Chen, Zhuoyuan and Jin, Hailin and Lin, Zhe and Cohen, Scott and Wu, Ying},
  booktitle={CVPR},
  pages={2443--2450},
  year={2013}
}

%  new traditional_2
@inproceedings{wulff2015efficient,
  title={Efficient sparse-to-dense optical flow estimation using a learned basis and layers},
  author={Wulff, Jonas and Black, Michael J},
  booktitle={CVPR},
  pages={120--130},
  year={2015}
}



%  IRTK
@inproceedings{schnabel2001generic,
  title={A generic framework for non-rigid registration based on non-uniform multi-level free-form deformations},
  author={Schnabel, Julia A and Rueckert, Daniel and Quist, Marcel and Blackall, Jane M and Castellano-Smith, Andy D and Hartkens, Thomas and Penney, Graeme P and Hall, Walter A and Liu, Haiying and Truwit, Charles L and others},
  booktitle={MICCAI},
  pages={573--581},
  year={2001},
  organization={Springer}
}

%  smooth-1
@article{rohlfing2003volume,
  title={Volume-preserving nonrigid registration of MR breast images using free-form deformation with an incompressibility constraint},
  author={Rohlfing, Torsten and Maurer, Calvin R and Bluemke, David A and Jacobs, Michael A},
  journal={IEEE TMI},
  volume={22},
  number={6},
  pages={730--741},
  year={2003},
  publisher={IEEE}
}

%  smooth-2
@article{staring2007rigidity,
  title={A rigidity penalty term for nonrigid registration},
  author={Staring, Marius and Klein, Stefan and Pluim, Josien PW},
  journal={Medical physics},
  volume={34},
  number={11},
  pages={4098--4108},
  year={2007},
  publisher={Wiley Online Library}
}

@article{papiez2014implicit,
  title={An implicit sliding-motion preserving regularisation via bilateral filtering for deformable image registration},
  author={Papie{\.z}, Bart{\l}omiej W and Heinrich, Mattias P and Fehrenbach, J{\'e}rome and Risser, Laurent and Schnabel, Julia A},
  journal={MIA},
  volume={18},
  number={8},
  pages={1299--1311},
  year={2014},
  publisher={Elsevier}
}



%  LSTM
@article{hochreiter1997long,
  title={Long short-term memory},
  author={Hochreiter, Sepp and Schmidhuber, J{\"u}rgen},
  journal={Neural computation},
  volume={9},
  number={8},
  pages={1735--1780},
  year={1997},
  publisher={MIT Press}
}



%  BET
@article{smith2002fast,
  title={Fast robust automated brain extraction},
  author={Smith, Stephen M},
  journal={Human brain mapping},
  year={2002},
}

%  3dSkullStrip AFNI
@article{cox1996afni,
  title={AFNI: software for analysis and visualization of functional magnetic resonance neuroimages},
  author={Cox, Robert W},
  journal={Computers and Biomedical research},
  year={1996}
}

% BSE
@article{shattuck2002brainsuite,
  title={BrainSuite: an automated cortical surface identification tool},
  author={Shattuck, David W and Leahy, Richard M},
  journal={MIA},
  year={2002},
}

% HWA Freesurfer
@article{segonne2004hybrid,
  title={A hybrid approach to the skull stripping problem in MRI},
  author={S{\'e}gonne, Florent and Dale, Anders M and Busa, Evelina and Glessner, Maureen and Salat, David and Hahn, Horst K and Fischl, Bruce},
  journal={NeuroImage},
  year={2004},
}

%  SynthStrip
@article{hoopes2022synthstrip,
  title={SynthStrip: Skull-stripping for any brain image},
  author={Hoopes, Andrew and Mora, Jocelyn S and Dalca, Adrian V and Fischl, Bruce and Hoffmann, Malte},
  journal={NeuroImage},
  year={2022},
}

% ROBEX
@article{iglesias2011robust,
  title={Robust brain extraction across datasets and comparison with publicly available methods},
  author={Iglesias, Juan Eugenio and Liu, Cheng-Yi and Thompson, Paul M and Tu, Zhuowen},
  journal={IEEE TMI},
  volume={30},
  number={9},
  pages={1617--1634},
  year={2011},
  publisher={IEEE}
}

% BEaST
@article{eskildsen2012beast,
  title={BEaST: brain extraction based on nonlocal segmentation technique},
  author={Eskildsen, Simon F and Coup{\'e}, Pierrick and Fonov, Vladimir and Manj{\'o}n, Jos{\'e} V and Leung, Kelvin K and Guizard, Nicolas and Wassef, Shafik N and {\O}stergaard, Lasse Riis and Collins, D Louis and Alzheimer's Disease Neuroimaging Initiative and others},
  journal={NeuroImage},
  volume={59},
  number={3},
  pages={2362--2373},
  year={2012},
  publisher={Elsevier}
}

$ optiBET$
@article{lutkenhoff2014optimized,
  title={Optimized brain extraction for pathological brains (optiBET)},
  author={Lutkenhoff, Evan S and Rosenberg, Matthew and Chiang, Jeffrey and Zhang, Kunyu and Pickard, John D and Owen, Adrian M and Monti, Martin M},
  journal={PloS one},
  volume={9},
  number={12},
  pages={e115551},
  year={2014},
  publisher={Public Library of Science San Francisco, USA}
}

% 3d CNN skull stripping
@article{kleesiek2016deep,
  title={Deep MRI brain extraction: A 3D convolutional neural network for skull stripping},
  author={Kleesiek, Jens and Urban, Gregor and Hubert, Alexander and Schwarz, Daniel and Maier-Hein, Klaus and Bendszus, Martin and Biller, Armin},
  journal={NeuroImage},
  year={2016}
}

% silver skull
@article{lucena2019convolutional,
  title={Convolutional neural networks for skull-stripping in brain MR imaging using silver standard masks},
  author={Lucena, Oeslle and Souza, Roberto and Rittner, Leticia and Frayne, Richard and Lotufo, Roberto},
  journal={AIM},
  year={2019},
}

%3d unet skull
@article{hwang20193d,
  title={3D U-Net for skull stripping in brain MRI},
  author={Hwang, Hyunho and Rehman, Hafiz Zia Ur and Lee, Sungon},
  journal={Applied Sciences},
  year={2019},
}


% dika
@article{zhong2021dika,
  title={DIKA-Nets: Domain-invariant knowledge-guided attention networks for brain skull stripping of early developing macaques},
  author={Zhong, Tao and Zhao, Fenqiang and Pei, Yuchen and Ning, Zhenyuan and Liao, Lufan and Wu, Zhengwang and Niu, Yuyu and Wang, Li and Shen, Dinggang and Zhang, Yu and others},
  journal={NeuroImage},
  volume={227},
  pages={117649},
  year={2021},
  publisher={Elsevier}
}



% supervised registration 1
@article{fan2019birnet,
  title={BIRNet: Brain image registration using dual-supervised fully convolutional networks},
  author={Fan, Jingfan and Cao, Xiaohuan and Yap, Pew-Thian and Shen, Dinggang},
  journal={MIA},
  volume={54},
  pages={193--206},
  year={2019},
  publisher={Elsevier}
}


% supervised registration 2
@article{eppenhof2018pulmonary,
  title={Pulmonary CT registration through supervised learning with convolutional neural networks},
  author={Eppenhof, Koen AJ and Pluim, Josien PW},
  journal={IEEE TMI},
  volume={38},
  number={5},
  pages={1097--1105},
  year={2018},
  publisher={IEEE}
}

% supervised registration 3
@inproceedings{liao2019multiview,
  title={Multiview 2D/3D rigid registration via a point-of-interest network for tracking and triangulation},
  author={Liao, Haofu and Lin, Wei-An and Zhang, Jiarui and Zhang, Jingdan and Luo, Jiebo and Zhou, S Kevin},
  booktitle={CVPR},
  year={2019}
}


% supervised segmentation 1
@article{akkus2017deep,
  title={Deep learning for brain MRI segmentation: state of the art and future directions},
  author={Akkus, Zeynettin and Galimzianova, Alfiia and Hoogi, Assaf and Rubin, Daniel L and Erickson, Bradley J},
  journal={Journal of digital imaging},
  year={2017},
}


% supervised segmentation 2
@article{kamnitsas2017efficient,
  title={Efficient multi-scale 3D CNN with fully connected CRF for accurate brain lesion segmentation},
  author={Kamnitsas, Konstantinos and Ledig, Christian and Newcombe, Virginia FJ and Simpson, Joanna P and Kane, Andrew D and Menon, David K and Rueckert, Daniel and Glocker, Ben},
  journal={MIA},
  year={2017},
}



% supervised segmentation 4
@inproceedings{chen2019learning,
  title={Learning active contour models for medical image segmentation},
  author={Chen, Xu and Williams, Bryan M and Vallabhaneni, Srinivasa R and Czanner, Gabriela and Williams, Rachel and Zheng, Yalin},
  booktitle={CVPR},
  year={2019}
}

% supervised segmentation 3
@article{chen2018voxresnet,
  title={VoxResNet: Deep voxelwise residual networks for brain segmentation from 3D MR images},
  author={Chen, Hao and Dou, Qi and Yu, Lequan and Qin, Jing and Heng, Pheng-Ann},
  journal={NeuroImage},
  year={2018},
}


% supervised network generation 1
@article{zhao2020supervised,
  title={Supervised brain network learning based on deep recurrent neural networks},
  author={Zhao, Shijie and Cui, Yan and Huang, Linwei and Xie, Li and Chen, Yaowu and Han, Junwei and Guo, Lei and Zhang, Shu and Liu, Tianming and Lv, Jinglei},
  journal={Access},
  year={2020},
}

% supervised network generation 2
@article{zhao2015supervised,
  title={Supervised dictionary learning for inferring concurrent brain networks},
  author={Zhao, Shijie and Han, Junwei and Lv, Jinglei and Jiang, Xi and Hu, Xintao and Zhao, Yu and Ge, Bao and Guo, Lei and Liu, Tianming},
  journal={TMI},
  year={2015},
}

% supervised network generation 3
@article{zhao2018extendable,
  title={Extendable supervised dictionary learning for exploring diverse and concurrent brain activities in task-based fMRI},
  author={Zhao, Shijie and Han, Junwei and Hu, Xintao and Jiang, Xi and Lv, Jinglei and Zhang, Tuo and Zhang, Shu and Guo, Lei and Liu, Tianming},
  journal={BIB},
  year={2018},
}


















%KDD
@inproceedings{bai2017unsupervised,
  title={Unsupervised network discovery for brain imaging data},
  author={Bai, Zilong and Walker, Peter and Tschiffely, Anna and Wang, Fei and Davidson, Ian},
  booktitle={SIGKDD},
  year={2017}
}

%KDD
@inproceedings{wang2017structural,
  title={Structural deep brain network mining},
  author={Wang, Shen and He, Lifang and Cao, Bokai and Lu, Chun-Ta and Yu, Philip S and Ragin, Ann B},
  booktitle={SIGKDD},
  year={2017}
}

%KDD
@inproceedings{cai2018deep,
  title={Deep adversarial learning for multi-modality missing data completion},
  author={Cai, Lei and Wang, Zhengyang and Gao, Hongyang and Shen, Dinggang and Ji, Shuiwang},
  booktitle={SIGKDD},
  year={2018}
}

%KDD
@inproceedings{sun2009mining,
  title={Mining brain region connectivity for alzheimer's disease study via sparse inverse covariance estimation},
  author={Sun, Liang and Patel, Rinkal and Liu, Jun and Chen, Kewei and Wu, Teresa and Li, Jing and Reiman, Eric and Ye, Jieping},
  booktitle={SIGKDD},
  year={2009}
}

%KDD
@inproceedings{chen2018voxel,
  title={Voxel deconvolutional networks for 3D brain image labeling},
  author={Chen, Yongjun and Gao, Hongyang and Cai, Lei and Shi, Min and Shen, Dinggang and Ji, Shuiwang},
  booktitle={SIGKDD},
  year={2018}
}

%KDD
@inproceedings{yang2015structural,
  title={Structural graphical lasso for learning mouse brain connectivity},
  author={Yang, Sen and Sun, Qian and Ji, Shuiwang and Wonka, Peter and Davidson, Ian and Ye, Jieping},
  booktitle={SIGKDD},
  year={2015}
}

%KDD
@inproceedings{huang2011brain,
  title={Brain effective connectivity modeling for Alzheimer's disease by sparse Gaussian Bayesian network},
  author={Huang, Shuai and Li, Jing and Ye, Jieping and Fleisher, Adam and Chen, Kewei and Wu, Teresa and Reiman, Eric},
  booktitle={SIGKDD},
  year={2011}
}

%kdd
@inproceedings{10.1145/3534678.3539301,
author = {Lin, Sikun and Tang, Shuyun and Grafton, Scott T. and Singh, Ambuj K.},
title = {Deep Representations for Time-Varying Brain Datasets},
booktitle={SIGKDD},
  year={2022}
}

%kdd
@inproceedings{papalexakis2014good,
  title={Good-enough brain model: Challenges, algorithms and discoveries in multi-subject experiments},
  author={Papalexakis, Evangelos E and Fyshe, Alona and Sidiropoulos, Nicholas D and Talukdar, Partha Pratim and Mitchell, Tom M and Faloutsos, Christos},
  booktitle={SIGKDD},
  year={2014}
}

%DeepAtlas
@inproceedings{xu2019deepatlas,
  title={DeepAtlas: Joint semi-supervised learning of image registration and segmentation},
  author={Xu, Zhenlin and Niethammer, Marc},
  booktitle={MICCAI},
  year={2019},
}

%ERNet
@inproceedings{su2022ernet,
  title={Ernet: Unsupervised collective extraction and registration in neuroimaging data},
  author={Su, Yao and Qian, Zhentian and He, Lifang and Kong, Xiangnan},
  booktitle={SIGKDD},
  year={2022}
}


%MI works
@article{maes2003medical,
  title={Medical image registration using mutual information},
  author={Maes, Frederik and Vandermeulen, Dirk and Suetens, Paul},
  journal={Proceedings of the IEEE},
  year={2003},
}

%MI works
@article{thevenaz2000optimization,
  title={Optimization of mutual information for multiresolution image registration},
  author={Th{\'e}venaz, Philippe and Unser, Michael},
  journal={TIP},
  year={2000},
}


%MI works
@inproceedings{pluim2000image,
  title={Image registration by maximization of combined mutual information and gradient information},
  author={Pluim, Josien PW and Maintz, JB Antoine and Viergever, Max A},
  booktitle={MICCAI},
  year={2000},
}

%MI
@ARTICLE{563664,
  author={Maes, F. and Collignon, A. and Vandermeulen, D. and Marchal, G. and Suetens, P.},
  journal={TMI}, 
  title={Multimodality image registration by maximization of mutual information}, 
  year={1997}}


@article{oktay2018attention,
  title={Attention u-net: Learning where to look for the pancreas},
  author={Oktay, Ozan and Schlemper, Jo and Folgoc, Loic Le and Lee, Matthew and Heinrich, Mattias and Misawa, Kazunari and Mori, Kensaku and McDonagh, Steven and Hammerla, Nils Y and Kainz, Bernhard and others},
  journal={arXiv preprint arXiv:1804.03999},
  year={2018}
}

@inproceedings{zhou2018unet++,
  title={Unet++: A nested u-net architecture for medical image segmentation},
  author={Zhou, Zongwei and Rahman Siddiquee, Md Mahfuzur and Tajbakhsh, Nima and Liang, Jianming},
  booktitle={DLMIA@MICCAI},
  pages={3--11},
  year={2018},
  organization={Springer}
}

@inproceedings{cciccek20163d,
  title={3D U-Net: learning dense volumetric segmentation from sparse annotation},
  author={{\c{C}}i{\c{c}}ek, {\"O}zg{\"u}n and Abdulkadir, Ahmed and Lienkamp, Soeren S and Brox, Thomas and Ronneberger, Olaf},
  booktitle={MICCAI},
  year={2016},
}

@article{hu2018weakly,
  title={Weakly-supervised convolutional neural networks for multimodal image registration},
  author={Hu, Yipeng and Modat, Marc and Gibson, Eli and Li, Wenqi and Ghavami, Nooshin and Bonmati, Ester and Wang, Guotai and Bandula, Steven and Moore, Caroline M and Emberton, Mark and others},
  journal={MIA},
  year={2018},
}

@inproceedings{hu2018label,
  title={Label-driven weakly-supervised learning for multimodal deformable image registration},
  author={Hu, Yipeng and Modat, Marc and Gibson, Eli and Ghavami, Nooshin and Bonmati, Ester and Moore, Caroline M and Emberton, Mark and Noble, J Alison and Barratt, Dean C and Vercauteren, Tom},
  booktitle={ISBI},
  pages={1070--1074},
  year={2018},
  organization={IEEE}
}

@article{lotjonen2010fast,
  title={Fast and robust multi-atlas segmentation of brain magnetic resonance images},
  author={L{\"o}tj{\"o}nen, Jyrki MP and Wolz, Robin and Koikkalainen, Juha R and Thurfjell, Lennart and Waldemar, Gunhild and Soininen, Hilkka and Rueckert, Daniel and Alzheimer's Disease Neuroimaging Initiative and others},
  journal={NeuroImage},
  volume={49},
  number={3},
  pages={2352--2365},
  year={2010},
  publisher={Elsevier}
}

@inproceedings{wang2020lt,
  title={LT-Net: Label transfer by learning reversible voxel-wise correspondence for one-shot medical image segmentation},
  author={Wang, Shuxin and Cao, Shilei and Wei, Dong and Wang, Renzhen and Ma, Kai and Wang, Liansheng and Meng, Deyu and Zheng, Yefeng},
  booktitle={CVPR},
  year={2020}
}

@inproceedings{dinsdale2019spatial,
  title={Spatial warping network for 3D segmentation of the hippocampus in MR images},
  author={Dinsdale, Nicola K and Jenkinson, Mark and Namburete, Ana IL},
  booktitle={MICCAI},
  year={2019},
}

@inproceedings{zhao2019data,
  title={Data augmentation using learned transformations for one-shot medical image segmentation},
  author={Zhao, Amy and Balakrishnan, Guha and Durand, Fredo and Guttag, John V and Dalca, Adrian V},
  booktitle={CVPR},
  year={2019}
}

@inproceedings{ding2021modeling,
  title={Modeling the probabilistic distribution of unlabeled data for one-shot medical image segmentation},
  author={Ding, Yuhang and Yu, Xin and Yang, Yi},
  booktitle={AAAI},
  year={2021}
}

@inproceedings{he2020deep,
  title={Deep complementary joint model for complex scene registration and few-shot segmentation on medical images},
  author={He, Yuting and Li, Tiantian and Yang, Guanyu and Kong, Youyong and Chen, Yang and Shu, Huazhong and Coatrieux, Jean-Louis and Dillenseger, Jean-Louis and Li, Shuo},
  booktitle={ECCV},
  year={2020},
}

@article{qiu2021u,
  title={U-RSNet: An unsupervised probabilistic model for joint registration and segmentation},
  author={Qiu, Liang and Ren, Hongliang},
  journal={Neurocomputing},
  year={2021},
}

@article{qiu2021rsegnet,
  title={RSegNet: A Joint Learning Framework for Deformable Registration and Segmentation},
  author={Qiu, Liang and Ren, Hongliang},
  journal={TASE},
  volume={19},
  number={3},
  pages={2499--2513},
  year={2021},
  publisher={IEEE}
}


@inproceedings{liu2017collective,
  title={Collective discovery of brain networks with unknown groups},
  author={Liu, Xinyue and Kong, Xiangnan and Philip, S Yu},
  booktitle={IJCNN},
  year={2017},
}

@inproceedings{liu2017unified,
  title={Unified and contrasting graphical lasso for brain network discovery},
  author={Liu, Xinyue and Kong, Xiangnan and Ragin, Ann B},
  booktitle={SDM},
  year={2017},
}


@inproceedings{lee2017identifying,
  title={Identifying deep contrasting networks from time series data: Application to brain network analysis},
  author={Lee, John Boaz and Kong, Xiangnan and Bao, Yihan and Moore, Constance},
  booktitle={SDM},
  year={2017}
}

@inproceedings{yin2018coherent,
  title={Coherent graphical lasso for brain network discovery},
  author={Yin, Hang and Kong, Xiangnan and Liu, Xinyue},
  booktitle={ICDM},
  year={2018},
}

@inproceedings{yin2020gaussian,
  title={Gaussian mixture graphical lasso with application to edge detection in brain networks},
  author={Yin, Hang and Liu, Xinyue and Kong, Xiangnan},
  booktitle={BigData},
  year={2020},
}

@inproceedings{yin2023multi,
  title={Multi-State Brain Network Discovery},
  author={Yin, Hang and Su, Yao and Liu, Xinyue and Hartvigsen, Thomas and Li, Yanhua and Kong, Xiangnan},
  booktitle={2023 IEEE International Conference on Big Data (BigData)},
  pages={453--462},
  year={2023},
  organization={IEEE}
}

@inproceedings{lee2020deep,
  title={Deep Parametric Model for Discovering Group-cohesive Functional Brain Regions},
  author={Lee, John Boaz and Kong, Xiangnan and Moore, Constance M and Ahmed, Nesreen K},
  booktitle={SDM},
  year={2020},
}


@inproceedings{dai2020recurrent,
  title={Recurrent networks for guided multi-attention classification},
  author={Dai, Xin and Kong, Xiangnan and Guo, Tian and Lee, John Boaz and Liu, Xinyue and Moore, Constance},
  booktitle={SIGKDD},
  year={2020}
}

%multi-stage
@inproceedings{feng2021recurrent,
  title={Recurrent multi-view alignment network for unsupervised surface registration},
  author={Feng, Wanquan and Zhang, Juyong and Cai, Hongrui and Xu, Haofei and Hou, Junhui and Bao, Hujun},
  booktitle={CVPR},
  year={2021}
}

@inproceedings{tang2019multi,
  title={A multi-stage framework with context information fusion structure for skin lesion segmentation},
  author={Tang, Yujiao and Yang, Feng and Yuan, Shaofeng and others},
  booktitle={ISBI},
  year={2019},
}


@inproceedings{su2022abn,
  title={ABN: Anti-Blur Neural Networks for Multi-Stage Deformable Image Registration},
  author={Su, Yao and and Dai, Xin and He, Lifang and Kong, Xiangnan},
  booktitle={ICDM},
  year={2022},
}

@inproceedings{su2023one,
  title={One-shot Joint Extraction, Registration and Segmentation of Neuroimaging Data},
  author={Su, Yao and Qian, Zhentian and Ma, Lei and He, Lifang and Kong, Xiangnan},
  booktitle={SIGKDD},
  year={2023}
}

%braingnn
@article{li2021braingnn,
  title={Braingnn: Interpretable brain graph neural network for fmri analysis},
  author={Li, Xiaoxiao and Zhou, Yuan and Dvornek, Nicha and Zhang, Muhan and Gao, Siyuan and Zhuang, Juntang and Scheinost, Dustin and Staib, Lawrence H and Ventola, Pamela and Duncan, James S},
  journal={MIA},
  year={2021}
}

%braincnn
@article{kawahara2017brainnetcnn,
  title={BrainNetCNN: Convolutional neural networks for brain networks; towards predicting neurodevelopment},
  author={Kawahara, Jeremy and Brown, Colin J and Miller, Steven P and Booth, Brian G and Chau, Vann and Grunau, Ruth E and Zwicker, Jill G and Hamarneh, Ghassan},
  journal={NeuroImage},
  year={2017},
}

%brainsparsi
@inproceedings{li2023interpretable,
  title={Interpretable Sparsification of Brain Graphs: Better Practices and Effective Designs for Graph Neural Networks},
  author={Li, Gaotang and Duda, Marlena and Zhang, Xiang and Koutra, Danai and Yan, Yujun},
  booktitle={SIGKDD},
  year={2023}
}

%brain interpretation
@inproceedings{yan2019groupinn,
  title={Groupinn: Grouping-based interpretable neural network for classification of limited, noisy brain data},
  author={Yan, Yujun and Zhu, Jiong and Duda, Marlena and Solarz, Eric and Sripada, Chandra and Koutra, Danai},
  booktitle={SIGKDD},
  year={2019}
}


########learnable

%fbnetgnn
@inproceedings{kan2022fbnetgen,
  title={Fbnetgen: Task-aware gnn-based fmri analysis via functional brain network generation},
  author={Kan, Xuan and Cui, Hejie and Lukemire, Joshua and Guo, Ying and Yang, Carl},
  booktitle={MIDL},
  year={2022},
}

%brainnetgnn
@article{mahmood2021deep,
  title={A deep learning model for data-driven discovery of functional connectivity},
  author={Mahmood, Usman and Fu, Zening and Calhoun, Vince D and Plis, Sergey},
  journal={Algorithms},
  year={2021},
}

%braintransformer
@inproceedings{kan2022brain,
  title={Brain network transformer},
  author={Kan, Xuan and Dai, Wei and Cui, Hejie and Zhang, Zilong and Guo, Ying and Yang, Carl},
  booktitle={NeurIPS},
  year={2022}
}

%mbrain
@inproceedings{cai2023mbrain,
  title={MBrain: A Multi-channel Self-Supervised Learning Framework for Brain Signals},
  author={Cai, Donghong and Chen, Junru and Yang, Yang and Liu, Teng and Li, Yafeng},
  booktitle={SIGKDD},
  year={2023}
}


########network generation

%metrics
@article{liang2012effects,
  title={Effects of different correlation metrics and preprocessing factors on small-world brain functional networks: a resting-state functional MRI study},
  author={Liang, Xia and Wang, Jinhui and Yan, Chaogan and Shu, Ni and Xu, Ke and Gong, Gaolang and He, Yong},
  journal={PloS one},
  year={2012},
}

%A toolbox for brain network construction and classification
@article{zhou2020toolbox,
  title={A toolbox for brain network construction and classification (BrainNetClass)},
  author={Zhou, Zhen and Chen, Xiaobo and Zhang, Yu and Hu, Dan and Qiao, Lishan and Yu, Renping and Yap, Pew-Thian and Pan, Gang and Zhang, Han and Shen, Dinggang},
  journal={HBM},
  year={2020},
}

%fsl
@article{jenkinson2012fsl,
  title={Fsl},
  author={Jenkinson, Mark and Beckmann, Christian F and Behrens, Timothy EJ and Woolrich, Mark W and Smith, Stephen M},
  journal={NeuroImage},
  year={2012},
}

%freesurfer
@article{fischl2012freesurfer,
  title={FreeSurfer},
  author={Fischl, Bruce},
  journal={NeuroImage},
  year={2012},
}


% newly added for KDD 2024 by Keqi

% graph generation 1
@inproceedings{grover2019graphite,
  title={Graphite: Iterative generative modeling of graphs},
  author={Grover, Aditya and Zweig, Aaron and Ermon, Stefano},
  booktitle={ICML},
  year={2019}
}

% graph generation 2
@article{kipf2016variational,
  title={Variational Graph Auto-Encoders},
  author={Kipf, Thomas N and Welling, Max},
  journal={NeurIPS Workshop},
  year={2016}
}

% graph generation 3
@inproceedings{zou2019encoding,
  title={Encoding robust representation for graph generation},
  author={Zou, Dongmian and Lerman, Gilad},
  booktitle={IJCNN},
  year={2019}
}


% NeuroGraph
@inproceedings{said2023neurograph,
  title={NeuroGraph: Benchmarks for Graph Machine Learning in Brain Connectomics},
  author={Said, Anwar and Bayrak, Roza G and Derr, Tyler and Shabbir, Mudassir and Moyer, Daniel and Chang, Catie and Koutsoukos, Xenofon},
  booktitle={NeurIPS},
  year={2023}
}

% GCN
@inproceedings{kipf2017semi,
  title={Semi-Supervised Classification with Graph Convolutional Networks},
  author={Kipf, Thomas N. and Welling, Max},
  booktitle={ICLR},
  year={2017}
}

% BrainGB
@article{cui2022braingb,
author = {Cui, Hejie and Dai, Wei and Zhu, Yanqiao and Kan, Xuan and Chen Gu, Antonio Aodong and Lukemire, Joshua and Zhan, Liang and He, Lifang and Guo, Ying and Yang, Carl},
title = {{BrainGB: A Benchmark for Brain Network Analysis with Graph Neural Networks}},
journal={TMI},
year = {2022}
}

& support positive only
@article{van2010comparing,
  title={Comparing brain networks of different size and connectivity density using graph theory},
  author={Van Wijk, Bernadette CM and Stam, Cornelis J and Daffertshofer, Andreas},
  journal={PloS one},
  year={2010},
}
@inproceedings{kim2021learning,
  title={Learning dynamic graph representation of brain connectome with spatio-temporal attention},
  author={Kim, Byung-Hoon and Ye, Jong Chul and Kim, Jae-Jin},
  booktitle={NeurIPS},
  year={2021}
}


##supervised parcellation 1
@article{thyreau2020learning,
  title={Learning a cortical parcellation of the brain robust to the MRI segmentation with convolutional neural networks},
  author={Thyreau, Benjamin and Taki, Yasuyuki},
  journal={MIA},
  year={2020},
}
W
##supervised parcellation 2
@article{lim2022deepparcellation,
  title={DeepParcellation: a novel deep learning method for robust brain magnetic resonance imaging parcellation in older East Asians},
  author={Lim, Eun-Cheon and Choi, Uk-Su and Choi, Kyu Yeong and Lee, Jang Jae and Sung, Yul-Wan and Ogawa, Seiji and Kim, Byeong Chae and Lee, Kun Ho and Gim, Jungsoo and Alzheimer’s Disease Neuroimaging Initiative and others},
  journal={FAN},
  year={2022},
}

# smri graph structure learning 1
@article{sporns2013structure,
  title={Structure and function of complex brain networks},
  author={Sporns, Olaf},
  journal={Dialogues in clinical neuroscience},
  year={2013}
}

# smri graph structure learning 2
@article{vskoch2022human,
  title={Human brain structural connectivity matrices--ready for modelling},
  author={{\v{S}}koch, Anton{\'\i}n and Reh{\'a}k Bu{\v{c}}kov{\'a}, Barbora and Mare{\v{s}}, Jan and Tint{\v{e}}ra, Jaroslav and Sanda, Pavel and Jajcay, Lucia and Hor{\'a}{\v{c}}ek, Ji{\v{r}}{\'\i} and {\v{S}}paniel, Filip and Hlinka, Jaroslav},
  journal={Scientific Data},
  year={2022}
}

# both generation and classification 1
@inproceedings{yu2023deep,
  title={Deep dag learning of effective brain connectivity for fmri analysis},
  author={Yu, Yue and Kan, Xuan and Cui, Hejie and Xu, Ran and Zheng, Yujia and Song, Xiangchen and Zhu, Yanqiao and Zhang, Kun and Nabi, Razieh and Guo, Ying and others},
  booktitle={ISBI},
  year={2023}
}

# both generation and classification 1
@inproceedings{zhou2022interpretable,
  title={Interpretable graph convolutional network of multi-modality brain imaging for alzheimer’s disease diagnosis},
  author={Zhou, Houliang and He, Lifang and Zhang, Yu and Shen, Li and Chen, Brian},
  booktitle={ISBI},
  year={2022}
}


# different parcellation atlas
@article{arslan2018human,
  title={Human brain mapping: A systematic comparison of parcellation methods for the human cerebral cortex},
  author={Arslan, Salim and Ktena, Sofia Ira and Makropoulos, Antonios and Robinson, Emma C and Rueckert, Daniel and Parisot, Sarah},
  journal={NeuroImage},
  year={2018},
}

# KNN graph 1
@inproceedings{zhou2022sparse,
  title={Sparse Interpretation of Graph Convolutional Networks for Multi-modal Diagnosis of Alzheimer’s Disease},
  author={Zhou, Houliang and Zhang, Yu and Chen, Brian Y and Shen, Li and He, Lifang},
  booktitle={MICCAI},
  year={2022},
}

# KNN graph 2
@inproceedings{zhou2022interpretable,
  title={Interpretable graph convolutional network of multi-modality brain imaging for alzheimer’s disease diagnosis},
  author={Zhou, Houliang and He, Lifang and Zhang, Yu and Shen, Li and Chen, Brian},
  booktitle={ISBI},
  year={2022},
}

# KNN graph 3
@inproceedings{zhang2018multi,
  title={Multi-view graph convolutional network and its applications on neuroimage analysis for parkinson’s disease},
  author={Zhang, Xi and He, Lifang and Chen, Kun and Luo, Yuan and Zhou, Jiayu and Wang, Fei},
  booktitle={AMIA},
  year={2018},
}

# KNN graph 4
@article{wang2021graph,
  title={Graph convolutional network for fMRI analysis based on connectivity neighborhood},
  author={Wang, Lebo and Li, Kaiming and Hu, Xiaoping P},
  journal={Network Neuroscience},
  year={2021},
}

# KNN graph 5
@article{gan2021brain,
  title={Brain functional connectivity analysis based on multi-graph fusion},
  author={Gan, Jiangzhang and Peng, Ziwen and Zhu, Xiaofeng and Hu, Rongyao and Ma, Junbo and Wu, Guorong},
  journal={MIA},
  year={2021},
}

#ADHD dataset
@article{adhd2012adhd,
  title={The ADHD-200 consortium: a model to advance the translational potential of neuroimaging in clinical neuroscience},
  author={ADHD-200 consortium},
  journal={Frontiers in systems neuroscience},
  year={2012},
}

#ABIDE dataset
@article{tyszka2014largely,
  title={Largely typical patterns of resting-state functional connectivity in high-functioning adults with autism},
  author={Tyszka, J Michael and Kennedy, Daniel P and Paul, Lynn K and Adolphs, Ralph},
  journal={Cerebral cortex},
  year={2014},
}

#ADHD dataset form
@inproceedings{kong2013discriminative,
  title={Discriminative feature selection for uncertain graph classification},
  author={Kong, Xiangnan and Yu, Philip S and Wang, Xue and Ragin, Ann B},
  booktitle={SDM},
  year={2013},
}

#AAL
@article{tzourio2002automated,
  title={Automated anatomical labeling of activations in SPM using a macroscopic anatomical parcellation of the MNI MRI single-subject brain},
  author={Tzourio-Mazoyer, Nathalie and Landeau, Brigitte and Papathanassiou, Dimitri and Crivello, Fabrice and Etard, Octave and Delcroix, Nicolas and Mazoyer, Bernard and Joliot, Marc},
  journal={NeuroImage},
  year={2002},
}

#cc
@article{avants2008symmetric,
  title={Symmetric diffeomorphic image registration with cross-correlation: evaluating automated labeling of elderly and neurodegenerative brain},
  author={Avants, Brian B and Epstein, Charles L and Grossman, Murray and Gee, James C},
  journal={MIA},
  year={2008},
}




# adhd-dmn support
@article{uddin2008network,
  title={Network homogeneity reveals decreased integrity of default-mode network in ADHD},
  author={Uddin, Lucina Q and Kelly, AM Clare and Biswal, Bharat B and Margulies, Daniel S and Shehzad, Zarrar and Shaw, David and Ghaffari, Manely and Rotrosen, John and Adler, Lenard A and Castellanos, F Xavier and others},
  journal={Neuroscience methods},
  year={2008},
}

# adhd-smn-support
@article{kebets2019somatosensory,
  title={Somatosensory-motor dysconnectivity spans multiple transdiagnostic dimensions of psychopathology},
  author={Kebets, Valeria and Holmes, Avram J and Orban, Csaba and Tang, Siyi and Li, Jingwei and Sun, Nanbo and Kong, Ru and Poldrack, Russell A and Yeo, BT Thomas},
  journal={Biological psychiatry},
  year={2019},
}


# abide-bln support
@article{haznedar2000limbic,
  title={Limbic circuitry in patients with autism spectrum disorders studied with positron emission tomography and magnetic resonance imaging},
  author={Haznedar, M Mehmet and Buchsbaum, Monte S and Wei, Tse-Chung and Hof, Patrick R and Cartwright, Charles and Bienstock, Carol A and Hollander, Eric},
  journal={American Journal of Psychiatry},
  year={2000},
}

# abide-dmn support
@article{jung2014default,
  title={Default mode network in young male adults with autism spectrum disorder: relationship with autism spectrum traits},
  author={Jung, Minyoung and Kosaka, Hirotaka and Saito, Daisuke N and Ishitobi, Makoto and Morita, Tomoyo and Inohara, Keisuke and Asano, Mizuki and Arai, Sumiyoshi and Munesue, Toshio and Tomoda, Akemi and others},
  journal={Molecular autism},
  year={2014},
}


# UNIFIED-IO
@inproceedings{lu2022unified,
  title={UNIFIED-IO: A Unified Model for Vision, Language, and Multi-modal Tasks},
  author={Lu, Jiasen and Clark, Christopher and Zellers, Rowan and Mottaghi, Roozbeh and Kembhavi, Aniruddha},
  booktitle={ICLR},
  year={2022}
}

# UNI-ad
@article{you2022unified,
  title={A unified model for multi-class anomaly detection},
  author={You, Zhiyuan and Cui, Lei and Shen, Yujun and Yang, Kai and Lu, Xin and Zheng, Yu and Le, Xinyi},
  journal={NeurIPS},
  year={2022}
}

# Ump3
@inproceedings{casas2021mp3,
  title={Mp3: A unified model to map, perceive, predict and plan},
  author={Casas, Sergio and Sadat, Abbas and Urtasun, Raquel},
  booktitle={CVPR},
  year={2021}
}


#====================================
# newly added by Keqi - Brain Related Application from ICML, NeurIPS and ICLR

# Using Hypergraph to model Brain for phenotypic predictions (cognition score)
@inproceedings{qiu2023learning,
  title={Learning High-Order Relationships of Brain Regions},
  author={Qiu, Weikang and Chu, Huangrui and Wang, Selena and Zuo, Haolan and Li, Xiaoxiao and Zhao, Yize and Ying, Rex},
  booktitle={ICML},
  year={2024}
}

# an inductive and unsupervised anomaly detection method for multimodal brain networks that can detect anomalous patterns in the brains of people living with a disease or disorder
@inproceedings{behrouz2023admire,
  title={ADMIRE++: Explainable anomaly detection in the human brain via inductive learning on temporal multiplex networks},
  author={Behrouz, Ali and Seltzer, Margo},
  booktitle={ICML},
  year={2023}
}


@inproceedings{zhang2024brant,
  title={Brant: Foundation Model for Intracranial Neural Signal},
  author={Zhang, Daoze and Yuan, Zhizhang and Yang, Yang and Chen, Junru and Wang, Jingjing and Li, Yafeng},
  booktitle={NeurIPS},
  year={2023}
}

# Cortical Discovery
@inproceedings{luo2024brain,
  title={Brain diffusion for visual exploration: Cortical discovery using large scale generative models},
  author={Luo, Andrew and Henderson, Maggie and Wehbe, Leila and Tarr, Michael},
  booktitle={NeurIPS},
  year={2023}
}

# Decode Brain Signal to Image
@inproceedings{scotti2024reconstructing,
  title={Reconstructing the mind's eye: fMRI-to-image with contrastive learning and diffusion priors},
  author={Scotti, Paul and Banerjee, Atmadeep and Goode, Jimmie and Shabalin, Stepan and Nguyen, Alex and Dempster, Aidan and Verlinde, Nathalie and Yundler, Elad and Weisberg, David and Norman, Kenneth and others},
  booktitle={NeurIPS},
  year={2023},
}


# Identify specific mental states (e.g., the experience of anger or joy) from brain activity
@inproceedings{thomas2022self,
  title={Self-supervised learning of brain dynamics from broad neuroimaging data},
  author={Thomas, Armin and R{\'e}, Christopher and Poldrack, Russell},
  booktitle={NeurIPS},
  year={2022},
}


# Decode Brain activity to Video
@inproceedings{
chen2023cinematic,
title={Cinematic Mindscapes: High-quality Video Reconstruction from Brain Activity},
author={Zijiao Chen and Jiaxin Qing and Juan Helen Zhou},
booktitle={NeurIPS},
year={2023}
}

# Brain Foundational Model
@inproceedings{
caro2024brainlm,
title={Brain{LM}: A foundation model for brain activity recordings},
author={Josue Ortega Caro and Antonio Henrique de Oliveira Fonseca and Syed A Rizvi and Matteo Rosati and Christopher Averill and James L Cross and Prateek Mittal and Emanuele Zappala and Rahul Madhav Dhodapkar and Chadi Abdallah and David van Dijk},
booktitle={ICLR},
year={2024}
}

# Brain Network Augmentation
@inproceedings{
peng2024adaptive,
title={Adaptive Brain Network Augmentation based on Group-aware Graph Learning},
author={Ciyuan Peng and Mujie Liu and Chenxuan Meng and Shuo Yu and Feng Xia},
booktitle={ICLR},
year={2024}
}











