@article{antonanzas2023remote,
  title={Remote microphone technique for active noise control over distributed networks},
  author={Anto{\~n}anzas, Christian and Ferrer, Miguel and De Diego, Maria and Gonzalez, Alberto},
  journal={IEEE/ACM Transactions on Audio, Speech, and Language Processing},
  volume={31},
  pages={1522--1535},
  year={2023},
  publisher={IEEE}
}

@inproceedings{boucher1991effect,
  title={Effect of errors in the plant model on the performance of algorithms for adaptive feedforward control},
  author={Boucher, CC and Elliott, SJ and Nelson, PA},
  booktitle={IEE Proceedings F (Radar and Signal Processing)},
  volume={138},
  number={4},
  pages={313--319},
  year={1991},
  organization={IET}
}

@article{burgess1981active,
  title={Active adaptive sound control in a duct: A computer simulation},
  author={Burgess, John C},
  journal={The Journal of the Acoustical Society of America},
  volume={70},
  number={3},
  pages={715--726},
  year={1981},
  publisher={Acoustical Society of America}
}

@article{cha2023dnoisenet,
  title={DNoiseNet: Deep learning-based feedback active noise control in various noisy environments},
  author={Cha, Young-Jin and Mostafavi, Alireza and Benipal, Sukhpreet S},
  journal={Engineering Applications of Artificial Intelligence},
  volume={121},
  pages={105971},
  year={2023},
  publisher={Elsevier}
}

@article{chao2024investigation,
  title={An Investigation of Incorporating Mamba for Speech Enhancement},
  author={Chao, Rong and Cheng, Wen-Huang and La Quatra, Moreno and Siniscalchi, Sabato Marco and Yang, Chao-Han Huck and Fu, Szu-Wei and Tsao, Yu},
  journal={arXiv preprint arXiv:2405.06573},
  year={2024}
}

@article{chen2024rawbmamba,
  title={RawBMamba: End-to-End Bidirectional State Space Model for Audio Deepfake Detection},
  author={Chen, Yujie and Yi, Jiangyan and Xue, Jun and Wang, Chenglong and Zhang, Xiaohui and Dong, Shunbo and Zeng, Siding and Tao, Jianhua and Zhao, Lv and Fan, Cunhang},
  journal={arXiv preprint arXiv:2406.06086},
  year={2024}
}

@article{dao2024transformers,
  title={Transformers are SSMs: Generalized models and efficient algorithms through structured state space duality},
  author={Dao, Tri and Gu, Albert},
  journal={arXiv preprint arXiv:2405.21060},
  year={2024}
}

@article{das2004active,
  title={Active mitigation of nonlinear noise processes using a novel filtered-s LMS algorithm},
  author={Das, Debi Prasad and Panda, Ganapati},
  journal={IEEE Transactions on Speech and Audio Processing},
  volume={12},
  number={3},
  pages={313--322},
  year={2004},
  publisher={IEEE}
}

@inproceedings{donley2017active,
  title={Active speech control using wave-domain processing with a linear wall of dipole secondary sources},
  author={Donley, Jacob and Ritz, Christian and Kleijn, W Bastiaan},
  booktitle={2017 IEEE International Conference on Acoustics, Speech and Signal Processing (ICASSP)},
  pages={456--460},
  year={2017},
  organization={IEEE}
}

@article{erol2024audio,
  title={Audio Mamba: Bidirectional State Space Model for Audio Representation Learning},
  author={Erol, Mehmet Hamza and Senocak, Arda and Feng, Jiu and Chung, Joon Son},
  journal={arXiv preprint arXiv:2406.03344},
  year={2024}
}

@book{fuller1996active,
  title={Active control of vibration},
  author={Fuller, Christopher C and Elliott, Sharon and Nelson, Philip Arthur},
  year={1996},
  publisher={Academic press}
}

@article{gannot2003noise,
  title={Noise cancellation with static mixtures of a nonstationary signal and stationary noise},
  author={Gannot, Sharon and Yeredor, Arie},
  journal={EURASIP Journal on Advances in Signal Processing},
  volume={2002},
  pages={1--13},
  year={2003},
  publisher={Springer}
}

@article{ghasemi2016nonlinear,
  title={Nonlinear Thf-Fxlms Algorithm For Active Noise Control With Loudspeaker Nonlinearity},
  author={Ghasemi, Sepehr and Kamil, Raja and Marhaban, Mohammad Hamiruce},
  journal={Asian Journal of Control},
  volume={18},
  number={2},
  pages={502--513},
  year={2016},
  publisher={Wiley Online Library}
}

@article{gu2023mamba,
  title={Mamba: Linear-time sequence modeling with selective state spaces},
  author={Gu, Albert and Dao, Tri},
  journal={arXiv preprint arXiv:2312.00752},
  year={2023}
}

@book{hansen1997active,
  title={Active control of noise and vibration},
  author={Hansen, Colin H and Snyder, Scott D and Qiu, Xiaojun and Brooks, Laura A and Moreau, Danielle J},
  year={1997},
  publisher={E \& Fn Spon London}
}

@inproceedings{iotov2022computationally,
  title={Computationally efficient fixed-filter anc for speech based on long-term prediction for headphone applications},
  author={Iotov, Yurii and N{\o}rholm, Sidsel Marie and Belyi, Valiantsin and Dyrholm, Mads and Christensen, Mads Gr{\ae}sb{\o}ll},
  booktitle={ICASSP 2022-2022 IEEE International Conference on Acoustics, Speech and Signal Processing (ICASSP)},
  pages={761--765},
  year={2022},
  organization={IEEE}
}

@inproceedings{iotov2023adaptive,
  title={Adaptive Sparse Linear Prediction in Fixed-Filter ANC Headphone Applications for Multi-Speaker Speech Reduction},
  author={Iotov, Yurii and N{\o}rholm, Sidsel Marie and Belyi, Valiantsin and Christensen, Mads Gr{\ae}sb{\o}ll},
  booktitle={2023 IEEE Workshop on Applications of Signal Processing to Audio and Acoustics (WASPAA)},
  pages={1--5},
  year={2023},
  organization={IEEE}
}

@article{jiang2024dual,
  title={Dual-path mamba: Short and long-term bidirectional selective structured state space models for speech separation},
  author={Jiang, Xilin and Han, Cong and Mesgarani, Nima},
  journal={arXiv preprint arXiv:2403.18257},
  year={2024}
}

@article{jiang2024speech,
  title={Speech slytherin: Examining the performance and efficiency of mamba for speech separation, recognition, and synthesis},
  author={Jiang, Xilin and Li, Yinghao Aaron and Florea, Adrian Nicolas and Han, Cong and Mesgarani, Nima},
  journal={arXiv preprint arXiv:2407.09732},
  year={2024}
}

@article{kondo2007speech,
  title={Speech emission control using active cancellation},
  author={Kondo, Kazuhiro and Nakagawa, Kiyoshi},
  journal={Speech communication},
  volume={49},
  number={9},
  pages={687--696},
  year={2007},
  publisher={Elsevier}
}

@article{kuo1999active,
  title={Active noise control: a tutorial review},
  author={Kuo, Sen M and Morgan, Dennis R},
  journal={Proceedings of the IEEE},
  volume={87},
  number={6},
  pages={943--973},
  year={1999},
  publisher={IEEE}
}

@article{kuo2005nonlinear,
  title={Nonlinear adaptive bilinear filters for active noise control systems},
  author={Kuo, Sen M and Wu, Hsien-Tsai},
  journal={IEEE Transactions on Circuits and Systems I: Regular Papers},
  volume={52},
  number={3},
  pages={617--624},
  year={2005},
  publisher={IEEE}
}

@article{li2024spmamba,
  title={Spmamba: State-space model is all you need in speech separation},
  author={Li, Kai and Chen, Guo},
  journal={arXiv preprint arXiv:2404.02063},
  year={2024}
}

@article{lin2024audio,
  title={Audio Mamba: Pretrained Audio State Space Model For Audio Tagging},
  author={Lin, Jiaju and Hu, Haoxuan},
  journal={arXiv preprint arXiv:2405.13636},
  year={2024}
}

@article{lueg1936process,
  title={Process of silencing sound oscillations},
  author={Lueg, Paul},
  journal={US patent 2043416},
  year={1936}
}

@article{luo2022hybrid,
  title={A hybrid sfanc-fxnlms algorithm for active noise control based on deep learning},
  author={Luo, Zhengding and Shi, Dongyuan and Gan, Woon-Seng},
  journal={IEEE Signal Processing Letters},
  volume={29},
  pages={1102--1106},
  year={2022},
  publisher={IEEE}
}

@inproceedings{luo2023deep,
  title={Deep generative fixed-filter active noise control},
  author={Luo, Zhengding and Shi, Dongyuan and Shen, Xiaoyi and Ji, Junwei and Gan, Woon-Seng},
  booktitle={ICASSP 2023-2023 IEEE International Conference on Acoustics, Speech and Signal Processing (ICASSP)},
  pages={1--5},
  year={2023},
  organization={IEEE}
}

@article{luo2023delayless,
  title={Delayless generative fixed-filter active noise control based on deep learning and bayesian filter},
  author={Luo, Zhengding and Shi, Dongyuan and Gan, Woon-Seng and Huang, Qirui},
  journal={IEEE/ACM Transactions on Audio, Speech, and Language Processing},
  year={2023},
  publisher={IEEE}
}

@article{luo2023gfanc,
  title={Gfanc-kalman: Generative fixed-filter active noise control with cnn-kalman filtering},
  author={Luo, Zhengding and Shi, Dongyuan and Shen, Xiaoyi and Ji, Junwei and Gan, Woon-Seng},
  journal={IEEE Signal Processing Letters},
  year={2023},
  publisher={IEEE}
}

@inproceedings{luo2024mambagan,
  title={MambaGAN: Mamba based Metric GAN for Monaural Speech Enhancement},
  author={Luo, Tianhao and Zhou, Feng and Bai, Zhongxin},
  booktitle={2024 International Conference on Asian Language Processing (IALP)},
  pages={411--416},
  year={2024},
  organization={IEEE}
}

@inproceedings{luo2024unsupervised,
  title={Unsupervised learning based end-to-end delayless generative fixed-filter active noise control},
  author={Luo, Zhengding and Shi, Dongyuan and Shen, Xiaoyi and Gan, Woon-Seng},
  booktitle={ICASSP 2024-2024 IEEE International Conference on Acoustics, Speech and Signal Processing (ICASSP)},
  pages={441--445},
  year={2024},
  organization={IEEE}
}

@article{mostafavi2023deep,
  title={Deep learning-based active noise control on construction sites},
  author={Mostafavi, Alireza and Cha, Young-Jin},
  journal={Automation in Construction},
  volume={151},
  pages={104885},
  year={2023},
  publisher={Elsevier}
}

@article{mu2024seld,
  title={SELD-Mamba: Selective State-Space Model for Sound Event Localization and Detection with Source Distance Estimation},
  author={Mu, Da and Zhang, Zhicheng and Yue, Haobo and Wang, Zehao and Tang, Jin and Yin, Jianqin},
  journal={arXiv preprint arXiv:2408.05057},
  year={2024}
}

@book{nelson1991active,
  title={Active control of sound},
  author={Nelson, Philip Arthur and Elliott, Stephen J},
  year={1991},
  publisher={Academic press}
}

@article{oppenheim1994single,
  title={Single-sensor active noise cancellation},
  author={Oppenheim, Alan V and Weinstein, Ehud and Zangi, Kambiz C and Feder, Meir and Gauger, Dan},
  journal={IEEE Transactions on Speech and Audio Processing},
  volume={2},
  number={2},
  pages={285--290},
  year={1994},
  publisher={IEEE}
}

@article{pandey2022self,
  title={Self-attending RNN for speech enhancement to improve cross-corpus generalization},
  author={Pandey, Ashutosh and Wang, DeLiang},
  journal={IEEE/ACM Transactions on Audio, Speech, and Language Processing},
  volume={30},
  pages={1374--1385},
  year={2022},
  publisher={IEEE}
}

@inproceedings{park2023had,
  title={HAD-ANC: A Hybrid System Comprising an Adaptive Filter and Deep Neural Networks for Active Noise Control},
  author={Park, JungPhil and Choi, Jeong-Hwan and Kim, Yungyeo and Chang, Joon-Hyuk},
  booktitle={Proceedings of the Annual Conference of the International Speech Communication Association, INTERSPEECH},
  volume={2023},
  pages={2513--2517},
  year={2023},
  organization={International Speech Communication Association}
}

@inproceedings{park2023integrated,
  title={Integrated 3D Active Noise Cancellation Simulation and Synthesis Platform Using Tcl},
  author={Park, Seunghyun and Park, Daejin},
  booktitle={2023 IEEE 16th International Symposium on Embedded Multicore/Many-core Systems-on-Chip (MCSoC)},
  pages={111--116},
  year={2023},
  organization={IEEE}
}

@article{patra1999identification,
  title={Identification of nonlinear dynamic systems using functional link artificial neural networks},
  author={Patra, Jagdish Chandra and Pal, Ranendra N and Chatterji, BN and Panda, Ganapati},
  journal={IEEE transactions on systems, man, and cybernetics, part b (cybernetics)},
  volume={29},
  number={2},
  pages={254--262},
  year={1999},
  publisher={IEEE}
}

@article{pike2023generalized,
  title={Generalized performance of neural network controllers for feedforward active control of nonlinear systems},
  author={Pike, Alexander and Cheer, Jordan},
  year={2023}
}

@article{quan2024multichannel,
  title={Multichannel long-term streaming neural speech enhancement for static and moving speakers},
  author={Quan, Changsheng and Li, Xiaofei},
  journal={arXiv preprint arXiv:2403.07675},
  year={2024}
}

@article{rafaely2009spherical,
  title={Spherical loudspeaker array for local active control of sound},
  author={Rafaely, Boaz},
  journal={The Journal of the Acoustical Society of America},
  volume={125},
  number={5},
  pages={3006--3017},
  year={2009},
  publisher={AIP Publishing}
}

@article{ren2022improved,
  title={An improved artificial bee colony algorithm for model-free active noise control: algorithm and implementation},
  author={Ren, Xing and Zhang, Hongwei},
  journal={IEEE Transactions on Instrumentation and Measurement},
  volume={71},
  pages={1--11},
  year={2022},
  publisher={IEEE}
}

@inproceedings{revach2021kalmannet,
  title={Kalmannet: Data-driven kalman filtering},
  author={Revach, Guy and Shlezinger, Nir and Van Sloun, Ruud JG and Eldar, Yonina C},
  booktitle={ICASSP 2021-2021 IEEE International Conference on Acoustics, Speech and Signal Processing (ICASSP)},
  pages={3905--3909},
  year={2021},
  organization={IEEE}
}

@article{shams2024ssamba,
  title={Ssamba: Self-supervised audio representation learning with mamba state space model},
  author={Shams, Siavash and Dindar, Sukru Samet and Jiang, Xilin and Mesgarani, Nima},
  journal={arXiv preprint arXiv:2405.11831},
  year={2024}
}

@article{shi2020feedforward,
  title={Feedforward selective fixed-filter active noise control: Algorithm and implementation},
  author={Shi, Dongyuan and Gan, Woon-Seng and Lam, Bhan and Wen, Shulin},
  journal={IEEE/ACM Transactions on Audio, Speech, and Language Processing},
  volume={28},
  pages={1479--1492},
  year={2020},
  publisher={IEEE}
}

@inproceedings{shi2022integration,
  title={Integration of anomaly machine sound detection into active noise control to shape the residual sound},
  author={Shi, Chuang and Huang, Mengjie and Jiang, Huitian and Li, Huiyong},
  booktitle={ICASSP 2022-2022 IEEE International Conference on Acoustics, Speech and Signal Processing (ICASSP)},
  pages={8692--8696},
  year={2022},
  organization={IEEE}
}

@article{shi2022selective,
  title={Selective fixed-filter active noise control based on convolutional neural network},
  author={Shi, Dongyuan and Lam, Bhan and Ooi, Kenneth and Shen, Xiaoyi and Gan, Woon-Seng},
  journal={Signal Processing},
  volume={190},
  pages={108317},
  year={2022},
  publisher={Elsevier}
}

@article{shi2023multichannel,
  title={Multichannel two-gradient direction filtered reference least mean square algorithm for output-constrained multichannel active noise control},
  author={Shi, Dongyuan and Lam, Bhan and Shen, Xiaoyi and Gan, Woon-Seng},
  journal={Signal Processing},
  volume={207},
  pages={108938},
  year={2023},
  publisher={Elsevier}
}

@article{shi2023transferable,
  title={Transferable latent of cnn-based selective fixed-filter active noise control},
  author={Shi, Dongyuan and Gan, Woon-Seng and Lam, Bhan and Luo, Zhengding and Shen, Xiaoyi},
  journal={IEEE/ACM Transactions on Audio, Speech, and Language Processing},
  volume={31},
  pages={2910--2921},
  year={2023},
  publisher={IEEE}
}

@article{shi2024behind,
  title={What is behind the meta-learning initialization of adaptive filter?—a naive method for accelerating convergence of adaptive multichannel active noise control},
  author={Shi, Dongyuan and Gan, Woon-seng and Shen, Xiaoyi and Luo, Zhengding and Ji, Junwei},
  journal={Neural Networks},
  volume={172},
  pages={106145},
  year={2024},
  publisher={Elsevier}
}

@article{singh2024enhancing,
  title={Enhancing active noise control through stacked autoencoders: Training strategies, comparative analysis, and evaluation with practical setup},
  author={Singh, Deepali and Gupta, Rinki and Kumar, Arun and Bahl, Rajendar},
  journal={Engineering Applications of Artificial Intelligence},
  volume={135},
  pages={108811},
  year={2024},
  publisher={Elsevier}
}

@article{tan2001adaptive,
  title={Adaptive Volterra filters for active control of nonlinear noise processes},
  author={Tan, Li and Jiang, Jean},
  journal={IEEE Transactions on signal processing},
  volume={49},
  number={8},
  pages={1667--1676},
  year={2001},
  publisher={IEEE}
}

@article{tobias2005leaky,
  title={Leaky-FXLMS algorithm: Stochastic analysis for Gaussian data and secondary path modeling error},
  author={Tobias, Orlando Jos{\'e} and Seara, Rui},
  journal={IEEE Transactions on speech and audio processing},
  volume={13},
  number={6},
  pages={1217--1230},
  year={2005},
  publisher={IEEE}
}

@article{waveumamba,
  title={Wave-U-Mamba: An End-To-End Framework For High-Quality And Efficient Speech Super
Resolution},
  author={Lee, Yongjoon and Kim, Chanwoo},
  journal={arXiv preprint arXiv:2403.09337},
  year={2024}
}

@article{xiao2023spatially,
  title={Spatially selective active noise control systems},
  author={Xiao, Tong and Xu, Buye and Zhao, Chuming},
  journal={The Journal of the Acoustical Society of America},
  volume={153},
  number={5},
  pages={2733--2733},
  year={2023},
  publisher={AIP Publishing}
}

@article{xiao2024tf,
  title={TF-Mamba: A Time-Frequency Network for Sound Source Localization},
  author={Xiao, Yang and Das, Rohan Kumar},
  journal={arXiv preprint arXiv:2409.05034},
  year={2024}
}

@article{yadav2024audio,
  title={Audio Mamba: Selective State Spaces for Self-Supervised Audio Representations},
  author={Yadav, Sarthak and Tan, Zheng-Hua},
  journal={arXiv preprint arXiv:2406.02178},
  year={2024}
}

@article{zhang2021deep,
  title={Deep ANC: A deep learning approach to active noise control},
  author={Zhang, Hao and Wang, DeLiang},
  journal={Neural Networks},
  volume={141},
  pages={1--10},
  year={2021},
  publisher={Elsevier}
}

@article{zhang2023deep,
  title={Deep MCANC: A deep learning approach to multi-channel active noise control},
  author={Zhang, Hao and Wang, DeLiang},
  journal={Neural Networks},
  volume={158},
  pages={318--327},
  year={2023},
  publisher={Elsevier}
}

@article{zhang2023low,
  title={Low-latency active noise control using attentive recurrent network},
  author={Zhang, Hao and Pandey, Ashutosh and others},
  journal={IEEE/ACM transactions on audio, speech, and language processing},
  volume={31},
  pages={1114--1123},
  year={2023},
  publisher={IEEE}
}

@inproceedings{zhang2023time,
  title={A Time-Domain Multi-Channel Directional Active Noise Control System},
  author={Zhang, Huawei and Zhang, Jihui and Ma, Fei and Samarasinghe, Prasanga N and Sun, Huiyuan},
  booktitle={2023 31st European Signal Processing Conference (EUSIPCO)},
  pages={376--380},
  year={2023},
  organization={IEEE}
}

@article{zhang2024mamba,
  title={Mamba in Speech: Towards an Alternative to Self-Attention},
  author={Zhang, Xiangyu and Zhang, Qiquan and Liu, Hexin and Xiao, Tianyi and Qian, Xinyuan and Ahmed, Beena and Ambikairajah, Eliathamby and Li, Haizhou and Epps, Julien},
  journal={arXiv preprint arXiv:2405.12609},
  year={2024}
}

@article{zhang2024rethinking,
  title={Rethinking Mamba in Speech Processing by Self-Supervised Models},
  author={Zhang, Xiangyu and Ma, Jianbo and Shahin, Mostafa and Ahmed, Beena and Epps, Julien},
  journal={arXiv preprint arXiv:2409.07273},
  year={2024}
}

@article{zhou2023genetic,
  title={Genetic algorithm-based adaptive active noise control without secondary path identification},
  author={Zhou, Yang and Zhao, Haiquan and Liu, Dongxu},
  journal={IEEE Transactions on Instrumentation and Measurement},
  year={2023},
  publisher={IEEE}
}

@inproceedings{zhu2021new,
  title={A new dropout leaky control strategy for multi-channel narrowband active noise cancellation in irregular reverberation room},
  author={Zhu, Wenzhao and Xu, Bo and Meng, Zong and Luo, Lei},
  booktitle={2021 7th International Conference on Computer and Communications (ICCC)},
  pages={1773--1777},
  year={2021},
  organization={IEEE}
}

