@incollection{Bengio+chapter2007,
author = {Bengio, Yoshua and LeCun, Yann},
booktitle = {Large Scale Kernel Machines},
publisher = {MIT Press},
title = {Scaling Learning Algorithms Towards {AI}},
year = {2007}
}

@article{Hinton06,
author = {Hinton, Geoffrey E. and Osindero, Simon and Teh, Yee Whye},
journal = {Neural Computation},
pages = {1527--1554},
title = {A Fast Learning Algorithm for Deep Belief Nets},
volume = {18},
year = {2006}
}

@book{goodfellow2016deep,
title={Deep learning},
author={Goodfellow, Ian and Bengio, Yoshua and Courville, Aaron and Bengio, Yoshua},
volume={1},
year={2016},
publisher={MIT Press}
}

@article{tropp2006just,
  title={Just relax: Convex programming methods for identifying sparse signals in noise},
  author={Tropp, Joel A},
  journal={IEEE transactions on information theory},
  volume={52},
  number={3},
  pages={1030--1051},
  year={2006},
  publisher={IEEE}
}

@inproceedings{iotov2022computationally,
  title={Computationally efficient fixed-filter anc for speech based on long-term prediction for headphone applications},
  author={Iotov, Yurii and N{\o}rholm, Sidsel Marie and Belyi, Valiantsin and Dyrholm, Mads and Christensen, Mads Gr{\ae}sb{\o}ll},
  booktitle={ICASSP 2022-2022 IEEE International Conference on Acoustics, Speech and Signal Processing (ICASSP)},
  pages={761--765},
  year={2022},
  organization={IEEE}
}

@inproceedings{iotov2023adaptive,
  title={Adaptive Sparse Linear Prediction in Fixed-Filter ANC Headphone Applications for Multi-Speaker Speech Reduction},
  author={Iotov, Yurii and N{\o}rholm, Sidsel Marie and Belyi, Valiantsin and Christensen, Mads Gr{\ae}sb{\o}ll},
  booktitle={2023 IEEE Workshop on Applications of Signal Processing to Audio and Acoustics (WASPAA)},
  pages={1--5},
  year={2023},
  organization={IEEE}
}

@article{gu2023mamba,
  title={Mamba: Linear-time sequence modeling with selective state spaces},
  author={Gu, Albert and Dao, Tri},
  journal={arXiv preprint arXiv:2312.00752},
  year={2023}
}

@article{li2024spmamba,
  title={Spmamba: State-space model is all you need in speech separation},
  author={Li, Kai and Chen, Guo},
  journal={arXiv preprint arXiv:2404.02063},
  year={2024}
}

@article{zhang2024mamba,
  title={Mamba in Speech: Towards an Alternative to Self-Attention},
  author={Zhang, Xiangyu and Zhang, Qiquan and Liu, Hexin and Xiao, Tianyi and Qian, Xinyuan and Ahmed, Beena and Ambikairajah, Eliathamby and Li, Haizhou and Epps, Julien},
  journal={arXiv preprint arXiv:2405.12609},
  year={2024}
}

@article{dao2024transformers,
  title={Transformers are SSMs: Generalized models and efficient algorithms through structured state space duality},
  author={Dao, Tri and Gu, Albert},
  journal={arXiv preprint arXiv:2405.21060},
  year={2024}
}

@article{jiang2024dual,
  title={Dual-path mamba: Short and long-term bidirectional selective structured state space models for speech separation},
  author={Jiang, Xilin and Han, Cong and Mesgarani, Nima},
  journal={arXiv preprint arXiv:2403.18257},
  year={2024}
}

@article{waveumamba,
  title={Wave-U-Mamba: An End-To-End Framework For High-Quality And Efficient Speech Super
Resolution},
  author={Lee, Yongjoon and Kim, Chanwoo},
  journal={arXiv preprint arXiv:2403.09337},
  year={2024}
}

@article{quan2024multichannel,
  title={Multichannel long-term streaming neural speech enhancement for static and moving speakers},
  author={Quan, Changsheng and Li, Xiaofei},
  journal={arXiv preprint arXiv:2403.07675},
  year={2024}
}

@article{erol2024audio,
  title={Audio Mamba: Bidirectional State Space Model for Audio Representation Learning},
  author={Erol, Mehmet Hamza and Senocak, Arda and Feng, Jiu and Chung, Joon Son},
  journal={arXiv preprint arXiv:2406.03344},
  year={2024}
}

@article{mu2024seld,
  title={SELD-Mamba: Selective State-Space Model for Sound Event Localization and Detection with Source Distance Estimation},
  author={Mu, Da and Zhang, Zhicheng and Yue, Haobo and Wang, Zehao and Tang, Jin and Yin, Jianqin},
  journal={arXiv preprint arXiv:2408.05057},
  year={2024}
}

@article{xiao2024tf,
  title={TF-Mamba: A Time-Frequency Network for Sound Source Localization},
  author={Xiao, Yang and Das, Rohan Kumar},
  journal={arXiv preprint arXiv:2409.05034},
  year={2024}
}

@article{chen2024rawbmamba,
  title={RawBMamba: End-to-End Bidirectional State Space Model for Audio Deepfake Detection},
  author={Chen, Yujie and Yi, Jiangyan and Xue, Jun and Wang, Chenglong and Zhang, Xiaohui and Dong, Shunbo and Zeng, Siding and Tao, Jianhua and Zhao, Lv and Fan, Cunhang},
  journal={arXiv preprint arXiv:2406.06086},
  year={2024}
}

@article{lin2024audio,
  title={Audio Mamba: Pretrained Audio State Space Model For Audio Tagging},
  author={Lin, Jiaju and Hu, Haoxuan},
  journal={arXiv preprint arXiv:2405.13636},
  year={2024}
}

@article{yadav2024audio,
  title={Audio Mamba: Selective State Spaces for Self-Supervised Audio Representations},
  author={Yadav, Sarthak and Tan, Zheng-Hua},
  journal={arXiv preprint arXiv:2406.02178},
  year={2024}
}

@article{rafaely2009spherical,
  title={Spherical loudspeaker array for local active control of sound},
  author={Rafaely, Boaz},
  journal={The Journal of the Acoustical Society of America},
  volume={125},
  number={5},
  pages={3006--3017},
  year={2009},
  publisher={AIP Publishing}
}

@inproceedings{luo2024mambagan,
  title={MambaGAN: Mamba based Metric GAN for Monaural Speech Enhancement},
  author={Luo, Tianhao and Zhou, Feng and Bai, Zhongxin},
  booktitle={2024 International Conference on Asian Language Processing (IALP)},
  pages={411--416},
  year={2024},
  organization={IEEE}
}

@article{shams2024ssamba,
  title={Ssamba: Self-supervised audio representation learning with mamba state space model},
  author={Shams, Siavash and Dindar, Sukru Samet and Jiang, Xilin and Mesgarani, Nima},
  journal={arXiv preprint arXiv:2405.11831},
  year={2024}
}

@article{zhang2024rethinking,
  title={Rethinking Mamba in Speech Processing by Self-Supervised Models},
  author={Zhang, Xiangyu and Ma, Jianbo and Shahin, Mostafa and Ahmed, Beena and Epps, Julien},
  journal={arXiv preprint arXiv:2409.07273},
  year={2024}
}

@article{chao2024investigation,
  title={An Investigation of Incorporating Mamba for Speech Enhancement},
  author={Chao, Rong and Cheng, Wen-Huang and La Quatra, Moreno and Siniscalchi, Sabato Marco and Yang, Chao-Han Huck and Fu, Szu-Wei and Tsao, Yu},
  journal={arXiv preprint arXiv:2405.06573},
  year={2024}
}

@article{jiang2024speech,
  title={Speech slytherin: Examining the performance and efficiency of mamba for speech separation, recognition, and synthesis},
  author={Jiang, Xilin and Li, Yinghao Aaron and Florea, Adrian Nicolas and Han, Cong and Mesgarani, Nima},
  journal={arXiv preprint arXiv:2407.09732},
  year={2024}
}

@inproceedings{donley2017active,
  title={Active speech control using wave-domain processing with a linear wall of dipole secondary sources},
  author={Donley, Jacob and Ritz, Christian and Kleijn, W Bastiaan},
  booktitle={2017 IEEE International Conference on Acoustics, Speech and Signal Processing (ICASSP)},
  pages={456--460},
  year={2017},
  organization={IEEE}
}

@article{kondo2007speech,
  title={Speech emission control using active cancellation},
  author={Kondo, Kazuhiro and Nakagawa, Kiyoshi},
  journal={Speech communication},
  volume={49},
  number={9},
  pages={687--696},
  year={2007},
  publisher={Elsevier}
}

@article{zeghidour2021soundstream,
  title={Soundstream: An end-to-end neural audio codec},
  author={Zeghidour, Neil and Luebs, Alejandro and Omran, Ahmed and Skoglund, Jan and Tagliasacchi, Marco},
  journal={IEEE/ACM Transactions on Audio, Speech, and Language Processing},
  volume={30},
  pages={495--507},
  year={2021},
  publisher={IEEE}
}

@article{defossez2022high,
  title={High fidelity neural audio compression},
  author={D{\'e}fossez, Alexandre and Copet, Jade and Synnaeve, Gabriel and Adi, Yossi},
  journal={arXiv preprint arXiv:2210.13438},
  year={2022}
}


@article{zhang2021deep,
  title={Deep ANC: A deep learning approach to active noise control},
  author={Zhang, Hao and Wang, DeLiang},
  journal={Neural Networks},
  volume={141},
  pages={1--10},
  year={2021},
  publisher={Elsevier}
}

@article{kingma2014adam,
  title={Adam: A method for stochastic optimization},
  author={Kingma, Diederik P},
  journal={arXiv preprint arXiv:1412.6980},
  year={2014}
}

@inproceedings{luo2020dual,
  title={Dual-path rnn: efficient long sequence modeling for time-domain single-channel speech separation},
  author={Luo, Yi and Chen, Zhuo and Yoshioka, Takuya},
  booktitle={ICASSP 2020-2020 IEEE International Conference on Acoustics, Speech and Signal Processing (ICASSP)},
  pages={46--50},
  year={2020},
  organization={IEEE}
}

@article{lueg1936process,
  title={Process of silencing sound oscillations},
  author={Lueg, Paul},
  journal={US patent 2043416},
  year={1936}
}

@article{garofolo1993timit,
  title={Timit acoustic phonetic continuous speech corpus},
  author={Garofolo, John S},
  journal={Linguistic Data Consortium, 1993},
  year={1993}
}

@article{varga1993assessment,
  title={Assessment for automatic speech recognition: II. NOISEX-92: A database and an experiment to study the effect of additive noise on speech recognition systems},
  author={Varga, Andrew and Steeneken, Herman JM},
  journal={Speech communication},
  volume={12},
  number={3},
  pages={247--251},
  year={1993},
  publisher={Elsevier}
}

@article{vaswani2017attention,
  title={Attention is all you need},
  author={Vaswani, A},
  journal={Advances in Neural Information Processing Systems},
  year={2017}
}

@book{hansen1997active,
  title={Active control of noise and vibration},
  author={Hansen, Colin H and Snyder, Scott D and Qiu, Xiaojun and Brooks, Laura A and Moreau, Danielle J},
  year={1997},
  publisher={E \& Fn Spon London}
}

@book{fuller1996active,
  title={Active control of vibration},
  author={Fuller, Christopher C and Elliott, Sharon and Nelson, Philip Arthur},
  year={1996},
  publisher={Academic press}
}

@article{kuo1999active,
  title={Active noise control: a tutorial review},
  author={Kuo, Sen M and Morgan, Dennis R},
  journal={Proceedings of the IEEE},
  volume={87},
  number={6},
  pages={943--973},
  year={1999},
  publisher={IEEE}
}

@book{nelson1991active,
  title={Active control of sound},
  author={Nelson, Philip Arthur and Elliott, Stephen J},
  year={1991},
  publisher={Academic press}
}



@article{burgess1981active,
  title={Active adaptive sound control in a duct: A computer simulation},
  author={Burgess, John C},
  journal={The Journal of the Acoustical Society of America},
  volume={70},
  number={3},
  pages={715--726},
  year={1981},
  publisher={Acoustical Society of America}
}

@inproceedings{boucher1991effect,
  title={Effect of errors in the plant model on the performance of algorithms for adaptive feedforward control},
  author={Boucher, CC and Elliott, SJ and Nelson, PA},
  booktitle={IEE Proceedings F (Radar and Signal Processing)},
  volume={138},
  number={4},
  pages={313--319},
  year={1991},
  organization={IET}
}

@article{das2004active,
  title={Active mitigation of nonlinear noise processes using a novel filtered-s LMS algorithm},
  author={Das, Debi Prasad and Panda, Ganapati},
  journal={IEEE Transactions on Speech and Audio Processing},
  volume={12},
  number={3},
  pages={313--322},
  year={2004},
  publisher={IEEE}
}

@article{kuo2005nonlinear,
  title={Nonlinear adaptive bilinear filters for active noise control systems},
  author={Kuo, Sen M and Wu, Hsien-Tsai},
  journal={IEEE Transactions on Circuits and Systems I: Regular Papers},
  volume={52},
  number={3},
  pages={617--624},
  year={2005},
  publisher={IEEE}
}

@inproceedings{subakan2021attention,
  title={Attention is all you need in speech separation},
  author={Subakan, Cem and Ravanelli, Mirco and Cornell, Samuele and Bronzi, Mirko and Zhong, Jianyuan},
  booktitle={ICASSP 2021-2021 IEEE International Conference on Acoustics, Speech and Signal Processing (ICASSP)},
  pages={21--25},
  year={2021},
  organization={IEEE}
}

@article{tobias2005leaky,
  title={Leaky-FXLMS algorithm: Stochastic analysis for Gaussian data and secondary path modeling error},
  author={Tobias, Orlando Jos{\'e} and Seara, Rui},
  journal={IEEE Transactions on speech and audio processing},
  volume={13},
  number={6},
  pages={1217--1230},
  year={2005},
  publisher={IEEE}
}


@article{ghasemi2016nonlinear,
  title={Nonlinear Thf-Fxlms Algorithm For Active Noise Control With Loudspeaker Nonlinearity},
  author={Ghasemi, Sepehr and Kamil, Raja and Marhaban, Mohammad Hamiruce},
  journal={Asian Journal of Control},
  volume={18},
  number={2},
  pages={502--513},
  year={2016},
  publisher={Wiley Online Library}
}

@article{patra1999identification,
  title={Identification of nonlinear dynamic systems using functional link artificial neural networks},
  author={Patra, Jagdish Chandra and Pal, Ranendra N and Chatterji, BN and Panda, Ganapati},
  journal={IEEE transactions on systems, man, and cybernetics, part b (cybernetics)},
  volume={29},
  number={2},
  pages={254--262},
  year={1999},
  publisher={IEEE}
}

@article{tan2001adaptive,
  title={Adaptive Volterra filters for active control of nonlinear noise processes},
  author={Tan, Li and Jiang, Jean},
  journal={IEEE Transactions on signal processing},
  volume={49},
  number={8},
  pages={1667--1676},
  year={2001},
  publisher={IEEE}
}


@article{habets2008robust,
  title={Robust early echo cancellation and late echo suppression in the STFT domain},
  author={Habets, Emanu{\"e}l AP and Gannot, Sharon and Cohen, Israel},
  journal={Proc. of 11th Int. Worksh. on Acoust. Echo and Noise Control IWAENC 2008},
  year={2008},
  publisher={Citeseer}
}


@article{benesty2001advances,
  title={Advances in network and acoustic echo cancellation},
  author={Benesty, Jacob and G{\"a}nsler, Tomas and Morgan, Dennis R and Sondhi, M Mohan and Gay, Steven L and others},
  year={2001},
  publisher={Springer}
}

@article{ivry2021nonlinear,
  title={Nonlinear acoustic echo cancellation with deep learning},
  author={Ivry, Amir and Cohen, Israel and Berdugo, Baruch},
  journal={arXiv preprint arXiv:2106.13754},
  year={2021}
}

@article{habets2008robust,
  title={Robust early echo cancellation and late echo suppression in the STFT domain},
  author={Habets, Emanu{\"e}l AP and Gannot, Sharon and Cohen, Israel},
  journal={Proc. of 11th Int. Worksh. on Acoust. Echo and Noise Control IWAENC 2008},
  year={2008},
  publisher={Citeseer}
}

@article{gannot2003noise,
  title={Noise cancellation with static mixtures of a nonstationary signal and stationary noise},
  author={Gannot, Sharon and Yeredor, Arie},
  journal={EURASIP Journal on Advances in Signal Processing},
  volume={2002},
  pages={1--13},
  year={2003},
  publisher={Springer}
}

@article{oppenheim1994single,
  title={Single-sensor active noise cancellation},
  author={Oppenheim, Alan V and Weinstein, Ehud and Zangi, Kambiz C and Feder, Meir and Gauger, Dan},
  journal={IEEE Transactions on Speech and Audio Processing},
  volume={2},
  number={2},
  pages={285--290},
  year={1994},
  publisher={IEEE}
}

@inproceedings{revach2021kalmannet,
  title={Kalmannet: Data-driven kalman filtering},
  author={Revach, Guy and Shlezinger, Nir and Van Sloun, Ruud JG and Eldar, Yonina C},
  booktitle={ICASSP 2021-2021 IEEE International Conference on Acoustics, Speech and Signal Processing (ICASSP)},
  pages={3905--3909},
  year={2021},
  organization={IEEE}
}

@article{mostafavi2023deep,
  title={Deep learning-based active noise control on construction sites},
  author={Mostafavi, Alireza and Cha, Young-Jin},
  journal={Automation in Construction},
  volume={151},
  pages={104885},
  year={2023},
  publisher={Elsevier}
}


@article{cha2023dnoisenet,
  title={DNoiseNet: Deep learning-based feedback active noise control in various noisy environments},
  author={Cha, Young-Jin and Mostafavi, Alireza and Benipal, Sukhpreet S},
  journal={Engineering Applications of Artificial Intelligence},
  volume={121},
  pages={105971},
  year={2023},
  publisher={Elsevier}
}

@article{zhang2023deep,
  title={Deep MCANC: A deep learning approach to multi-channel active noise control},
  author={Zhang, Hao and Wang, DeLiang},
  journal={Neural Networks},
  volume={158},
  pages={318--327},
  year={2023},
  publisher={Elsevier}
}

@article{shi2024behind,
  title={What is behind the meta-learning initialization of adaptive filter?—a naive method for accelerating convergence of adaptive multichannel active noise control},
  author={Shi, Dongyuan and Gan, Woon-seng and Shen, Xiaoyi and Luo, Zhengding and Ji, Junwei},
  journal={Neural Networks},
  volume={172},
  pages={106145},
  year={2024},
  publisher={Elsevier}
}

@article{shi2023multichannel,
  title={Multichannel two-gradient direction filtered reference least mean square algorithm for output-constrained multichannel active noise control},
  author={Shi, Dongyuan and Lam, Bhan and Shen, Xiaoyi and Gan, Woon-Seng},
  journal={Signal Processing},
  volume={207},
  pages={108938},
  year={2023},
  publisher={Elsevier}
}

@article{luo2024real,
  title={Real-time implementation and explainable AI analysis of delayless CNN-based selective fixed-filter active noise control},
  author={Luo, Zhengding and Shi, Dongyuan and Ji, Junwei and Shen, Xiaoyi and Gan, Woon-Seng},
  journal={Mechanical Systems and Signal Processing},
  volume={214},
  pages={111364},
  year={2024},
  publisher={Elsevier}
}

@article{luo2023gfanc,
  title={Gfanc-kalman: Generative fixed-filter active noise control with cnn-kalman filtering},
  author={Luo, Zhengding and Shi, Dongyuan and Shen, Xiaoyi and Ji, Junwei and Gan, Woon-Seng},
  journal={IEEE Signal Processing Letters},
  year={2023},
  publisher={IEEE}
}

@article{tobias2006lms,
  title={On the LMS algorithm with constant and variable leakage factor in a nonlinear environment},
  author={Tobias, Orlando Jos{\'e} and Seara, Rui},
  journal={IEEE transactions on signal processing},
  volume={54},
  number={9},
  pages={3448--3458},
  year={2006},
  publisher={IEEE}
}

@article{pandey2022self,
  title={Self-attending RNN for speech enhancement to improve cross-corpus generalization},
  author={Pandey, Ashutosh and Wang, DeLiang},
  journal={IEEE/ACM Transactions on Audio, Speech, and Language Processing},
  volume={30},
  pages={1374--1385},
  year={2022},
  publisher={IEEE}
}

@article{zhang2023low,
  title={Low-latency active noise control using attentive recurrent network},
  author={Zhang, Hao and Pandey, Ashutosh and others},
  journal={IEEE/ACM transactions on audio, speech, and language processing},
  volume={31},
  pages={1114--1123},
  year={2023},
  publisher={IEEE}
}

@article{zhou2023genetic,
  title={Genetic algorithm-based adaptive active noise control without secondary path identification},
  author={Zhou, Yang and Zhao, Haiquan and Liu, Dongxu},
  journal={IEEE Transactions on Instrumentation and Measurement},
  year={2023},
  publisher={IEEE}
}

@article{shi2020feedforward,
  title={Feedforward selective fixed-filter active noise control: Algorithm and implementation},
  author={Shi, Dongyuan and Gan, Woon-Seng and Lam, Bhan and Wen, Shulin},
  journal={IEEE/ACM Transactions on Audio, Speech, and Language Processing},
  volume={28},
  pages={1479--1492},
  year={2020},
  publisher={IEEE}
}


@article{luo2022hybrid,
  title={A hybrid sfanc-fxnlms algorithm for active noise control based on deep learning},
  author={Luo, Zhengding and Shi, Dongyuan and Gan, Woon-Seng},
  journal={IEEE Signal Processing Letters},
  volume={29},
  pages={1102--1106},
  year={2022},
  publisher={IEEE}
}

@article{shi2022selective,
  title={Selective fixed-filter active noise control based on convolutional neural network},
  author={Shi, Dongyuan and Lam, Bhan and Ooi, Kenneth and Shen, Xiaoyi and Gan, Woon-Seng},
  journal={Signal Processing},
  volume={190},
  pages={108317},
  year={2022},
  publisher={Elsevier}
}

@article{shi2023transferable,
  title={Transferable latent of cnn-based selective fixed-filter active noise control},
  author={Shi, Dongyuan and Gan, Woon-Seng and Lam, Bhan and Luo, Zhengding and Shen, Xiaoyi},
  journal={IEEE/ACM Transactions on Audio, Speech, and Language Processing},
  volume={31},
  pages={2910--2921},
  year={2023},
  publisher={IEEE}
}

@inproceedings{luo2023deep,
  title={Deep generative fixed-filter active noise control},
  author={Luo, Zhengding and Shi, Dongyuan and Shen, Xiaoyi and Ji, Junwei and Gan, Woon-Seng},
  booktitle={ICASSP 2023-2023 IEEE International Conference on Acoustics, Speech and Signal Processing (ICASSP)},
  pages={1--5},
  year={2023},
  organization={IEEE}
}

@article{luo2023delayless,
  title={Delayless generative fixed-filter active noise control based on deep learning and bayesian filter},
  author={Luo, Zhengding and Shi, Dongyuan and Gan, Woon-Seng and Huang, Qirui},
  journal={IEEE/ACM Transactions on Audio, Speech, and Language Processing},
  year={2023},
  publisher={IEEE}
}

@article{ren2022improved,
  title={An improved artificial bee colony algorithm for model-free active noise control: algorithm and implementation},
  author={Ren, Xing and Zhang, Hongwei},
  journal={IEEE Transactions on Instrumentation and Measurement},
  volume={71},
  pages={1--11},
  year={2022},
  publisher={IEEE}
}

@inproceedings{zhang2022attentive,
  title={Attentive Recurrent Network for Low-Latency Active Noise Control.},
  author={Zhang, Hao and Pandey, Ashutosh and Wang, DeLiang},
  booktitle={INTERSPEECH},
  pages={956--960},
  year={2022}
}

@article{antonanzas2023remote,
  title={Remote microphone technique for active noise control over distributed networks},
  author={Anto{\~n}anzas, Christian and Ferrer, Miguel and De Diego, Maria and Gonzalez, Alberto},
  journal={IEEE/ACM Transactions on Audio, Speech, and Language Processing},
  volume={31},
  pages={1522--1535},
  year={2023},
  publisher={IEEE}
}

@inproceedings{luo2024unsupervised,
  title={Unsupervised learning based end-to-end delayless generative fixed-filter active noise control},
  author={Luo, Zhengding and Shi, Dongyuan and Shen, Xiaoyi and Gan, Woon-Seng},
  booktitle={ICASSP 2024-2024 IEEE International Conference on Acoustics, Speech and Signal Processing (ICASSP)},
  pages={441--445},
  year={2024},
  organization={IEEE}
}

@article{singh2024enhancing,
  title={Enhancing active noise control through stacked autoencoders: Training strategies, comparative analysis, and evaluation with practical setup},
  author={Singh, Deepali and Gupta, Rinki and Kumar, Arun and Bahl, Rajendar},
  journal={Engineering Applications of Artificial Intelligence},
  volume={135},
  pages={108811},
  year={2024},
  publisher={Elsevier}
}

@article{xiao2023spatially,
  title={Spatially selective active noise control systems},
  author={Xiao, Tong and Xu, Buye and Zhao, Chuming},
  journal={The Journal of the Acoustical Society of America},
  volume={153},
  number={5},
  pages={2733--2733},
  year={2023},
  publisher={AIP Publishing}
}

@inproceedings{park2023had,
  title={HAD-ANC: A Hybrid System Comprising an Adaptive Filter and Deep Neural Networks for Active Noise Control},
  author={Park, JungPhil and Choi, Jeong-Hwan and Kim, Yungyeo and Chang, Joon-Hyuk},
  booktitle={Proceedings of the Annual Conference of the International Speech Communication Association, INTERSPEECH},
  volume={2023},
  pages={2513--2517},
  year={2023},
  organization={International Speech Communication Association}
}

@inproceedings{shi2022integration,
  title={Integration of anomaly machine sound detection into active noise control to shape the residual sound},
  author={Shi, Chuang and Huang, Mengjie and Jiang, Huitian and Li, Huiyong},
  booktitle={ICASSP 2022-2022 IEEE International Conference on Acoustics, Speech and Signal Processing (ICASSP)},
  pages={8692--8696},
  year={2022},
  organization={IEEE}
}

@article{pike2023generalized,
  title={Generalized performance of neural network controllers for feedforward active control of nonlinear systems},
  author={Pike, Alexander and Cheer, Jordan},
  year={2023}
}

@inproceedings{zhang2023time,
  title={A Time-Domain Multi-Channel Directional Active Noise Control System},
  author={Zhang, Huawei and Zhang, Jihui and Ma, Fei and Samarasinghe, Prasanga N and Sun, Huiyuan},
  booktitle={2023 31st European Signal Processing Conference (EUSIPCO)},
  pages={376--380},
  year={2023},
  organization={IEEE}
}

@inproceedings{zhu2021new,
  title={A new dropout leaky control strategy for multi-channel narrowband active noise cancellation in irregular reverberation room},
  author={Zhu, Wenzhao and Xu, Bo and Meng, Zong and Luo, Lei},
  booktitle={2021 7th International Conference on Computer and Communications (ICCC)},
  pages={1773--1777},
  year={2021},
  organization={IEEE}
}

@inproceedings{park2023integrated,
  title={Integrated 3D Active Noise Cancellation Simulation and Synthesis Platform Using Tcl},
  author={Park, Seunghyun and Park, Daejin},
  booktitle={2023 IEEE 16th International Symposium on Embedded Multicore/Many-core Systems-on-Chip (MCSoC)},
  pages={111--116},
  year={2023},
  organization={IEEE}
}


@inproceedings{rix2001perceptual,
  title={Perceptual evaluation of speech quality (PESQ)-a new method for speech quality assessment of telephone networks and codecs},
  author={Rix, Antony W and Beerends, John G and Hollier, Michael P and Hekstra, Andries P},
  booktitle={2001 IEEE international conference on acoustics, speech, and signal processing. Proceedings (Cat. No. 01CH37221)},
  volume={2},
  pages={749--752},
  year={2001},
  organization={IEEE}
}

@inproceedings{taal2010short,
  title={A short-time objective intelligibility measure for time-frequency weighted noisy speech},
  author={Taal, Cees H and Hendriks, Richard C and Heusdens, Richard and Jensen, Jesper},
  booktitle={2010 IEEE international conference on acoustics, speech and signal processing},
  pages={4214--4217},
  year={2010},
  organization={IEEE}
}

@inproceedings{panayotov2015librispeech,
  title={Librispeech: an asr corpus based on public domain audio books},
  author={Panayotov, Vassil and Chen, Guoguo and Povey, Daniel and Khudanpur, Sanjeev},
  booktitle={2015 IEEE international conference on acoustics, speech and signal processing (ICASSP)},
  pages={5206--5210},
  year={2015},
  organization={IEEE}
}

@article{garofolo1993csr,
  title={Csr-i (wsj0) complete ldc93s6a},
  author={Garofolo, John and Graff, David and Paul, Doug and Pallett, David},
  journal={Web Download. Philadelphia: Linguistic Data Consortium},
  volume={83},
  year={1993}
}

@inproceedings{gemmeke2017audio,
  title={Audio set: An ontology and human-labeled dataset for audio events},
  author={Gemmeke, Jort F and Ellis, Daniel PW and Freedman, Dylan and Jansen, Aren and Lawrence, Wade and Moore, R Channing and Plakal, Manoj and Ritter, Marvin},
  booktitle={2017 IEEE international conference on acoustics, speech and signal processing (ICASSP)},
  pages={776--780},
  year={2017},
  organization={IEEE}
}

@article{allen1979image,
  title={Image method for efficiently simulating small-room acoustics},
  author={Allen, Jont B and Berkley, David A},
  journal={The Journal of the Acoustical Society of America},
  volume={65},
  number={4},
  pages={943--950},
  year={1979},
  publisher={Acoustical Society of America}
}

@article{JIANG2018139,
title = {Review of active noise control techniques with emphasis on sound quality enhancement},
journal = {Applied Acoustics},
volume = {136},
pages = {139-148},
year = {2018},
doi = {https://doi.org/10.1016/j.apacoust.2018.02.021},
url = {https://www.sciencedirect.com/science/article/pii/S0003682X17307351},
author = {Jiguang Jiang and Yun Li},
}

@INPROCEEDINGS{8577985,
  author={Liebich, Stefan and Fabry, Johannes and Jax, Peter and Vary, Peter},
  booktitle={Speech Communication; 13th ITG-Symposium}, 
  title={Signal Processing Challenges for Active Noise Cancellation Headphones}, 
  year={2018},
  volume={},
  number={},
  pages={1-5},
  keywords={},
  doi={}}

@ARTICLE{763310,
  author={Kuo, S.M. and Morgan, D.R.},
  journal={Proceedings of the IEEE}, 
  title={Active noise control: a tutorial review}, 
  year={1999},
  volume={87},
  number={6},
  pages={943-973},
  keywords={Tutorial;Active noise reduction;Signal processing algorithms;Noise cancellation;Digital signal processing;Adaptive algorithm;Electrical equipment industry;Manufacturing industries;Consumer products;Adaptive signal processing},
  doi={10.1109/5.763310}}

@inproceedings{kaymak,
author = {Kaymak, Erkan and Atherton, Mark and Rotter, K and Millar, B},
year = {2006},
month = {07},
pages = {},
booktitle={},
title = {Active noise control at high frequencies},
volume = {1},
journal = {13th International Congress on Sound and Vibration 2006, ICSV 2006}
}

@article{diederik2014adam,
  title={Adam: A method for stochastic optimization},
  author={Diederik, P Kingma},
  journal={(No Title)},
  year={2014}
}

@inproceedings{Liebich2019AcousticPD,
  title={Acoustic path database for ANC in-ear headphone development},
  author={Stefan Liebich and Johannes Fabry and Peter Jax and Peter Vary},
  year={2019},
  url={https://api.semanticscholar.org/CorpusID:204793245}
}

@article{habets2006room,
  title={Room impulse response generator},
  author={Habets, Emanuel AP},
  journal={Technische Universiteit Eindhoven, Tech. Rep},
  volume={2},
  number={2.4},
  pages={1},
  year={2006}
}