@article{asai2023self,
  title={Self-rag: Learning to retrieve, generate, and critique through self-reflection},
  author={Asai, Akari and Wu, Zeqiu and Wang, Yizhong and Sil, Avirup and Hajishirzi, Hannaneh},
  journal={arXiv preprint arXiv:2310.11511},
  year={2023}
}

@article{chandak2023building,
  title={Building a knowledge graph to enable precision medicine},
  author={Chandak, Payal and Huang, Kexin and Zitnik, Marinka},
  journal={Scientific Data},
  volume={10},
  number={1},
  pages={67},
  year={2023},
  publisher={Nature Publishing Group UK London}
}

@article{cheng2021unitedqa,
  title={UnitedQA: A hybrid approach for open domain question answering},
  author={Cheng, Hao and Shen, Yelong and Liu, Xiaodong and He, Pengcheng and Chen, Weizhu and Gao, Jianfeng},
  journal={arXiv preprint arXiv:2101.00178},
  year={2021}
}

@inproceedings{fan2024survey,
  title={A survey on rag meeting llms: Towards retrieval-augmented large language models},
  author={Fan, Wenqi and Ding, Yujuan and Ning, Liangbo and Wang, Shijie and Li, Hengyun and Yin, Dawei and Chua, Tat-Seng and Li, Qing},
  booktitle={Proceedings of the 30th ACM SIGKDD Conference on Knowledge Discovery and Data Mining},
  pages={6491--6501},
  year={2024}
}

@article{gao2023leveraging,
  title={Leveraging a medical knowledge graph into large language models for diagnosis prediction},
  author={Gao, Yanjun and Li, Ruizhe and Caskey, John and Dligach, Dmitriy and Miller, Timothy and Churpek, Matthew M and Afshar, Majid},
  journal={arXiv preprint arXiv:2308.14321},
  year={2023}
}

@article{gao2024two,
  title={Two-stage Generative Question Answering on Temporal Knowledge Graph Using Large Language Models},
  author={Gao, Yifu and Qiao, Linbo and Kan, Zhigang and Wen, Zhihua and He, Yongquan and Li, Dongsheng},
  journal={arXiv preprint arXiv:2402.16568},
  year={2024}
}

@article{han2023medalpaca,
  title={MedAlpaca--An Open-Source Collection of Medical Conversational AI Models and Training Data},
  author={Han, Tianyu and Adams, Lisa C and Papaioannou, Jens-Michalis and Grundmann, Paul and Oberhauser, Tom and L{\"o}ser, Alexander and Truhn, Daniel and Bressem, Keno K},
  journal={arXiv preprint arXiv:2304.08247},
  year={2023}
}

@article{izacard2021unsupervised,
  title={Unsupervised dense information retrieval with contrastive learning},
  author={Izacard, Gautier and Caron, Mathilde and Hosseini, Lucas and Riedel, Sebastian and Bojanowski, Piotr and Joulin, Armand and Grave, Edouard},
  journal={arXiv preprint arXiv:2112.09118},
  year={2021}
}

@article{jiang2023active,
  title={Active retrieval augmented generation},
  author={Jiang, Zhengbao and Xu, Frank F and Gao, Luyu and Sun, Zhiqing and Liu, Qian and Dwivedi-Yu, Jane and Yang, Yiming and Callan, Jamie and Neubig, Graham},
  journal={arXiv preprint arXiv:2305.06983},
  year={2023}
}

@article{jiang2023reasoninglm,
  title={Reasoninglm: Enabling structural subgraph reasoning in pre-trained language models for question answering over knowledge graph},
  author={Jiang, Jinhao and Zhou, Kun and Zhao, Wayne Xin and Li, Yaliang and Wen, Ji-Rong},
  journal={arXiv preprint arXiv:2401.00158},
  year={2023}
}

@article{jiang2024hykge,
  title={HyKGE: A Hypothesis Knowledge Graph Enhanced Framework for Accurate and Reliable Medical LLMs Responses},
  author={Jiang, Xinke and Zhang, Ruizhe and Xu, Yongxin and Qiu, Rihong and Fang, Yue and Wang, Zhiyuan and Tang, Jinyi and Ding, Hongxin and Chu, Xu and Zhao, Junfeng and others},
  journal={arXiv preprint arXiv:2312.15883},
  year={2024}
}

@article{jiang2024tc,
  title={TC-RAG: Turing-Complete RAG's Case study on Medical LLM Systems},
  author={Jiang, Xinke and Fang, Yue and Qiu, Rihong and Zhang, Haoyu and Xu, Yongxin and Chen, Hao and Zhang, Wentao and Zhang, Ruizhe and Fang, Yuchen and Chu, Xu and others},
  journal={arXiv preprint arXiv:2408.09199},
  year={2024}
}

@article{kang2023knowledge,
  title={Knowledge graph-augmented language models for knowledge-grounded dialogue generation},
  author={Kang, Minki and Kwak, Jin Myung and Baek, Jinheon and Hwang, Sung Ju},
  journal={arXiv preprint arXiv:2305.18846},
  year={2023}
}

@article{khandelwal2019generalization,
  title={Generalization through memorization: Nearest neighbor language models},
  author={Khandelwal, Urvashi and Levy, Omer and Jurafsky, Dan and Zettlemoyer, Luke and Lewis, Mike},
  journal={arXiv preprint arXiv:1911.00172},
  year={2019}
}

@article{lewis2020retrieval,
  title={Retrieval-augmented generation for knowledge-intensive nlp tasks},
  author={Lewis, Patrick and Perez, Ethan and Piktus, Aleksandra and Petroni, Fabio and Karpukhin, Vladimir and Goyal, Naman and K{\"u}ttler, Heinrich and Lewis, Mike and Yih, Wen-tau and Rockt{\"a}schel, Tim and others},
  journal={Advances in Neural Information Processing Systems},
  volume={33},
  pages={9459--9474},
  year={2020}
}

@inproceedings{li2018improving,
  title={Improving api caveats accessibility by mining api caveats knowledge graph},
  author={Li, Hongwei and Li, Sirui and Sun, Jiamou and Xing, Zhenchang and Peng, Xin and Liu, Mingwei and Zhao, Xuejiao},
  booktitle={2018 IEEE International Conference on Software Maintenance and Evolution (ICSME)},
  pages={183--193},
  year={2018},
  organization={IEEE}
}

@inproceedings{liu2021kg,
  title={Kg-bart: Knowledge graph-augmented bart for generative commonsense reasoning},
  author={Liu, Ye and Wan, Yao and He, Lifang and Peng, Hao and Philip, S Yu},
  booktitle={Proceedings of the AAAI conference on artificial intelligence},
  volume={35},
  number={7},
  pages={6418--6425},
  year={2021}
}

@article{luo2023reasoning,
  title={Reasoning on graphs: Faithful and interpretable large language model reasoning},
  author={Luo, Linhao and Li, Yuan-Fang and Haffari, Gholamreza and Pan, Shirui},
  journal={arXiv preprint arXiv:2310.01061},
  year={2023}
}

@article{ma2023chain,
  title={Chain-of-skills: A configurable model for open-domain question answering},
  author={Ma, Kaixin and Cheng, Hao and Zhang, Yu and Liu, Xiaodong and Nyberg, Eric and Gao, Jianfeng},
  journal={arXiv preprint arXiv:2305.03130},
  year={2023}
}

@article{sarthi2024raptor,
  title={Raptor: Recursive abstractive processing for tree-organized retrieval},
  author={Sarthi, Parth and Abdullah, Salman and Tuli, Aditi and Khanna, Shubh and Goldie, Anna and Manning, Christopher D},
  journal={arXiv preprint arXiv:2401.18059},
  year={2024}
}

@inproceedings{sen2023knowledge,
  title={Knowledge graph-augmented language models for complex question answering},
  author={Sen, Priyanka and Mavadia, Sandeep and Saffari, Amir},
  booktitle={Proceedings of the 1st Workshop on Natural Language Reasoning and Structured Explanations (NLRSE)},
  pages={1--8},
  year={2023}
}

@article{soman2023biomedical,
  title={Biomedical knowledge graph-enhanced prompt generation for large language models},
  author={Soman, Karthik and Rose, Peter W and Morris, John H and Akbas, Rabia E and Smith, Brett and Peetoom, Braian and Villouta-Reyes, Catalina and Cerono, Gabriel and Shi, Yongmei and Rizk-Jackson, Angela and others},
  journal={arXiv preprint arXiv:2311.17330},
  year={2023}
}

@article{tuan2019dykgchat,
  title={Dykgchat: Benchmarking dialogue generation grounding on dynamic knowledge graphs},
  author={Tuan, Yi-Lin and Chen, Yun-Nung and Lee, Hung-yi},
  journal={arXiv preprint arXiv:1910.00610},
  year={2019}
}

@article{varshney2023knowledge,
  title={Knowledge grounded medical dialogue generation using augmented graphs},
  author={Varshney, Deeksha and Zafar, Aizan and Behera, Niranshu Kumar and Ekbal, Asif},
  journal={Scientific Reports},
  volume={13},
  number={1},
  pages={3310},
  year={2023},
  publisher={Nature Publishing Group UK London}
}

@inproceedings{wangretcare,
  title={RetCare: Towards Interpretable Clinical Decision Making through LLM-Driven Medical Knowledge Retrieval},
  author={Wang, Zixiang and Zhu, Yinghao and Gao, Junyi and Zheng, Xiaochen and Zeng, Yuhui and He, Yifan and Jiang, Bowen and Tang, Wen and Harrison, Ewen M and Pan, Chengwei and others},
  booktitle={Artificial Intelligence and Data Science for Healthcare: Bridging Data-Centric AI and People-Centric Healthcare}
}

@inproceedings{wu2020diverse,
  title={Diverse and informative dialogue generation with context-specific commonsense knowledge awareness},
  author={Wu, Sixing and Li, Ying and Zhang, Dawei and Zhou, Yang and Wu, Zhonghai},
  booktitle={Proceedings of the 58th annual meeting of the association for computational linguistics},
  pages={5811--5820},
  year={2020}
}

@article{yang2024talk2care,
  title={Talk2Care: An LLM-based Voice Assistant for Communication between Healthcare Providers and Older Adults},
  author={Yang, Ziqi and Xu, Xuhai and Yao, Bingsheng and Rogers, Ethan and Zhang, Shao and Intille, Stephen and Shara, Nawar and Gao, Guodong Gordon and Wang, Dakuo},
  journal={Proceedings of the ACM on Interactive, Mobile, Wearable and Ubiquitous Technologies},
  volume={8},
  number={2},
  pages={1--35},
  year={2024},
  publisher={ACM New York, NY, USA}
}

@article{yoran2023making,
  title={Making retrieval-augmented language models robust to irrelevant context},
  author={Yoran, Ori and Wolfson, Tomer and Ram, Ori and Berant, Jonathan},
  journal={arXiv preprint arXiv:2310.01558},
  year={2023}
}

@article{yu2021kg,
  title={Kg-fid: Infusing knowledge graph in fusion-in-decoder for open-domain question answering},
  author={Yu, Donghan and Zhu, Chenguang and Fang, Yuwei and Yu, Wenhao and Wang, Shuohang and Xu, Yichong and Ren, Xiang and Yang, Yiming and Zeng, Michael},
  journal={arXiv preprint arXiv:2110.04330},
  year={2021}
}

@article{zhang2019grounded,
  title={Grounded conversation generation as guided traverses in commonsense knowledge graphs},
  author={Zhang, Houyu and Liu, Zhenghao and Xiong, Chenyan and Liu, Zhiyuan},
  journal={arXiv preprint arXiv:1911.02707},
  year={2019}
}

@inproceedings{zhang2024llm,
  title={LLM-based Medical Assistant Personalization with Short-and Long-Term Memory Coordination},
  author={Zhang, Kai and Kang, Yangyang and Zhao, Fubang and Liu, Xiaozhong},
  booktitle={Proceedings of the 2024 Conference of the North American Chapter of the Association for Computational Linguistics: Human Language Technologies (Volume 1: Long Papers)},
  pages={2386--2398},
  year={2024}
}

@article{zhao2021brain,
  title={Brain-inspired search engine assistant based on knowledge graph},
  author={Zhao, Xuejiao and Chen, Huanhuan and Xing, Zhenchang and Miao, Chunyan},
  journal={IEEE Transactions on Neural Networks and Learning Systems},
  volume={34},
  number={8},
  pages={4386--4400},
  year={2021},
  publisher={IEEE}
}

@article{zhao2024retrieval,
  title={Retrieval-augmented generation for ai-generated content: A survey},
  author={Zhao, Penghao and Zhang, Hailin and Yu, Qinhan and Wang, Zhengren and Geng, Yunteng and Fu, Fangcheng and Yang, Ling and Zhang, Wentao and Cui, Bin},
  journal={arXiv preprint arXiv:2402.19473},
  year={2024}
}

@article{zhong2023comprehensive,
  title={A comprehensive survey on automatic knowledge graph construction},
  author={Zhong, Lingfeng and Wu, Jia and Li, Qian and Peng, Hao and Wu, Xindong},
  journal={ACM Computing Surveys},
  volume={56},
  number={4},
  pages={1--62},
  year={2023},
  publisher={ACM New York, NY}
}

@inproceedings{zhou2021earl,
  title={EARL: informative knowledge-grounded conversation generation with entity-agnostic representation learning},
  author={Zhou, Hao and Huang, Minlie and Liu, Yong and Chen, Wei and Zhu, Xiaoyan},
  booktitle={Proceedings of the 2021 Conference on Empirical Methods in Natural Language Processing},
  pages={2383--2395},
  year={2021}
}

