@article{douze2024faiss,
  title={The faiss library},
  author={Douze, Matthijs and Guzhva, Alexandr and Deng, Chengqi and Johnson, Jeff and Szilvasy, Gergely and Mazar{\'e}, Pierre-Emmanuel and Lomeli, Maria and Hosseini, Lucas and J{\'e}gou, Herv{\'e}},
  journal={arXiv preprint arXiv:2401.08281},
  year={2024}
}

@article{newman2024burden,
  title={Burden of serious harms from diagnostic error in the USA},
  author={Newman-Toker, David E and Nassery, Najlla and Schaffer, Adam C and Yu-Moe, Chihwen Winnie and Clemens, Gwendolyn D and Wang, Zheyu and Zhu, Yuxin and Tehrani, Ali S Saber and Fanai, Mehdi and Hassoon, Ahmed and others},
  journal={BMJ Quality \& Safety},
  volume={33},
  number={2},
  pages={109--120},
  year={2024},
  publisher={BMJ Publishing Group Ltd}
}

@article{dixitelectronic,
  title={Electronic health record use issues and diagnostic error: a scoping review and framework},
  author={Dixit, Ram A and Boxley, Christian L and Samuel, Sunil and Mohan, Vishnu and Ratwani, Raj M and Gold, Jeffrey A},
  journal={Journal of patient safety},
  volume={19},
  number={1},
  pages={e25--e30},
  year={2023},
  publisher={LWW}
}

@article{wsj_openai_healthcare_2023,
  title = {OpenAI Expands Healthcare Push With Color Health's Cancer Copilot},
  author = {Wall Street Journal},
  year = {2023},
  url = {https://www.wsj.com/articles/openai-expands-healthcare-push-with-color-healths-cancer-copilot-86594ff1},
  journal = {The Wall Street Journal},
  note = {Accessed: 2024-09-18}
}

@misc{openai_color_health_2023,
  title = {Color Health's Cancer Copilot},
  author = {OpenAI},
  year = {2023},
  url = {https://openai.com/index/color-health/},
  note = {Accessed: 2024-09-18}
}

@article{ren2024healthcare,
  title={Healthcare copilot: Eliciting the power of general llms for medical consultation},
  author={Ren, Zhiyao and Zhan, Yibing and Yu, Baosheng and Ding, Liang and Tao, Dacheng},
  journal={arXiv preprint arXiv:2402.13408},
  year={2024}
}
@article{lewis2020retrieval,
  title={Retrieval-augmented generation for knowledge-intensive nlp tasks},
  author={Lewis, Patrick and Perez, Ethan and Piktus, Aleksandra and Petroni, Fabio and Karpukhin, Vladimir and Goyal, Naman and K{\"u}ttler, Heinrich and Lewis, Mike and Yih, Wen-tau and Rockt{\"a}schel, Tim and others},
  journal={Advances in Neural Information Processing Systems},
  volume={33},
  pages={9459--9474},
  year={2020}
}
@article{amballa2023ai,
  title={AI-Powered Copilot for Healthcare Sales Agents: Enhancing Customer Engagement and Test Recommendations},
  author={Amballa, Durga Prasad},
  journal={Journal of Scientific and Engineering Research},
  volume={10},
  number={10},
  pages={164--167},
  year={2023}
}

@inproceedings{guu2020retrieval,
  title={Retrieval augmented language model pre-training},
  author={Guu, Kelvin and Lee, Kenton and Tung, Zora and Pasupat, Panupong and Chang, Mingwei},
  booktitle={International conference on machine learning},
  pages={3929--3938},
  year={2020},
  organization={PMLR}
}

@article{wu2024medical,
  title={Medical Graph RAG: Towards Safe Medical Large Language Model via Graph Retrieval-Augmented Generation},
  author={Wu, Junde and Zhu, Jiayuan and Qi, Yunli},
  journal={arXiv preprint arXiv:2408.04187},
  year={2024}
}



@article{khandelwal2019generalization,
  title={Generalization through memorization: Nearest neighbor language models},
  author={Khandelwal, Urvashi and Levy, Omer and Jurafsky, Dan and Zettlemoyer, Luke and Lewis, Mike},
  journal={arXiv preprint arXiv:1911.00172},
  year={2019}
}

@article{jiang2024tc,
  title={TC-RAG: Turing-Complete RAG's Case study on Medical LLM Systems},
  author={Jiang, Xinke and Fang, Yue and Qiu, Rihong and Zhang, Haoyu and Xu, Yongxin and Chen, Hao and Zhang, Wentao and Zhang, Ruizhe and Fang, Yuchen and Chu, Xu and others},
  journal={arXiv preprint arXiv:2408.09199},
  year={2024}
}


@article{yu2021kg,
  title={Kg-fid: Infusing knowledge graph in fusion-in-decoder for open-domain question answering},
  author={Yu, Donghan and Zhu, Chenguang and Fang, Yuwei and Yu, Wenhao and Wang, Shuohang and Xu, Yichong and Ren, Xiang and Yang, Yiming and Zeng, Michael},
  journal={arXiv preprint arXiv:2110.04330},
  year={2021}
}

@article{sarthi2024raptor,
  title={Raptor: Recursive abstractive processing for tree-organized retrieval},
  author={Sarthi, Parth and Abdullah, Salman and Tuli, Aditi and Khanna, Shubh and Goldie, Anna and Manning, Christopher D},
  journal={arXiv preprint arXiv:2401.18059},
  year={2024}
}

@article{zhao2024retrieval,
  title={Retrieval-augmented generation for ai-generated content: A survey},
  author={Zhao, Penghao and Zhang, Hailin and Yu, Qinhan and Wang, Zhengren and Geng, Yunteng and Fu, Fangcheng and Yang, Ling and Zhang, Wentao and Cui, Bin},
  journal={arXiv preprint arXiv:2402.19473},
  year={2024}
}

@article{gao2024two,
  title={Two-stage Generative Question Answering on Temporal Knowledge Graph Using Large Language Models},
  author={Gao, Yifu and Qiao, Linbo and Kan, Zhigang and Wen, Zhihua and He, Yongquan and Li, Dongsheng},
  journal={arXiv preprint arXiv:2402.16568},
  year={2024}
}

@inproceedings{fan2024survey,
  title={A survey on rag meeting llms: Towards retrieval-augmented large language models},
  author={Fan, Wenqi and Ding, Yujuan and Ning, Liangbo and Wang, Shijie and Li, Hengyun and Yin, Dawei and Chua, Tat-Seng and Li, Qing},
  booktitle={Proceedings of the 30th ACM SIGKDD Conference on Knowledge Discovery and Data Mining},
  pages={6491--6501},
  year={2024}
}

@article{fansi2022ddxplus,
  title={Ddxplus: A new dataset for automatic medical diagnosis},
  author={Fansi Tchango, Arsene and Goel, Rishab and Wen, Zhi and Martel, Julien and Ghosn, Joumana},
  journal={Advances in neural information processing systems},
  volume={35},
  pages={31306--31318},
  year={2022}
}

@article{asai2023self,
  title={Self-rag: Learning to retrieve, generate, and critique through self-reflection},
  author={Asai, Akari and Wu, Zeqiu and Wang, Yizhong and Sil, Avirup and Hajishirzi, Hannaneh},
  journal={arXiv preprint arXiv:2310.11511},
  year={2023}
}

@article{jiang2023active,
  title={Active retrieval augmented generation},
  author={Jiang, Zhengbao and Xu, Frank F and Gao, Luyu and Sun, Zhiqing and Liu, Qian and Dwivedi-Yu, Jane and Yang, Yiming and Callan, Jamie and Neubig, Graham},
  journal={arXiv preprint arXiv:2305.06983},
  year={2023}
}

@article{soman2023biomedical,
  title={Biomedical knowledge graph-enhanced prompt generation for large language models},
  author={Soman, Karthik and Rose, Peter W and Morris, John H and Akbas, Rabia E and Smith, Brett and Peetoom, Braian and Villouta-Reyes, Catalina and Cerono, Gabriel and Shi, Yongmei and Rizk-Jackson, Angela and others},
  journal={arXiv preprint arXiv:2311.17330},
  year={2023}
}

@article{han2023medalpaca,
  title={MedAlpaca--An Open-Source Collection of Medical Conversational AI Models and Training Data},
  author={Han, Tianyu and Adams, Lisa C and Papaioannou, Jens-Michalis and Grundmann, Paul and Oberhauser, Tom and L{\"o}ser, Alexander and Truhn, Daniel and Bressem, Keno K},
  journal={arXiv preprint arXiv:2304.08247},
  year={2023}
}

@article{ma2023chain,
  title={Chain-of-skills: A configurable model for open-domain question answering},
  author={Ma, Kaixin and Cheng, Hao and Zhang, Yu and Liu, Xiaodong and Nyberg, Eric and Gao, Jianfeng},
  journal={arXiv preprint arXiv:2305.03130},
  year={2023}
}

@article{izacard2021unsupervised,
  title={Unsupervised dense information retrieval with contrastive learning},
  author={Izacard, Gautier and Caron, Mathilde and Hosseini, Lucas and Riedel, Sebastian and Bojanowski, Piotr and Joulin, Armand and Grave, Edouard},
  journal={arXiv preprint arXiv:2112.09118},
  year={2021}
}

@article{yoran2023making,
  title={Making retrieval-augmented language models robust to irrelevant context},
  author={Yoran, Ori and Wolfson, Tomer and Ram, Ori and Berant, Jonathan},
  journal={arXiv preprint arXiv:2310.01558},
  year={2023}
}

@article{jiang2024hykge,
  title={HyKGE: A Hypothesis Knowledge Graph Enhanced Framework for Accurate and Reliable Medical LLMs Responses},
  author={Jiang, Xinke and Zhang, Ruizhe and Xu, Yongxin and Qiu, Rihong and Fang, Yue and Wang, Zhiyuan and Tang, Jinyi and Ding, Hongxin and Chu, Xu and Zhao, Junfeng and others},
  journal={arXiv preprint arXiv:2312.15883},
  year={2024}
}

@article{cheng2021unitedqa,
  title={UnitedQA: A hybrid approach for open domain question answering},
  author={Cheng, Hao and Shen, Yelong and Liu, Xiaodong and He, Pengcheng and Chen, Weizhu and Gao, Jianfeng},
  journal={arXiv preprint arXiv:2101.00178},
  year={2021}
}

@inproceedings{sen2023knowledge,
  title={Knowledge graph-augmented language models for complex question answering},
  author={Sen, Priyanka and Mavadia, Sandeep and Saffari, Amir},
  booktitle={Proceedings of the 1st Workshop on Natural Language Reasoning and Structured Explanations (NLRSE)},
  pages={1--8},
  year={2023}
}


@article{chandak2023building,
  title={Building a knowledge graph to enable precision medicine},
  author={Chandak, Payal and Huang, Kexin and Zitnik, Marinka},
  journal={Scientific Data},
  volume={10},
  number={1},
  pages={67},
  year={2023},
  publisher={Nature Publishing Group UK London}
}

@article{varshney2023knowledge,
  title={Knowledge graph assisted end-to-end medical dialog generation},
  author={Varshney, Deeksha and Zafar, Aizan and Behera, Niranshu Kumar and Ekbal, Asif},
  journal={Artificial Intelligence in Medicine},
  volume={139},
  pages={102535},
  year={2023},
  publisher={Elsevier}
}

@article{gao2023leveraging,
  title={Leveraging a medical knowledge graph into large language models for diagnosis prediction},
  author={Gao, Yanjun and Li, Ruizhe and Caskey, John and Dligach, Dmitriy and Miller, Timothy and Churpek, Matthew M and Afshar, Majid},
  journal={arXiv preprint arXiv:2308.14321},
  year={2023}
}

@article{zhao2021brain,
  title={Brain-inspired search engine assistant based on knowledge graph},
  author={Zhao, Xuejiao and Chen, Huanhuan and Xing, Zhenchang and Miao, Chunyan},
  journal={IEEE Transactions on Neural Networks and Learning Systems},
  volume={34},
  number={8},
  pages={4386--4400},
  year={2021},
  publisher={IEEE}
}

@inproceedings{lee2021survey,
  title={A survey of smart healthcare for the elderly based on user requirements and supply accessibility},
  author={Lee, Ching Hung and Zhang, Zehao and Zhao, Xuejiao},
  booktitle={5th International Conference on Crowd Science and Engineering},
  pages={108--112},
  year={2021}
}

@article{rao2024survey,
  title={A Survey of Artificial Intelligence in Gait-Based Neurodegenerative Disease Diagnosis},
  author={Rao, Haocong and Zeng, Minlin and Zhao, Xuejiao and Miao, Chunyan},
  journal={arXiv preprint arXiv:2405.13082},
  year={2024}
}

@inproceedings{li2018improving,
  title={Improving api caveats accessibility by mining api caveats knowledge graph},
  author={Li, Hongwei and Li, Sirui and Sun, Jiamou and Xing, Zhenchang and Peng, Xin and Liu, Mingwei and Zhao, Xuejiao},
  booktitle={2018 IEEE International Conference on Software Maintenance and Evolution (ICSME)},
  pages={183--193},
  year={2018},
  organization={IEEE}
}

@inproceedings{liu2021kg,
  title={Kg-bart: Knowledge graph-augmented bart for generative commonsense reasoning},
  author={Liu, Ye and Wan, Yao and He, Lifang and Peng, Hao and Philip, S Yu},
  booktitle={Proceedings of the AAAI conference on artificial intelligence},
  volume={35},
  number={7},
  pages={6418--6425},
  year={2021}
}

@article{zakka2024almanac,
  title={Almanac Copilot: Towards Autonomous Electronic Health Record Navigation},
  author={Zakka, Cyril and Cho, Joseph and Fahed, Gracia and Shad, Rohan and Moor, Michael and Fong, Robyn and Kaur, Dhamanpreet and Ravi, Vishnu and Aalami, Oliver and Daneshjou, Roxana and others},
  journal={arXiv preprint arXiv:2405.07896},
  year={2024}
}

@article{varshney2023knowledge,
  title={Knowledge grounded medical dialogue generation using augmented graphs},
  author={Varshney, Deeksha and Zafar, Aizan and Behera, Niranshu Kumar and Ekbal, Asif},
  journal={Scientific Reports},
  volume={13},
  number={1},
  pages={3310},
  year={2023},
  publisher={Nature Publishing Group UK London}
}

@article{luo2023reasoning,
  title={Reasoning on graphs: Faithful and interpretable large language model reasoning},
  author={Luo, Linhao and Li, Yuan-Fang and Haffari, Gholamreza and Pan, Shirui},
  journal={arXiv preprint arXiv:2310.01061},
  year={2023}
}

@article{kang2023knowledge,
  title={Knowledge graph-augmented language models for knowledge-grounded dialogue generation},
  author={Kang, Minki and Kwak, Jin Myung and Baek, Jinheon and Hwang, Sung Ju},
  journal={arXiv preprint arXiv:2305.18846},
  year={2023}
}

@article{jiang2023reasoninglm,
  title={Reasoninglm: Enabling structural subgraph reasoning in pre-trained language models for question answering over knowledge graph},
  author={Jiang, Jinhao and Zhou, Kun and Zhao, Wayne Xin and Li, Yaliang and Wen, Ji-Rong},
  journal={arXiv preprint arXiv:2401.00158},
  year={2023}
}

@inproceedings{zhou2021earl,
  title={EARL: informative knowledge-grounded conversation generation with entity-agnostic representation learning},
  author={Zhou, Hao and Huang, Minlie and Liu, Yong and Chen, Wei and Zhu, Xiaoyan},
  booktitle={Proceedings of the 2021 Conference on Empirical Methods in Natural Language Processing},
  pages={2383--2395},
  year={2021}
}

@article{tuan2019dykgchat,
  title={Dykgchat: Benchmarking dialogue generation grounding on dynamic knowledge graphs},
  author={Tuan, Yi-Lin and Chen, Yun-Nung and Lee, Hung-yi},
  journal={arXiv preprint arXiv:1910.00610},
  year={2019}
}

@inproceedings{wu2020diverse,
  title={Diverse and informative dialogue generation with context-specific commonsense knowledge awareness},
  author={Wu, Sixing and Li, Ying and Zhang, Dawei and Zhou, Yang and Wu, Zhonghai},
  booktitle={Proceedings of the 58th annual meeting of the association for computational linguistics},
  pages={5811--5820},
  year={2020}
}

@article{zhang2019grounded,
  title={Grounded conversation generation as guided traverses in commonsense knowledge graphs},
  author={Zhang, Houyu and Liu, Zhenghao and Xiong, Chenyan and Liu, Zhiyuan},
  journal={arXiv preprint arXiv:1911.02707},
  year={2019}
}


@article{li2024knowledge,
  title={Knowledge-routed Automatic Diagnosis with Heterogeneous Patient-oriented Graph},
  author={Li, Zhiang and Ruan, Tong},
  journal={IEEE Access},
  year={2024},
  publisher={IEEE}
}

@article{chen2023llm,
  title={LLM-empowered chatbots for psychiatrist and patient simulation: application and evaluation},
  author={Chen, Siyuan and Wu, Mengyue and Zhu, Kenny Q and Lan, Kunyao and Zhang, Zhiling and Cui, Lyuchun},
  journal={arXiv preprint arXiv:2305.13614},
  year={2023}
}

@article{tam2024let,
  title={Let me speak freely? a study on the impact of format restrictions on performance of large language models},
  author={Tam, Zhi Rui and Wu, Cheng-Kuang and Tsai, Yi-Lin and Lin, Chieh-Yen and Lee, Hung-yi and Chen, Yun-Nung},
  journal={arXiv preprint arXiv:2408.02442},
  year={2024}
}

@article{xie2024preliminary,
  title={A Preliminary Study of o1 in Medicine: Are We Closer to an AI Doctor?},
  author={Xie, Yunfei and Wu, Juncheng and Tu, Haoqin and Yang, Siwei and Zhao, Bingchen and Zong, Yongshuo and Jin, Qiao and Xie, Cihang and Zhou, Yuyin},
  journal={arXiv preprint arXiv:2409.15277},
  year={2024}
}

@article{yang2024talk2care,
  title={Talk2Care: An LLM-based Voice Assistant for Communication between Healthcare Providers and Older Adults},
  author={Yang, Ziqi and Xu, Xuhai and Yao, Bingsheng and Rogers, Ethan and Zhang, Shao and Intille, Stephen and Shara, Nawar and Gao, Guodong Gordon and Wang, Dakuo},
  journal={Proceedings of the ACM on Interactive, Mobile, Wearable and Ubiquitous Technologies},
  volume={8},
  number={2},
  pages={1--35},
  year={2024},
  publisher={ACM New York, NY, USA}
}

@inproceedings{zhang2024llm,
  title={LLM-based Medical Assistant Personalization with Short-and Long-Term Memory Coordination},
  author={Zhang, Kai and Kang, Yangyang and Zhao, Fubang and Liu, Xiaozhong},
  booktitle={Proceedings of the 2024 Conference of the North American Chapter of the Association for Computational Linguistics: Human Language Technologies (Volume 1: Long Papers)},
  pages={2386--2398},
  year={2024}
}

@inproceedings{wangretcare,
  title={RetCare: Towards Interpretable Clinical Decision Making through LLM-Driven Medical Knowledge Retrieval},
  author={Wang, Zixiang and Zhu, Yinghao and Gao, Junyi and Zheng, Xiaochen and Zeng, Yuhui and He, Yifan and Jiang, Bowen and Tang, Wen and Harrison, Ewen M and Pan, Chengwei and others},
  booktitle={Artificial Intelligence and Data Science for Healthcare: Bridging Data-Centric AI and People-Centric Healthcare}
}

@article{ram2023context,
  title={In-context retrieval-augmented language models},
  author={Ram, Ori and Levine, Yoav and Dalmedigos, Itay and Muhlgay, Dor and Shashua, Amnon and Leyton-Brown, Kevin and Shoham, Yoav},
  journal={Transactions of the Association for Computational Linguistics},
  volume={11},
  pages={1316--1331},
  year={2023},
  publisher={MIT Press One Broadway, 12th Floor, Cambridge, Massachusetts 02142, USA~…}
}

@article{jiang2024mixtral,
  title={Mixtral of experts},
  author={Jiang, Albert Q and Sablayrolles, Alexandre and Roux, Antoine and Mensch, Arthur and Savary, Blanche and Bamford, Chris and Chaplot, Devendra Singh and Casas, Diego de las and Hanna, Emma Bou and Bressand, Florian and others},
  journal={arXiv preprint arXiv:2401.04088},
  year={2024}
}
@article{su2024dragin,
  title={Dragin: Dynamic retrieval augmented generation based on the real-time information needs of large language models},
  author={Su, Weihang and Tang, Yichen and Ai, Qingyao and Wu, Zhijing and Liu, Yiqun},
  journal={arXiv preprint arXiv:2403.10081},
  year={2024}
}

@article{edge2024local,
  title={From local to global: A graph rag approach to query-focused summarization},
  author={Edge, Darren and Trinh, Ha and Cheng, Newman and Bradley, Joshua and Chao, Alex and Mody, Apurva and Truitt, Steven and Larson, Jonathan},
  journal={arXiv preprint arXiv:2404.16130},
  year={2024}
}

@article{zhong2023comprehensive,
  title={A comprehensive survey on automatic knowledge graph construction},
  author={Zhong, Lingfeng and Wu, Jia and Li, Qian and Peng, Hao and Wu, Xindong},
  journal={ACM Computing Surveys},
  volume={56},
  number={4},
  pages={1--62},
  year={2023},
  publisher={ACM New York, NY}
}
@article{wang2024bioinformatics,
  title={Bioinformatics and biomedical informatics with ChatGPT: Year one review},
  author={Wang, Jinge and Cheng, Zien and Yao, Qiuming and Liu, Li and Xu, Dong and Hu, Gangqing},
  journal={Quantitative Biology},
  year={2024},
  publisher={Wiley Online Library}
}

@article{dubey2024llama,
  title={The llama 3 herd of models},
  author={Dubey, Abhimanyu and Jauhri, Abhinav and Pandey, Abhinav and Kadian, Abhishek and Al-Dahle, Ahmad and Letman, Aiesha and Mathur, Akhil and Schelten, Alan and Yang, Amy and Fan, Angela and others},
  journal={arXiv preprint arXiv:2407.21783},
  year={2024}
}
@misc{openai_chatgpt,
  author       = {OpenAI},
  title        = {ChatGPT},
  year         = {2024},
  url          = {https://openai.com/index/chatgpt/},
  note         = {Accessed: 2024-10-07}
}

@misc{openai_gpt4o,
  author       = {OpenAI},
  title        = {GPT-4o},
  year         = {2024},
  url          = {https://openai.com/index/hello-gpt-4o/},
  note         = {Accessed: 2024-10-07}
}

@misc{openai_embeddings,
  author       = {OpenAI},
  title        = {New embedding models and API updates},
  year         = {2024},
  url          = {https://openai.com/index/new-embedding-models-and-api-updates/},
  note         = {Accessed: 2024-10-07}
}

@misc{openai_gpt4omini,
  author       = {OpenAI},
  title        = {GPT-4o mini: advancing cost-efficient intelligence},
  year         = {2024},
  url          = {https://openai.com/index/gpt-4o-mini-advancing-cost-efficient-intelligence/},
  note         = {Accessed: 2024-10-07}
}

@article{yang2024qwen2,
  title={Qwen2 technical report},
  author={Yang, An and Yang, Baosong and Hui, Binyuan and Zheng, Bo and Yu, Bowen and Zhou, Chang and Li, Chengpeng and Li, Chengyuan and Liu, Dayiheng and Huang, Fei and others},
  journal={arXiv preprint arXiv:2407.10671},
  year={2024}
}

@article{wei2022chain,
  title={Chain-of-thought prompting elicits reasoning in large language models},
  author={Wei, Jason and Wang, Xuezhi and Schuurmans, Dale and Bosma, Maarten and Xia, Fei and Chi, Ed and Le, Quoc V and Zhou, Denny and others},
  journal={Advances in neural information processing systems},
  volume={35},
  pages={24824--24837},
  year={2022}
}

@article{trivedi2022interleaving,
  title={Interleaving retrieval with chain-of-thought reasoning for knowledge-intensive multi-step questions},
  author={Trivedi, Harsh and Balasubramanian, Niranjan and Khot, Tushar and Sabharwal, Ashish},
  journal={arXiv preprint arXiv:2212.10509},
  year={2022}
}


@inproceedings{cuconasu2024power,
  title={The power of noise: Redefining retrieval for rag systems},
  author={Cuconasu, Florin and Trappolini, Giovanni and Siciliano, Federico and Filice, Simone and Campagnano, Cesare and Maarek, Yoelle and Tonellotto, Nicola and Silvestri, Fabrizio},
  booktitle={Proceedings of the 47th International ACM SIGIR Conference on Research and Development in Information Retrieval},
  pages={719--729},
  year={2024}
}

@article{ren2024healthcare,
  title={Healthcare copilot: Eliciting the power of general llms for medical consultation},
  author={Ren, Zhiyao and Zhan, Yibing and Yu, Baosheng and Ding, Liang and Tao, Dacheng},
  journal={arXiv preprint arXiv:2402.13408},
  year={2024}
}

@misc{amotion_copilot_2024,
  title = {Doctor Co-Pilot},
  howpublished = {\url{https://demos.amotion.ai/3}},
  note = {Accessed: 2024-10-11},
  year = {2024}
}


@misc{avanade_health_ai_copilot_2024,
  title = {Microsoft Copilot in Healthcare},
  howpublished = {\url{https://www.avanade.com/en/services/artificial-intelligence/ai-copilot-hub/health-ai-copilot}},
  note = {Accessed: 2024-10-11},
  year = {2024}
}
@article{zelin2024rare,
  title={Rare disease diagnosis using knowledge guided retrieval augmentation for ChatGPT},
  author={Zelin, Charlotte and Chung, Wendy K and Jeanne, Mederic and Zhang, Gongbo and Weng, Chunhua},
  journal={Journal of Biomedical Informatics},
  volume={157},
  pages={104702},
  year={2024},
  publisher={Elsevier}
}

@article{li2023chatdoctor,
  title={Chatdoctor: A medical chat model fine-tuned on a large language model meta-ai (llama) using medical domain knowledge},
  author={Li, Yunxiang and Li, Zihan and Zhang, Kai and Dan, Ruilong and Jiang, Steve and Zhang, You},
  journal={Cureus},
  volume={15},
  number={6},
  year={2023},
  publisher={Cureus Inc.}
}


@article{wu2024pmc,
  title={PMC-LLaMA: toward building open-source language models for medicine},
  author={Wu, Chaoyi and Lin, Weixiong and Zhang, Xiaoman and Zhang, Ya and Xie, Weidi and Wang, Yanfeng},
  journal={Journal of the American Medical Informatics Association},
  pages={ocae045},
  year={2024},
  publisher={Oxford University Press}
}

@inproceedings{macqueen1967some,
  title={Some methods for classification and analysis of multivariate observations},
  author={Macqueen, J},
  booktitle={Proceedings of 5-th Berkeley Symposium on Mathematical Statistics and Probability/University of California Press},
  year={1967}
}

@article{world1992icd,
  title={ICD-11},
  author={World Health Organization and others},
  journal={(No Title)},
  year={1992}
}

@article{norcini1995mini,
  title={The mini-CEX (clinical evaluation exercise): a preliminary investigation},
  author={Norcini, John J and Blank, Linda L and Arnold, Gerald K and Kimball, Harry R},
  journal={Annals of internal medicine},
  volume={123},
  number={10},
  pages={795--799},
  year={1995},
  publisher={American College of Physicians}
}

@article{shi2023llm,
  title={Llm-mini-cex: Automatic evaluation of large language model for diagnostic conversation},
  author={Shi, Xiaoming and Xu, Jie and Ding, Jinru and Pang, Jiali and Liu, Sichen and Luo, Shuqing and Peng, Xingwei and Lu, Lu and Yang, Haihong and Hu, Mingtao and others},
  journal={arXiv preprint arXiv:2308.07635},
  year={2023}
}

@inproceedings{wei2018comprehensive,
  title={A comprehensive exploration to the machine learning techniques for diabetes identification},
  author={Wei, Sidong and Zhao, Xuejiao and Miao, Chunyan},
  booktitle={2018 IEEE 4th World Forum on Internet of Things (WF-IoT)},
  pages={291--295},
  year={2018},
  organization={IEEE}
}

@inproceedings{zhao2017hdskg,
  title={Hdskg: Harvesting domain specific knowledge graph from content of webpages},
  author={Zhao, Xuejiao and Xing, Zhenchang and Kabir, Muhammad Ashad and Sawada, Naoya and Li, Jing and Lin, Shang-Wei},
  booktitle={2017 ieee 24th international conference on software analysis, evolution and reengineering (saner)},
  pages={56--67},
  year={2017},
  organization={IEEE}
}

@article{zhao2021explainable,
  title={Explainable Q\&A system based on domain-specific knowledge graph},
  author={Zhao, Xuejiao},
  year={2021},
  publisher={Nanyang Technological University}
}