@book{10.5555/534133,
author = {Goldberg, David E.},
title = {Genetic Algorithms in Search, Optimization and Machine Learning},
year = {1989},
publisher = {Addison-Wesley Longman Publishing Co.}
}

@ARTICLE{5428840,
  author={Yang, Kwangjin and Sukkarieh, Salah},
  journal={IEEE Transactions on Robotics}, 
  title={An Analytical Continuous-Curvature Path-Smoothing Algorithm}, 
  year={2010},
  volume={26},
  number={3},
  pages={561-568}}

@INPROCEEDINGS{6069411,
  author={Veera Ragavan, S. and Ponnambalam, S.G. and Sumero, Cony},
  booktitle={2011 IEEE Recent Advances in Intelligent Computational Systems}, 
  title={Waypoint-based path planner for Mobile Robot Navigation using PSO and GA-AIS}, 
  year={2011},
  pages={756-760}}

@INPROCEEDINGS{6419953,
  author={La Maire, Bert F. J. and Mladenov, Valeri M.},
  booktitle={11th Symposium on Neural Network Applications in Electrical Engineering}, 
  title={Comparison of neural networks for solving the travelling salesman problem}, 
  year={2012},
  volume={},
  number={},
  pages={21-24},
  doi={10.1109/NEUREL.2012.6419953}}

@INPROCEEDINGS{6424548,
  author={Uchida, Akihiro and Ito, Yasuaki and Nakano, Koji},
  booktitle={2012 Third International Conference on Networking and Computing}, 
  title={An Efficient GPU Implementation of Ant Colony Optimization for the Traveling Salesman Problem}, 
  year={2012},
  volume={},
  number={},
  pages={94-102},
  doi={10.1109/ICNC.2012.22}}

@INPROCEEDINGS{6876285,
  author={Festa, P.},
  booktitle={2014 16th International Conference on Transparent Optical Networks (ICTON)}, 
  title={A brief introduction to exact, approximation, and heuristic algorithms for solving hard combinatorial optimization problems}, 
  year={2014},
  volume={},
  number={},
  pages={1-20},
  doi={10.1109/ICTON.2014.6876285}}

@INPROCEEDINGS{7130169,
  author={Birtane Akar, Sibel and Sahingoz, Ozgur Koray},
  booktitle={2015 23nd Signal Processing and Communications Applications Conference (SIU)}, 
  title={Solving asymmetric traveling salesman problem using genetic algorithm}, 
  year={2015},
  volume={},
  number={},
  pages={1655-1659},
  doi={10.1109/SIU.2015.7130169}}

@ARTICLE{7185453,
  author={Yang, Peng and Tang, Ke and Lozano, Jose A. and Cao, Xianbin},
  journal={IEEE Transactions on Robotics}, 
  title={Path Planning for Single Unmanned Aerial Vehicle by Separately Evolving Waypoints}, 
  year={2015},
  volume={31},
  number={5},
  pages={1130-1146},
  keywords={Planning;Path planning;Space missions;Robots;Missiles;Turning;Unmanned aerial vehicles;Evolutionary computation;path planning;unmanned aerial vehicles (UAVs);Evolutionary computation;path planning;unmanned aerial vehicles (UAVs)},
  doi={10.1109/TRO.2015.2459812}}

@ARTICLE{8613017,
  author={Arantes, Marcio da Silva and Toledo, Claudio Fabiano Motta and Williams, Brian Charles and Ono, Masahiro},
  journal={IEEE Transactions on Robotics}, 
  title={Collision-Free Encoding for Chance-Constrained Nonconvex Path Planning}, 
  year={2019},
  volume={35},
  number={2},
  pages={433-448}}

@INPROCEEDINGS{9196516,
  author={Eilers, Christian and Eschmann, Jonas and Menzenbach, Robin and Belousov, Boris and Muratore, Fabio and Peters, Jan},
  booktitle={2020 IEEE International Conference on Robotics and Automation (ICRA)}, 
  title={Underactuated Waypoint Trajectory Optimization for Light Painting Photography}, 
  year={2020},
  pages={1505-1510}}

@INPROCEEDINGS{9626724,
  author={Rbihou, Safae and Haddouch, Khalid},
  booktitle={2021 Fifth International Conference On Intelligent Computing in Data Sciences (ICDS)}, 
  title={Comparative study between a neural network, approach metaheuristic and exact method for solving Traveling salesman Problem}, 
  year={2021},
  volume={},
  number={},
  pages={1-5},
  doi={10.1109/ICDS53782.2021.9626724}}

@incollection{Johnson2008TheTS,
  author       = {David S. Johnson and L. A. McGeoch},
  title        = {The Traveling Salesman Problem: A Case Study in Local Optimization},
  booktitle    = {Local Search in Combinatorial Optimization},
  publisher    = {John Wiley and Sons},
  year         = {2003},
  pages        = {215--310},
}

@article{Peng2021GraphLF,
  title={Graph Learning for Combinatorial Optimization: A Survey of State-of-the-Art},
  author={Yun Peng and Byron Choi and Jianliang Xu},
  journal={Data Science and Engineering},
  year={2021},
  volume={6},
  pages={119 - 141}
}

@article{gerkey2004formal,
  title={A formal analysis and taxonomy of task allocation in multi-robot systems},
  author={Gerkey, Brian P and Matari{\'c}, Maja J},
  journal={The International Journal of Robotics Research},
  volume={23},
  number={9},
  pages={939--954},
  year={2004}
}

@article{ha2021variable,
  title={A variable-length chromosome genetic algorithm for time-based sensor network schedule optimization},
  author={Ha, Van-Phuong and Dao, Trung-Kien and Pham, Ngoc-Yen and Le, Minh-Hoang},
  journal={Sensors},
  volume={21},
  number={12},
  pages={3990},
  year={2021},
  publisher={MDPI}
}

