@inproceedings{ITP-CC3M,
  author       = {Piyush Sharma and
                  Nan Ding and
                  Sebastian Goodman and
                  Radu Soricut},
  title        = {Conceptual Captions: {A} Cleaned, Hypernymed, Image Alt-text Dataset For Automatic Image Captioning},
  booktitle    = {ACL},
  pages        = {2556--2565},
  year         = {2018},
}

@inproceedings{ITP-Laion-5b,
  title={Laion-5b: An open large-scale dataset for training next generation image-text models},
  author={Schuhmann, Christoph and Beaumont, Romain and Vencu, Richard and Gordon, Cade and Wightman, Ross and Cherti, Mehdi and Coombes, Theo and Katta, Aarush and Mullis, Clayton and Wortsman, Mitchell and others},
  booktitle={NeurIPS},
  volume={35},
  pages={25278--25294},
  year={2022}
}

@inproceedings{Prompt-CoCoOp,
  author       = {Kaiyang Zhou and
                  Jingkang Yang and
                  Chen Change Loy and
                  Ziwei Liu},
  title        = {Conditional Prompt Learning for Vision-Language Models},
  booktitle    = {CVPR},
  pages        = {16795--16804},
  year         = {2022},
}

@article{Prompt-CoOp,
  author       = {Kaiyang Zhou and
                  Jingkang Yang and
                  Chen Change Loy and
                  Ziwei Liu},
  title        = {Learning to Prompt for Vision-Language Models},
  journal      = {IJCV},
  volume       = {130},
  number       = {9},
  pages        = {2337--2348},
  year         = {2022},
}

@inproceedings{Prompt-DEPT,
  title={Dept: Decoupled prompt tuning},
  author={Zhang, Ji and Wu, Shihan and Gao, Lianli and Shen, Heng Tao and Song, Jingkuan},
  booktitle={CVPR},
  pages={12924--12933},
  year={2024}
}

@inproceedings{Prompt-DualCoOp,
  title={Dualcoop: Fast adaptation to multi-label recognition with limited annotations},
  author={Sun, Ximeng and Hu, Ping and Saenko, Kate},
  booktitle={NeurIPS},
  volume={35},
  pages={30569--30582},
  year={2022}
}

@article{Prompt-DualCoOp++,
  title={Dualcoop++: Fast and effective adaptation to multi-label recognition with limited annotations},
  author={Hu, Ping and Sun, Ximeng and Sclaroff, Stan and Saenko, Kate},
  journal={TPAMI},
  year={2023},
  publisher={IEEE}
}

@inproceedings{Prompt-MAPLE,
  author       = {Muhammad Uzair Khattak and
                  Hanoona Abdul Rasheed and
                  Muhammad Maaz and
                  Salman H. Khan and
                  Fahad Shahbaz Khan},
  title        = {MaPLe: Multi-modal Prompt Learning},
  booktitle    = {CVPR},
  pages        = {19113--19122},
  year         = {2023},
}

@inproceedings{Prompt-PromptKD,
  title={Promptkd: Unsupervised prompt distillation for vision-language models},
  author={Li, Zheng and Li, Xiang and Fu, Xinyi and Zhang, Xin and Wang, Weiqiang and Chen, Shuo and Yang, Jian},
  booktitle={CVPR},
  pages={26617--26626},
  year={2024}
}

@inproceedings{Prompt-TCP,
  title={TCP: Textual-based Class-aware Prompt tuning for Visual-Language Model},
  author={Yao, Hantao and Zhang, Rui and Xu, Changsheng},
  booktitle={CVPR},
  pages={23438--23448},
  year={2024}
}

@inproceedings{Prompt-VLPL,
  title={Vision-Language Pseudo-Labels for Single-Positive Multi-Label Learning},
  author={Xing, Xin and Xiong, Zhexiao and Stylianou, Abby and Sastry, Srikumar and Gong, Liyu and Jacobs, Nathan},
  booktitle={CVPR},
  pages={7799--7808},
  year={2024}
}

@inproceedings{TAI-PVP,
  title={TAI++:Text as Image for Multi-Label Image Classification by Co-Learning Transferable Prompt},
  author={Wu Xiangyu and Jiang, Qing-Yuan and Yang, Yang and Wu, Yi-Feng and Chen, Qing-Guo and Lu, Jianfeng},
  booktitle    = {IJCAI},
  year={2024},
}

@inproceedings{TAI-RC-TPL,
  title={Report-Concept Textual-Prompt Learning for Enhancing X-ray Diagnosis},
  author={Zhao, Xiongjun and Liu, Zheng-Yu and Liu, Fen and Li, Guanting and Dou, Yutao and Peng, Shaoliang},
  booktitle={ACM MM},
  year={2024}
}

@inproceedings{TAI-TAIDPT,
  author       = {Zixian Guo and
                  Bowen Dong and
                  Zhilong Ji and
                  Jinfeng Bai and
                  Yiwen Guo and
                  Wangmeng Zuo},
  title        = {Texts as Images in Prompt Tuning for Multi-Label Image Recognition},
  booktitle    = {CVPR},
  pages        = {2808--2817},
  year         = {2023},
}

@inproceedings{TTA-Adapting,
  author       = {Zhixiang Chi and
                  Li Gu and
                  Tao Zhong and
                  Huan Liu and
                  Yuanhao Yu and
                  Konstantinos N. Plataniotis and
                  Yang Wang},
  title        = {Adapting to Distribution Shift by Visual Domain Prompt Generation},
  booktitle    = {ICLR},
  publisher    = {OpenReview.net},
  year         = {2024},
}

@inproceedings{TTA-Delta,
  author       = {Bowen Zhao and
                  Chen Chen and
                  Shu{-}Tao Xia},
  title        = {Delta: Degradation-Free Fully Test-Time Adaptation},
  booktitle    = {ICLR},
  year         = {2023},
}

@inproceedings{TTA-EcoTTA,
  author       = {Junha Song and
                  Jungsoo Lee and
                  In So Kweon and
                  Sungha Choi},
  title        = {EcoTTA: Memory-Efficient Continual Test-Time Adaptation via Self-Distilled Regularization},
  booktitle    = {CVPR},
  pages        = {11920--11929},
  year         = {2023},
}

@inproceedings{TTA-MEMO,
  author       = {Marvin Zhang and
                  Sergey Levine and
                  Chelsea Finn},
  title        = {MEMO: Test Time Robustness via Adaptation and Augmentation},
  booktitle    = {NeurIPS},
  year         = {2022},
}

@inproceedings{TTA-MODE,
  title={MoDE: CLIP Data Experts via Clustering},
  author={Ma, Jiawei and Huang, Po-Yao and Xie, Saining and Li, Shang-Wen and Zettlemoyer, Luke and Chang, Shih-Fu and Yih, Wen-Tau and Xu, Hu},
  booktitle={CVPR},
  pages={26354--26363},
  year={2024}
}

@inproceedings{TTA-NotEnough,
  author       = {Jonghyun Lee and
                  Dahuin Jung and
                  Saehyung Lee and
                  Junsung Park and
                  Juhyeon Shin and
                  Uiwon Hwang and
                  Sungroh Yoon},
  title        = {Entropy is not Enough for Test-Time Adaptation: From the Perspective of Disentangled Factors},
  booktitle    = {ICLR},
  year         = {2024},
}

@inproceedings{TTA-RLCF,
  author       = {Shuai Zhao and
                  Xiaohan Wang and
                  Linchao Zhu and
                  Yi Yang},
  title        = {Test-Time Adaptation with CLIP Reward for Zero-Shot Generalization in Vision-Language Models},
  booktitle    = {ICLR},
  year         = {2024},
}

@inproceedings{TTA-Stationary,
  author       = {Jae{-}Hong Lee and
                  Joon{-}Hyuk Chang},
  title        = {Stationary Latent Weight Inference for Unreliable Observations from Online Test-Time Adaptation},
  booktitle    = {ICML},
  year         = {2024},
}

@inproceedings{TTA-SwapPrompt,
  author       = {Xiaosong Ma and
                  Jie Zhang and
                  Song Guo and
                  Wenchao Xu},
  title        = {SwapPrompt: Test-Time Prompt Adaptation for Vision-Language Models},
  booktitle    = {NeurIPS},
  year         = {2023},
}

@inproceedings{TTA-TDA,
  title={Efficient Test-Time Adaptation of Vision-Language Models},
  author={Karmanov, Adilbek and Guan, Dayan and Lu, Shijian and El Saddik, Abdulmotaleb and Xing, Eric},
  booktitle={CVPR},
  pages={14162--14171},
  year={2024}
}

@inproceedings{TTA-TPT,
  author       = {Manli Shu and
                  Weili Nie and
                  De{-}An Huang and
                  Zhiding Yu and
                  Tom Goldstein and
                  Anima Anandkumar and
                  Chaowei Xiao},
  title        = {Test-Time Prompt Tuning for Zero-Shot Generalization in Vision-Language Models},
  booktitle    = {NeurIPS},
  year         = {2022},
}

@inproceedings{TTA-Tent,
  author       = {Dequan Wang and
                  Evan Shelhamer and
                  Shaoteng Liu and
                  Bruno A. Olshausen and
                  Trevor Darrell},
  title        = {Tent: Fully Test-Time Adaptation by Entropy Minimization},
  booktitle    = {ICLR},
  year         = {2021},
}

@inproceedings{TTA-VIDA,
  author       = {Jiaming Liu and
                  Senqiao Yang and
                  Peidong Jia and
                  Renrui Zhang and
                  Ming Lu and
                  Yandong Guo and
                  Wei Xue and
                  Shanghang Zhang},
  title        = {ViDA: Homeostatic Visual Domain Adapter for Continual Test Time Adaptation},
  booktitle    = {ICLR},
  year         = {2024},
}

@inproceedings{TTA-prior-1,
  author       = {Jiaheng Wei and
                  Harikrishna Narasimhan and
                  Ehsan Amid and
                  Wen{-}Sheng Chu and
                  Yang Liu and
                  Abhishek Kumar},
  title        = {Distributionally Robust Post-hoc Classifiers under Prior Shifts},
  booktitle    = {ICLR},
  year         = {2023},
}

@inproceedings{TTA-prior-2,
  author       = {Tong Wei and
                  Zhen Mao and
                  Zi{-}Hao Zhou and
                  Yuanyu Wan and
                  Min{-}Ling Zhang},
  title        = {Learning Label Shift Correction for Test-Agnostic Long-Tailed Recognition},
  booktitle    = {ICML},
  year         = {2024},
}

@inproceedings{VLMs-ALBEF,
  author       = {Junnan Li and
                  Ramprasaath R. Selvaraju and
                  Akhilesh Gotmare and
                  Shafiq R. Joty and
                  Caiming Xiong and
                  Steven Chu{-}Hong Hoi},
  title        = {Align before Fuse: Vision and Language Representation Learning with Momentum Distillation},
  booktitle    = {NeurIPS},
  pages        = {9694--9705},
  year         = {2021},
}

@inproceedings{VLMs-BLIP-2,
  author       = {Junnan Li and
                  Dongxu Li and
                  Silvio Savarese and
                  Steven C. H. Hoi},
  title        = {BLIP-2: Bootstrapping Language-Image Pre-training with Frozen Image Encoders and Large Language Models},
  booktitle    = {ICML},
  volume       = {202},
  pages        = {19730--19742},
  year         = {2023},
}

@inproceedings{VLMs-Openai-CLIP,
  author       = {Alec Radford and
                  Jong Wook Kim and
                  Chris Hallacy and
                  Aditya Ramesh and
                  Gabriel Goh and
                  Sandhini Agarwal and
                  Girish Sastry and
                  Amanda Askell and
                  Pamela Mishkin and
                  Jack Clark and
                  Gretchen Krueger and
                  Ilya Sutskever},
  title        = {Learning Transferable Visual Models From Natural Language Supervision},
  booktitle    = {ICML},
  volume       = {139},
  pages        = {8748--8763},
  year         = {2021},
}

@inproceedings{VLMs-RegionCLIP,
  author       = {Yiwu Zhong and
                  Jianwei Yang and
                  Pengchuan Zhang and
                  Chunyuan Li and
                  Noel Codella and
                  Liunian Harold Li and
                  Luowei Zhou and
                  Xiyang Dai and
                  Lu Yuan and
                  Yin Li and
                  Jianfeng Gao},
  title        = {RegionCLIP: Region-based Language-Image Pretraining},
  booktitle    = {CVPR},
  pages        = {16772--16782},
  year         = {2022},
}

@article{VLMs-XVLM2,
  author       = {Yan Zeng and
                  Xinsong Zhang and
                  Hang Li and
                  Jiawei Wang and
                  Jipeng Zhang and
                  Wangchunshu Zhou},
  title        = {X2-VLM: All-in-One Pre-Trained Model for Vision-Language Tasks},
  journal      = {TPAMI},
  volume       = {46},
  number       = {5},
  pages        = {3156--3168},
  year         = {2024},
}

