@inproceedings{colton2024automatic,
  title={Automatic Generation of Expressive Piano Miniatures},
  author={Colton, Simon and Bradshaw, Louis and Banar, Berker and Bhandari, Keshav and others},
  year={2024},
  organization={International Conference on Computational Creativity (ICCC)}
}

@incollection{simonetta2018symbolic,
  title={Symbolic music similarity through a graph-based representation},
  author={Simonetta, Federico and Carnovalini, Filippo and Orio, Nicola and Rod{\`a}, Antonio},
  booktitle={Proceedings of the Audio Mostly 2018 on Sound in Immersion and Emotion},
  pages={1--7},
  year={2018}
}

@article{hawthorne2018enabling,
  title={Enabling factorized piano music modeling and generation with the MAESTRO dataset},
  author={Hawthorne, Curtis and Stasyuk, Andriy and Roberts, Adam and Simon, Ian and Huang, Cheng-Zhi Anna and Dieleman, Sander and Elsen, Erich and Engel, Jesse and Eck, Douglas},
  journal={arXiv preprint arXiv:1810.12247},
  year={2018}
}

@inproceedings{zhang2022atepp,
  title={ATEPP: A Dataset of Automatically Transcribed Expressive Piano Performance},
  author={Zhang, Huan and Tang, Jingjing and Rafee, Syed Rifat Mahmud and Fazekas, Simon Dixon Gy{\"o}rgy},
  booktitle={ISMIR 2022 Hybrid Conference},
  year={2022}
}

@inproceedings{kosta2022deep,
  title={A deep learning method for melody extraction from a polyphonic symbolic music representation.},
  author={Kosta, Katerina and Lu, Wei Tsung and Medeot, Gabriele and Chanquion, Pierre},
  booktitle={ISMIR},
  pages={757--763},
  year={2022}
}

@inproceedings{uitdenbogerd1999melodic,
  title={Melodic matching techniques for large music databases},
  author={Uitdenbogerd, Alexandra and Zobel, Justin},
  booktitle={Proceedings of the seventh ACM international conference on Multimedia (Part 1)},
  pages={57--66},
  year={1999}
}

@inproceedings{SSMNet,
    author = {Peeters, Geoffroy},
    booktitle = {Proceedings of the 24th International Society for Music Information Retrieval Conference, ISMIR 2023},
    title = {Self-Similarity-Based and Novelty-based loss for music structure analysis},
    year = {2023}
}

@inproceedings{huang2020pop,
  title={Pop music transformer: Beat-based modeling and generation of expressive pop piano compositions},
  author={Huang, Yu-Siang and Yang, Yi-Hsuan},
  booktitle={Proceedings of the 28th ACM international conference on multimedia},
  pages={1180--1188},
  year={2020}
}

@article{zhou2023algorithms,
  title={What algorithms can transformers learn? a study in length generalization},
  author={Zhou, Hattie and Bradley, Arwen and Littwin, Etai and Razin, Noam and Saremi, Omid and Susskind, Josh and Bengio, Samy and Nakkiran, Preetum},
  journal={arXiv preprint arXiv:2310.16028},
  year={2023}
}

@article{shen2023positional,
  title={Positional description matters for transformers arithmetic},
  author={Shen, Ruoqi and Bubeck, S{\'e}bastien and Eldan, Ronen and Lee, Yin Tat and Li, Yuanzhi and Zhang, Yi},
  journal={arXiv preprint arXiv:2311.14737},
  year={2023}
}

@article{lee2023teaching,
  title={Teaching arithmetic to small transformers},
  author={Lee, Nayoung and Sreenivasan, Kartik and Lee, Jason D and Lee, Kangwook and Papailiopoulos, Dimitris},
  journal={arXiv preprint arXiv:2307.03381},
  year={2023}
}

@article{higgins2017beta,
  title={beta-vae: Learning basic visual concepts with a constrained variational framework.},
  author={Higgins, Irina and Matthey, Loic and Pal, Arka and Burgess, Christopher P and Glorot, Xavier and Botvinick, Matthew M and Mohamed, Shakir and Lerchner, Alexander},
  journal={ICLR (Poster)},
  volume={3},
  year={2017}
}

@inproceedings{zhu2017unpaired,
  title={Unpaired image-to-image translation using cycle-consistent adversarial networks},
  author={Zhu, Jun-Yan and Park, Taesung and Isola, Phillip and Efros, Alexei A},
  booktitle={Proceedings of the IEEE international conference on computer vision},
  pages={2223--2232},
  year={2017}
}

@article{jiang2016variational,
  title={Variational deep embedding: An unsupervised and generative approach to clustering},
  author={Jiang, Zhuxi and Zheng, Yin and Tan, Huachun and Tang, Bangsheng and Zhou, Hanning},
  journal={arXiv preprint arXiv:1611.05148},
  year={2016}
}

@inproceedings{bhandari2024motifs,
  title={Motifs, Phrases, and Beyond: The Modelling of Structure in Symbolic Music Generation},
  author={Bhandari, Keshav and Colton, Simon},
  booktitle={International Conference on Computational Intelligence in Music, Sound, Art and Design (Part of EvoStar)},
  pages={33--51},
  year={2024},
  organization={Springer}
}

@book{crocker1986history,
  title={A history of musical style},
  author={Crocker, Richard L},
  year={1986},
  publisher={Courier Corporation}
}

@article{jiang2020counterpoint,
  title={When counterpoint meets Chinese folk melodies},
  author={Jiang, Nan and Jin, Sheng and Duan, Zhiyao and Zhang, Changshui},
  journal={Advances in neural information processing systems},
  volume={33},
  pages={16258--16270},
  year={2020}
}

@article{huang2019counterpoint,
  title={Counterpoint by convolution},
  author={Huang, Cheng-Zhi Anna and Cooijmans, Tim and Roberts, Adam and Courville, Aaron and Eck, Douglas},
  journal={arXiv preprint arXiv:1903.07227},
  year={2019}
}

@inproceedings{hadjeres2017deepbach,
  title={Deepbach: a steerable model for bach chorales generation},
  author={Hadjeres, Ga{\"e}tan and Pachet, Fran{\c{c}}ois and Nielsen, Frank},
  booktitle={International conference on machine learning},
  pages={1362--1371},
  year={2017},
  organization={PMLR}
}

@inproceedings{jeong2019graph,
  title={Graph neural network for music score data and modeling expressive piano performance},
  author={Jeong, Dasaem and Kwon, Taegyun and Kim, Yoojin and Nam, Juhan},
  booktitle={ICML},
  pages={3060--3070},
  year={2019},
  organization={PMLR}
}

@misc{performance-rnn-2017,
    author = {Ian Simon and Sageev Oore},
    title = {
        Performance RNN: Generating Music with Expressive Timing and Dynamics
    },
    journal = {Magenta Blog},
    type = {Blog},
    year = {2017},
    howpublished = {\url{https://magenta.tensorflow.org/performance-rnn}}
}

@article{wu2024generating,
  title={Generating chord progression from melody with flexible harmonic rhythm and controllable harmonic density},
  author={Wu, Shangda and Yang, Yue and Wang, Zhaowen and Li, Xiaobing and Sun, Maosong},
  journal={EURASIP Journal on Audio, Speech, and Music Processing},
  volume={2024},
  number={1},
  pages={4},
  year={2024},
  publisher={Springer}
}

@inproceedings{tan2020music,
  title={Music fadernets: Controllable music generation based on high-level features via low-level feature modelling},
  author={Tan, Hao Hao and Herremans, Dorien},
  booktitle={ISMIR},
  year={2020}
}

@article{bhandari2025yin,
  title={Yin-Yang: Developing Motifs With Long-Term Structure And Controllability},
  author={Bhandari, Keshav and Wiggins, Geraint A and Colton, Simon},
  journal={arXiv preprint arXiv:2501.17759},
  year={2025}
}

@inproceedings{maezawa2019rendering,
  title={Rendering Music Performance With Interpretation Variations Using Conditional Variational RNN.},
  author={Maezawa, Akira and Yamamoto, Kazuhiko and Fujishima, Takuya},
  booktitle={ISMIR},
  pages={855--861},
  year={2019}
}

@inproceedings{borovik2023scoreperformer,
  title={ScorePerformer: Expressive Piano Performance Rendering With Fine-Grained Control.},
  author={Borovik, Ilya and Viro, Vladimir},
  booktitle={ISMIR},
  pages={588--596},
  year={2023}
}

@article{hadjeres2021piano,
  title={The piano inpainting application},
  author={Hadjeres, Ga{\"e}tan and Crestel, L{\'e}opold},
  journal={arXiv preprint arXiv:2107.05944},
  year={2021}
}

@article{chang2021variable,
  title={Variable-length music score infilling via XLNet and musically specialized positional encoding},
  author={Chang, Chin-Jui and Lee, Chun-Yi and Yang, Yi-Hsuan},
  journal={arXiv preprint arXiv:2108.05064},
  year={2021}
}

@article{thickstun2023anticipatory,
  title={Anticipatory music transformer},
  author={Thickstun, John and Hall, David and Donahue, Chris and Liang, Percy},
  journal={arXiv preprint arXiv:2306.08620},
  year={2023}
}

@article{min2023polyffusion,
  title={Polyffusion: A diffusion model for polyphonic score generation with internal and external controls},
  author={Min, Lejun and Jiang, Junyan and Xia, Gus and Zhao, Jingwei},
  journal={arXiv preprint arXiv:2307.10304},
  year={2023}
}

@incollection{wu2023c2,
  title={C2-MAGIC: Chord-Controllable Multi-track Accompaniment Generation with Interpretability and Creativity},
  author={Wu, Jingcheng and Ji, Zihao and Li, Pengfei},
  booktitle={Summit on Music Intelligence},
  pages={108--121},
  year={2023},
  publisher={Springer}
}

@inproceedings{zhaostructured,
  title={Structured Multi-Track Accompaniment Arrangement via Style Prior Modelling},
  author={Zhao, Jingwei and Xia, Gus and Wang, Ziyu and Wang, Ye},
  booktitle={The 38th Annual Conference on Neural Information Processing Systems},
  year={2024}
}

@inproceedings{ren2020popmag,
  title={Popmag: Pop music accompaniment generation},
  author={Ren, Yi and He, Jinzheng and Tan, Xu and Qin, Tao and Zhao, Zhou and Liu, Tie-Yan},
  booktitle={Proceedings of the 28th ACM international conference on multimedia},
  pages={1198--1206},
  year={2020}
}

@article{lv2023getmusic,
  title={Getmusic: Generating any music tracks with a unified representation and diffusion framework},
  author={Lv, Ang and Tan, Xu and Lu, Peiling and Ye, Wei and Zhang, Shikun and Bian, Jiang and Yan, Rui},
  journal={arXiv preprint arXiv:2305.10841},
  year={2023}
}

@article{zhao2023accomontage,
  title={AccoMontage-3: Full-Band Accompaniment Arrangement via Sequential Style Transfer and Multi-Track Function Prior},
  author={Zhao, Jingwei and Xia, Gus and Wang, Ye},
  journal={arXiv preprint:2310.16334},
  year={2023}
}

@article{yi2022accomontage2,
  title={Accomontage2: A complete harmonization and accompaniment arrangement system},
  author={Yi, Li and Hu, Haochen and Zhao, Jingwei and Xia, Gus},
  journal={arXiv preprint arXiv:2209.00353},
  year={2022}
}

@article{brunner2018midi,
  title={MIDI-VAE: Modeling dynamics and instrumentation of music with applications to style transfer},
  author={Brunner, Gino and Konrad, Andres and Wang, Yuyi and Wattenhofer, Roger},
  journal={arXiv preprint arXiv:1809.07600},
  year={2018}
}

@inproceedings{comanducci2024timbre,
  title={Timbre transfer using image-to-image denoising diffusion implicit models},
  author={Comanducci, Luca and Antonacci, Fabio and Sarti, Augusto and others},
  booktitle={Proceedings of the 24th International Society for Music Information Retrieval Conference, Milan, Italy, November 5-9, 2023 (ISBN: 978-1-7327299-3-3)},
  pages={257--263},
  year={2024}
}

@article{lenz2024pertok,
  title={PerTok: Expressive Encoding and Modeling of Symbolic Musical Ideas and Variations},
  author={Lenz, Julian and Mani, Anirudh},
  journal={arXiv preprint arXiv:2410.02060},
  year={2024}
}

@article{edwards2023pijama,
  title={PiJAMA: Piano Jazz with Automatic MIDI Annotations},
  author={Edwards, Drew and Dixon, Simon and Benetos, Emmanouil},
  journal={Transactions of the International Society for Music Information Retrieval},
  year={2023},
  publisher={Ubiquity Press}
}

@article{dai2018music,
  title={Music style transfer: A position paper},
  author={Dai, Shuqi and Zhang, Zheng and Xia, Gus G},
  journal={arXiv preprint arXiv:1803.06841},
  year={2018}
}

@article{vaswani2017attention,
  title={Attention is all you need},
  author={Vaswani, A},
  journal={Advances in Neural Information Processing Systems},
  year={2017}
}

@inproceedings{chang2021semi,
  title={Semi-supervised many-to-many music timbre transfer},
  author={Chang, Yu-Chen and Chen, Wen-Cheng and Hu, Min-Chun},
  booktitle={Proceedings of the 2021 International Conference on Multimedia Retrieval},
  pages={442--446},
  year={2021}
}

@article{huang2024musical,
  title={Musical timbre style transfer with diffusion model},
  author={Huang, Hong and Man, Junfeng and Li, Luyao and Zeng, Rongke},
  journal={PeerJ Computer Science},
  volume={10},
  pages={e2194},
  year={2024},
  publisher={PeerJ Inc.}
}

@inproceedings{wu2023transplayer,
  title={Transplayer: Timbre Style Transfer with Flexible Timbre Control},
  author={Wu, Yuxuan and He, Yifan and Liu, Xinlu and Wang, Yi and Dannenberg, Roger B},
  booktitle={ICASSP 2023-2023 IEEE International Conference on Acoustics, Speech and Signal Processing (ICASSP)},
  pages={1--5},
  year={2023},
  organization={IEEE}
}


@inproceedings{jeong2019virtuosonet,
  title={VirtuosoNet: A Hierarchical RNN-based System for Modeling Expressive Piano Performance.},
  author={Jeong, Dasaem and Kwon, Taegyun and Kim, Yoojin and Lee, Kyogu and Nam, Juhan},
  booktitle={ISMIR},
  pages={908--915},
  year={2019}
}


@inproceedings{engel2017neural,
  title={Neural audio synthesis of musical notes with wavenet autoencoders},
  author={Engel, Jesse and Resnick, Cinjon and Roberts, Adam and Dieleman, Sander and Norouzi, Mohammad and Eck, Douglas and Simonyan, Karen},
  booktitle={International Conference on Machine Learning},
  pages={1068--1077},
  year={2017},
  organization={PMLR}
}

@article{xiao2024music,
  title={Music performance style transfer for learning expressive musical performance},
  author={Xiao, Zhe and Chen, Xin and Zhou, Li},
  journal={Signal, Image and Video Processing},
  volume={18},
  number={1},
  pages={889--898},
  year={2024},
  publisher={Springer}
}

@article{wu2023musemorphose,
  title={MuseMorphose: Full-song and fine-grained piano music style transfer with one transformer VAE},
  author={Wu, Shih-Lun and Yang, Yi-Hsuan},
  journal={IEEE/ACM Transactions on Audio, Speech, and Language Processing},
  volume={31},
  pages={1953--1967},
  year={2023},
  publisher={IEEE}
}

@article{zhao2021accomontage,
  title={Accomontage: Accompaniment arrangement via phrase selection and style transfer},
  author={Zhao, Jingwei and Xia, Gus},
  journal={arXiv preprint:2108.11213},
  year={2021}
}

@inproceedings{ding2022steelygan,
  title={Steelygan: semantic unsupervised symbolic music genre transfer},
  author={Ding, Zhaoxu and Liu, Xiang and Zhong, Guoqiang and Wang, Dong},
  booktitle={Chinese Conference on Pattern Recognition and Computer Vision (PRCV)},
  pages={305--317},
  year={2022},
  organization={Springer}
}

@mastersthesis{sulaiman2022genre,
   author = {Sulaiman, Leif and Larsson, Sebastian},
   institution = {Halmstad University, School of Information Technology},
   pages = {74},
   school = {Halmstad University, School of Information Technology},
   title = {Genre style transfer : Symbolic genre style transfer utilising GAN with additional genre-enforcing discriminators},
   keywords = {Artificial Intelligence, Machine Learning, Deep Learning, Generative Adversarial Network, Variational Autoencoder, CycleGAN, Music, Style Transfer, Neural Network},
   year = {2022}
}

@inproceedings{fu2020transfer,
title={Transfer symbolic music style from latent representation},
author={Fu, Yingfeng and Tanimura, Yusuke and Nakada, Hidemoto},
booktitle={Proceedings of the 34th Annual Conference of the Japanese Society for Artificial Intelligence (2020)},
pages={2K4ES201--2K4ES201},
year={2020},
organization={The Japanese Society for Artificial Intelligence}
}

@article{sagall2021classical,
  title={The Classical Style},
  author={Sagall, Sabby and Sagall, Sabby},
  journal={MUSIC and CAPITALISM: Melody, Harmony and Rhythm in the Modern World},
  pages={71--144},
  year={2021},
  publisher={Springer}
}

@article{ruoxi2024analysis,
author = {Du, Ruoxi},
year = {2024},
month = {06},
pages = {114-122},
title = {Analysis the approaches and applications for jazz music composing based on machine learning},
volume = {68},
journal = {Applied and Computational Engineering},
doi = {10.54254/2755-2721/68/20241408}
}

@article{cifka2020groove2groove,
  title={Groove2groove: One-shot music style transfer with supervision from synthetic data},
  author={C{\'\i}fka, Ond{\v{r}}ej and {\c{S}}im{\c{s}}ekli, Umut and Richard, Ga{\"e}l},
  journal={IEEE/ACM Transactions on Audio, Speech, and Language Processing},
  volume={28},
  pages={2638--2650},
  year={2020},
  publisher={IEEE}
}

@article{cifka2019supervised,
  title={Supervised symbolic music style translation using synthetic data},
  author={C{\'\i}fka, Ond{\v{r}}ej and {\c{S}}im{\c{s}}ekli, Umut and Richard, Ga{\"e}l},
  journal={arXiv preprint:1907.02265},
  year={2019}
}

@INPROCEEDINGS{nakamura2019unsupervised,
  author={Nakamura, Eita and Shibata, Kentaro and Nishikimi, Ryo and Yoshii, Kazuyoshi},
  booktitle={ICASSP 2019 - 2019 IEEE International Conference on Acoustics, Speech and Signal Processing (ICASSP)}, 
  title={Unsupervised Melody Style Conversion}, 
  year={2019},
  volume={},
  number={},
  pages={196-200},
  keywords={Manganese;Hidden Markov models;Data models;Rhythm;C# languages;Syntactics;Bars;Symbolic music processing;music arrangement;style conversion;statistical music language models;unsupervised grammar induction},
  doi={10.1109/ICASSP.2019.8682331}}

@article{mukherjee2022composeinstyle,
  title={ComposeInStyle: Music composition with and without Style Transfer},
  author={Mukherjee, Sreetama and Mulimani, Manjunath},
  journal={Expert Systems with Applications},
  volume={191},
  pages={116195},
  year={2022},
  publisher={Elsevier}
}

@article{dwarkani2020unpaired,
  title={Unpaired Image-to-Image Translation using Cycle Generative Adversarial Networks [J]},
  author={Dwarkani, Abhinav and Jain, Maitri and Thakkar, Jash and Kottursamy, Kottilingam},
  journal={International Journal of Engineering and Advanced Technology (IJEAT)},
  volume={9},
  number={6},
  year={2020}
}

@inproceedings{park2020contrastive,
  title={Contrastive learning for unpaired image-to-image translation},
  author={Park, Taesung and Efros, Alexei A and Zhang, Richard and Zhu, Jun-Yan},
  booktitle={Computer Vision--ECCV 2020: 16th European Conference, Glasgow, UK, August 23--28, 2020, Proceedings, Part IX 16},
  pages={319--345},
  year={2020},
  organization={Springer}
}

@inproceedings{brunner2018symbolic,
  title={Symbolic music genre transfer with cyclegan},
  author={Brunner, Gino and Wang, Yuyi and Wattenhofer, Roger and Zhao, Sumu},
  booktitle={2018 ieee 30th international conference on tools with artificial intelligence (ictai)},
  pages={786--793},
  year={2018},
  organization={IEEE}
}

@inproceedings{brunner2020neural,
  title={Neural symbolic music genre transfer insights},
  author={Brunner, Gino and Moayeri, Mazda and Richter, Oliver and Wattenhofer, Roger and Zhang, Chi},
  booktitle={Machine Learning and Knowledge Discovery in Databases: International Workshops of ECML PKDD 2019, W{\"u}rzburg, Germany, September 16--20, 2019, Proceedings, Part II},
  pages={437--445},
  year={2020},
  organization={Springer}
}

@incollection{pezzat2020many,
  title={Many-to-Many Symbolic Multi-Track Music Genre Transfer},
  author={Pezzat, Michel and Perez-Meana, Hector and Nakashika, Toru and Nakano, Mariko},
  booktitle={Knowledge Innovation Through Intelligent Software Methodologies, Tools and Techniques},
  pages={272--281},
  year={2020},
  publisher={IOS Press}
}


@article{yang2022vtoonify,
  title={Vtoonify: Controllable high-resolution portrait video style transfer},
  author={Yang, Shuai and Jiang, Liming and Liu, Ziwei and Loy, Chen Change},
  journal={ACM Transactions on Graphics (TOG)},
  volume={41},
  number={6},
  pages={1--15},
  year={2022},
  publisher={ACM New York, NY, USA}
}

@article{jin2022deep,
  title={Deep learning for text style transfer: A survey},
  author={Jin, Di and Jin, Zhijing and Hu, Zhiting and Vechtomova, Olga and Mihalcea, Rada},
  journal={Computational Linguistics},
  volume={48},
  number={1},
  pages={155--205},
  year={2022},
  publisher={MIT Press One Broadway, 12th Floor, Cambridge, Massachusetts 02142, USA~…}
}

@article{hung2019musical,
  title={Musical composition style transfer via disentangled timbre representations},
  author={Hung, Yun-Ning and Chiang, I and Chen, Yi-An and Yang, Yi-Hsuan and others},
  journal={arXiv preprint arXiv:1905.13567},
  year={2019}
}

@article{huang2022generspeech,
  title={Generspeech: Towards style transfer for generalizable out-of-domain text-to-speech},
  author={Huang, Rongjie and Ren, Yi and Liu, Jinglin and Cui, Chenye and Zhao, Zhou},
  journal={Advances in Neural Information Processing Systems},
  volume={35},
  pages={10970--10983},
  year={2022}
}

@inproceedings{chen2017coherent,
  title={Coherent online video style transfer},
  author={Chen, Dongdong and Liao, Jing and Yuan, Lu and Yu, Nenghai and Hua, Gang},
  booktitle={Proceedings of the IEEE International Conference on Computer Vision},
  pages={1105--1114},
  year={2017}
}

@inproceedings{gatys2016image,
  title={Image style transfer using convolutional neural networks},
  author={Gatys, Leon A and Ecker, Alexander S and Bethge, Matthias},
  booktitle={Proceedings of the IEEE conference on computer vision and pattern recognition},
  pages={2414--2423},
  year={2016}
}

@incollection{Bengio+chapter2007,
author = {Bengio, Yoshua and LeCun, Yann},
booktitle = {Large Scale Kernel Machines},
publisher = {MIT Press},
title = {Scaling Learning Algorithms Towards {AI}},
year = {2007}
}

@article{Hinton06,
author = {Hinton, Geoffrey E. and Osindero, Simon and Teh, Yee Whye},
journal = {Neural Computation},
pages = {1527--1554},
title = {A Fast Learning Algorithm for Deep Belief Nets},
volume = {18},
year = {2006}
}

@book{goodfellow2016deep,
title={Deep learning},
author={Goodfellow, Ian and Bengio, Yoshua and Courville, Aaron and Bengio, Yoshua},
volume={1},
year={2016},
publisher={MIT Press}
}

@article{yang2020eval,
author = {Yang, Li-Chia and Lerch, Alexander},
title = {On the evaluation of generative models in music},
year = {2020},
issue_date = {May 2020},
publisher = {Springer-Verlag},
address = {Berlin, Heidelberg},
volume = {32},
number = {9},
issn = {0941-0643},
url = {https://doi.org/10.1007/s00521-018-3849-7},
doi = {10.1007/s00521-018-3849-7},
journal = {Neural Comput. Appl.},
month = may,
pages = {4773–4784},
numpages = {12},
keywords = {Computational creativity, Music generation, Objective evaluation}
}

