@incollection{Bengio+chapter2007,
author = {Bengio, Yoshua and LeCun, Yann},
booktitle = {Large Scale Kernel Machines},
publisher = {MIT Press},
title = {Scaling Learning Algorithms Towards {AI}},
year = {2007}
}

@article{Hinton06,
author = {Hinton, Geoffrey E. and Osindero, Simon and Teh, Yee Whye},
journal = {Neural Computation},
pages = {1527--1554},
title = {A Fast Learning Algorithm for Deep Belief Nets},
volume = {18},
year = {2006}
}

@book{goodfellow2016deep,
title={Deep learning},
author={Goodfellow, Ian and Bengio, Yoshua and Courville, Aaron and Bengio, Yoshua},
volume={1},
year={2016},
publisher={MIT Press}
}

// intro
@article{liu2017changing,
  title={The changing role of non-English papers in scholarly communication: Evidence from Web of Science's three journal citation indexes},
  author={Liu, Weishu},
  journal={Learned Publishing},
  volume={30},
  number={2},
  pages={115--123},
  year={2017},
  publisher={Wiley Online Library}
}

@article{ferguson2011english,
  title={English as an international language of scientific publication: A study of attitudes},
  author={Ferguson, Gibson and P{\'e}rez-Llantada, Carmen and Plo, Ram{\'o}n},
  journal={World Englishes},
  volume={30},
  number={1},
  pages={41--59},
  year={2011},
  publisher={Wiley Online Library}
}

@article{tardy2004role,
  title={The role of English in scientific communication: lingua franca or Tyrannosaurus rex?},
  author={Tardy, Christine},
  journal={Journal of English for academic purposes},
  volume={3},
  number={3},
  pages={247--269},
  year={2004},
  publisher={Elsevier}
}

@article{flowerdew1999writing,
  title={Writing for scholarly publication in English: The case of Hong Kong},
  author={Flowerdew, John},
  journal={Journal of Second Language Writing},
  volume={8},
  number={2},
  pages={123--145},
  year={1999},
  publisher={Elsevier}
}

@article{steigerwald2022overcoming,
  title={Overcoming language barriers in academia: Machine translation tools and a vision for a multilingual future},
  author={Steigerwald, Emma and Ram{\'\i}rez-Casta{\~n}eda, Valeria and Brandt, D{\'e}bora YC and B{\'a}ldi, Andr{\'a}s and Shapiro, Julie Teresa and Bowker, Lynne and Tarvin, Rebecca D},
  journal={BioScience},
  volume={72},
  number={10},
  pages={988--998},
  year={2022},
  publisher={Oxford University Press}
}

@online{natureindex,
  author = {Nature Index, Springer Nature},
  title = {2024 Research Leaders: Leading countries/territories},
  year = 2024,
  url = {https://www-nature-com.stanford.idm.oclc.org/nature-index/research-leaders/2024/country/all/global}
}

@inproceedings{kalchbrenner2013recurrent,
  title={Recurrent continuous translation models},
  author={Kalchbrenner, Nal and Blunsom, Phil},
  booktitle={Proceedings of the 2013 conference on empirical methods in natural language processing},
  pages={1700--1709},
  year={2013}
}

@article{stahlberg2019neural,
  title={Neural Machine Translation: A Review and Survey},
  author={Stahlberg, Felix},
  journal={arXiv preprint arXiv:1912.02047},
  year={2019}
}

@article{hendy2023good,
  title={How good are gpt models at machine translation? a comprehensive evaluation},
  author={Hendy, Amr and Abdelrehim, Mohamed and Sharaf, Amr and Raunak, Vikas and Gabr, Mohamed and Matsushita, Hitokazu and Kim, Young Jin and Afify, Mohamed and Awadalla, Hany Hassan},
  journal={arXiv preprint arXiv:2302.09210},
  year={2023}
}

@article{jiao2023chatgpt,
  title={Is ChatGPT a good translator? Yes with GPT-4 as the engine},
  author={Jiao, Wenxiang and Wang, Wenxuan and Huang, Jen-tse and Wang, Xing and Shi, Shuming and Tu, Zhaopeng},
  journal={arXiv preprint arXiv:2301.08745},
  year={2023}
}

@article{mohsen2024artificial,
  title={Artificial Intelligence in Academic Translation: A Comparative Study of Large Language Models and Google Translate},
  author={Mohsen, Mohammed},
  journal={PSYCHOLINGUISTICS},
  volume={35},
  number={2},
  pages={134--156},
  year={2024}
}

@article{vaswani2017attention,
  title={Attention is all you need},
  author={Vaswani, A},
  journal={Advances in Neural Information Processing Systems},
  year={2017}
}

@article{wang2023document,
  title={Document-level machine translation with large language models},
  author={Wang, Longyue and Lyu, Chenyang and Ji, Tianbo and Zhang, Zhirui and Yu, Dian and Shi, Shuming and Tu, Zhaopeng},
  journal={arXiv preprint arXiv:2304.02210},
  year={2023}
}

@article{moslem2023adaptive,
  title={Adaptive machine translation with large language models},
  author={Moslem, Yasmin and Haque, Rejwanul and Kelleher, John D and Way, Andy},
  journal={arXiv preprint arXiv:2301.13294},
  year={2023}
}

@inproceedings{zhang2023prompting,
  title={Prompting large language model for machine translation: A case study},
  author={Zhang, Biao and Haddow, Barry and Birch, Alexandra},
  booktitle={International Conference on Machine Learning},
  pages={41092--41110},
  year={2023},
  organization={PMLR}
}

@article{xu2023paradigm,
  title={A paradigm shift in machine translation: Boosting translation performance of large language models},
  author={Xu, Haoran and Kim, Young Jin and Sharaf, Amr and Awadalla, Hany Hassan},
  journal={arXiv preprint arXiv:2309.11674},
  year={2023}
}

@article{he2024exploring, title={Exploring human-like translation strategy with large language models}, author={He, Zhiwei and Liang, Tian and Jiao, Wenxiang and Zhang, Zhuosheng and Yang, Yujiu and Wang, Rui and Tu, Zhaopeng and Shi, Shuming and Wang, Xing}, journal={Transactions of the Association for Computational Linguistics}, volume={12}, pages={229--246}, year={2024}, publisher={MIT Press One Broadway, 12th Floor, Cambridge, Massachusetts 02142, USA~â€¦} }

@article{zheng2024fine,
  title={Fine-tuning large language models for domain-specific machine translation},
  author={Zheng, Jiawei and Hong, Hanghai and Liu, Feiyan and Wang, Xiaoli and Su, Jingsong and Liang, Yonggui and Wu, Shikai},
  journal={arXiv preprint arXiv:2402.15061},
  year={2024}
}

@article{groves2015friend,
  title={Friend or foe? Google Translate in language for academic purposes},
  author={Groves, Michael and Mundt, Klaus},
  journal={English for Specific Purposes},
  volume={37},
  pages={112--121},
  year={2015},
  publisher={Elsevier}
}

@article{zulfiqar2018machine,
  title={Is machine translation a reliable tool for reading German scientific databases and research articles?},
  author={Zulfiqar, Sonia and Wahab, M Farooq and Sarwar, Muhammad Ilyas and Lieberwirth, Ingo},
  journal={Journal of chemical information and modeling},
  volume={58},
  number={11},
  pages={2214--2223},
  year={2018},
  publisher={ACS Publications}
}

@article{soto2019neural,
  title={Neural machine translation of clinical texts between long distance languages},
  author={Soto, Xabier and Perez-de-Vi{\~n}aspre, Olatz and Labaka, Gorka and Oronoz, Maite},
  journal={Journal of the American Medical Informatics Association},
  volume={26},
  number={12},
  pages={1478--1487},
  year={2019},
  publisher={Oxford University Press}
}

@inproceedings{moslem-etal-2023-domain,
    title = "Domain Terminology Integration into Machine Translation: Leveraging Large Language Models",
    author = "Moslem, Yasmin  and
      Romani, Gianfranco  and
      Molaei, Mahdi  and
      Kelleher, John D.  and
      Haque, Rejwanul  and
      Way, Andy",
    editor = "Koehn, Philipp  and
      Haddow, Barry  and
      Kocmi, Tom  and
      Monz, Christof",
    booktitle = "Proceedings of the Eighth Conference on Machine Translation",
    month = dec,
    year = "2023",
    address = "Singapore",
    publisher = "Association for Computational Linguistics",
    url = "https://aclanthology.org/2023.wmt-1.82/",
    doi = "10.18653/v1/2023.wmt-1.82",
    pages = "902--911",
}

@article{kim2024efficient,
  title={Efficient Terminology Integration for LLM-based Translation in Specialized Domains},
  author={Kim, Sejoon and Sung, Mingi and Lee, Jeonghwan and Lim, Hyunkuk and Perez, Jorge Froilan Gimenez},
  journal={arXiv preprint arXiv:2410.15690},
  year={2024}
}

@article{pengpun2024creating,
  title={On Creating an English-Thai Code-switched Machine Translation in Medical Domain},
  author={Pengpun, Parinthapat and Tiankanon, Krittamate and Chinkamol, Amrest and Kinchagawat, Jiramet and Chairuengjitjaras, Pitchaya and Supholkhan, Pasit and Aussavavirojekul, Pubordee and Boonnag, Chiraphat and Veerakanjana, Kanyakorn and Phimsiri, Hirunkul and others},
  journal={arXiv preprint arXiv:2410.16221},
  year={2024}
}

@article{needleman2012niso,
  title={NISO Z39. 96-201x, JATS: Journal Article Tag Suite},
  author={Needleman, Mark H},
  journal={Serials Review},
  volume={38},
  number={3},
  pages={213--214},
  year={2012},
  publisher={Taylor \& Francis}
}

@article{nicholas2023lost,
  title={Lost in translation: large language models in non-English content analysis},
  author={Nicholas, Gabriel and Bhatia, Aliya},
  journal={arXiv preprint arXiv:2306.07377},
  year={2023}
}

@article{faure2018accouchement,
  title={From accouchement to agony: a lexicological analysis of words of French origin in the modern English language of medicine},
  author={Faure, Pascaline},
  journal={Lexis. Journal in English Lexicology},
  number={11},
  year={2018},
  publisher={Universit{\'e} Jean Moulin Lyon 3}
}

@article{blackwood2013french,
  title={French, language policy and new media/Franz{\"o}sisch, Sprachpolitiken und neue Medien/Le fran{\c{c}}ais, la politique linguistique et les nouveaux m{\'e}dia},
  author={Blackwood, Robert},
  journal={Sociolinguistica},
  volume={27},
  number={1},
  pages={37--53},
  year={2013},
  publisher={De Gruyter}
}

@article{tyson1993english,
  title={English loanwords in Korean: Patterns of borrowing and semantic change},
  author={Tyson, Rod},
  journal={Journal of Second Language Acquisition and Teaching},
  volume={1},
  pages={29--36},
  year={1993}
}

@article{brown2020language,
  title={Language models are few-shot learners},
  author={Brown, Tom and Mann, Benjamin and Ryder, Nick and Subbiah, Melanie and Kaplan, Jared D and Dhariwal, Prafulla and Neelakantan, Arvind and Shyam, Pranav and Sastry, Girish and Askell, Amanda and others},
  journal={Advances in neural information processing systems},
  volume={33},
  pages={1877--1901},
  year={2020}
}


// appendix

@article{rus2023treatment,
  title={Treatment of 95 post-Covid patients with SSRIs},
  author={Rus, Carla P and de Vries, Bert EK and de Vries, Ingmar EJ and Nutma, Idelette and Kooij, JJ Sandra},
  journal={Scientific reports},
  volume={13},
  number={1},
  pages={18599},
  year={2023},
  publisher={Nature Publishing Group UK London}
}

@article{heo2024combined,
  title={Combined use of anticoagulant and antiplatelet on outcome after stroke in patients with nonvalvular atrial fibrillation and systemic atherosclerosis},
  author={Heo, JoonNyung and Lee, Hyungwoo and Lee, Il Hyung and Lim, In Hwan and Hong, Soon-Ho and Shin, Joonggyeong and Nam, Hyo Suk and Kim, Young Dae},
  journal={Scientific Reports},
  volume={14},
  number={1},
  pages={304},
  year={2024},
  publisher={Nature Publishing Group UK London}
}

@article{fernandez2023large,
  title={Large-scale violence in Late Neolithic Western Europe based on expanded skeletal evidence from San Juan ante Portam Latinam},
  author={Fern{\'a}ndez-Crespo, Teresa and Ordo{\~n}o, Javier and Etxeberria, Francisco and Herrasti, Lourdes and Armendariz, {\'A}ngel and Vegas, Jos{\'e} I and Schulting, Rick J},
  journal={Scientific Reports},
  volume={13},
  number={1},
  pages={17103},
  year={2023},
  publisher={Nature Publishing Group UK London}
}

@article{sephton2023quantum,
  title={Quantum transport of high-dimensional spatial information with a nonlinear detector},
  author={Sephton, Bereneice and Vall{\'e}s, Adam and Nape, Isaac and Cox, Mitchell A and Steinlechner, Fabian and Konrad, Thomas and Torres, Juan P and Roux, Filippus S and Forbes, Andrew},
  journal={Nature communications},
  volume={14},
  number={1},
  pages={8243},
  year={2023},
  publisher={Nature Publishing Group UK London}
}

@article{yang2023biofilm,
  title={Biofilm microenvironment triggered self-enhancing photodynamic immunomodulatory microneedle for diabetic wound therapy},
  author={Yang, Li and Zhang, Dan and Li, Wenjing and Lin, Hongbing and Ding, Chendi and Liu, Qingyun and Wang, Liangliang and Li, Zimu and Mei, Lin and Chen, Hongzhong and others},
  journal={Nature Communications},
  volume={14},
  number={1},
  pages={7658},
  year={2023},
  publisher={Nature Publishing Group UK London}
}

@article{peng2023one,
  title={One-dimensionally oriented self-assembly of ordered mesoporous nanofibers featuring tailorable mesophases via kinetic control},
  author={Peng, Liang and Peng, Huarong and Wang, Steven and Li, Xingjin and Mo, Jiaying and Wang, Xiong and Tang, Yun and Che, Renchao and Wang, Zuankai and Li, Wei and others},
  journal={Nature Communications},
  volume={14},
  number={1},
  pages={8148},
  year={2023},
  publisher={Nature Publishing Group UK London}
}

@article{ahn2017strain,
  title={Strain-engineered growth of two-dimensional materials},
  author={Ahn, Geun Ho and Amani, Matin and Rasool, Haider and Lien, Der-Hsien and Mastandrea, James P and Ager III, Joel W and Dubey, Madan and Chrzan, Daryl C and Minor, Andrew M and Javey, Ali},
  journal={Nature communications},
  volume={8},
  number={1},
  pages={608},
  year={2017},
  publisher={Nature Publishing Group UK London}
}

@article{lepczyk2023global,
  title={A global synthesis and assessment of free-ranging domestic cat diet},
  author={Lepczyk, Christopher A and Fantle-Lepczyk, Jean E and Dunham, Kylee D and Bonnaud, Elsa and Lindner, Jocelyn and Doherty, Tim S and Woinarski, John CZ},
  journal={Nature Communications},
  volume={14},
  number={1},
  pages={7809},
  year={2023},
  publisher={Nature Publishing Group UK London}
}

@article{vilar2022prompting,
  title={Prompting palm for translation: Assessing strategies and performance},
  author={Vilar, David and Freitag, Markus and Cherry, Colin and Luo, Jiaming and Ratnakar, Viresh and Foster, George},
  journal={arXiv preprint arXiv:2211.09102},
  year={2022}
}

@article{daniele2019performance,
  title={Performance of an automatic translator in translating medical abstracts},
  author={Daniele, Franca},
  journal={Heliyon},
  volume={5},
  number={10},
  year={2019},
  publisher={Elsevier}
}

@article{sebo2024performance,
  title={Performance of machine translators in translating French medical research abstracts to English: A comparative study of DeepL, Google Translate, and CUBBITT},
  author={Sebo, Paul and de Lucia, Sylvain},
  journal={Plos one},
  volume={19},
  number={2},
  pages={e0297183},
  year={2024},
  publisher={Public Library of Science San Francisco, CA USA}
}

@article{tongpoon2020google,
  title={Google Translate and translation quality: A case of translating academic abstracts from Thai to English},
  author={Tongpoon-Patanasorn, Angkana and Griffith, Karl},
  journal={Pasaa},
  volume={60},
  number={1},
  pages={134--163},
  year={2020},
  publisher={Language Institute, Chulalongkorn University}
}

@phdthesis{wei2017machine,
  title={Machine Translation for Scientific Abstracts: A Case Study on Lexical Customization with Applied Optics},
  author={Wei, Yuxiang},
  year={2017},
  school={M. Phil. thesis), The Chinese University of Hong Kong, Hong Kong}
}

@article{li2020mediating,
  title={Mediating cross-cultural differences in research article rhetorical moves in academic translation: A pilot corpus-based study of abstracts},
  author={Li, Xiangdong},
  journal={Lingua},
  volume={238},
  pages={102795},
  year={2020},
  publisher={Elsevier}
}

@InProceedings{neves-EtAl:2022:WMT,
  author    = {Neves, Mariana  and  Jimeno Yepes, Antonio  and  Siu, Amy  and  Roller, Roland  and  Thomas, Philippe  and  Vicente Navarro, Maika  and  Yeganova, Lana  and  Wiemann, Dina  and  Di Nunzio, Giorgio Maria  and  Vezzani, Federica  and  Gerardin, Christel  and  Bawden, Rachel  and  Estrada, Darryl Johan  and  Lima-Lopez, Salvador  and  Farre-Maduel, Eulalia  and  Krallinger, Martin  and  Grozea, Cristian  and  Neveol, Aurelie},
  title     = {Findings of the WMT 2022 Biomedical Translation Shared Task: Monolingual Clinical Case Reports},
  booktitle      = {Proceedings of the Seventh Conference on Machine Translation},
  month          = {December},
  year           = {2022},
  address        = {Abu Dhabi},
  publisher      = {Association for Computational Linguistics},
  pages     = {694--723},
  abstract  = {In the seventh edition of the WMT Biomedical Task, we addressed a total of seven language pairs, namely English/German, English/French, English/Spanish, English/Portuguese, English/Chinese, English/Russian, English/Italian. This year's test sets covered three types of biomedical text genre. In addition to scientific abstracts and terminology items used in previous editions, we released test sets of clinical cases. The evaluation of clinical cases translations were given special attention by involving clinicians in the preparation of reference translations and manual evaluation. For the main MEDLINE test sets, we received a total of 609 submissions from 37 teams. For the ClinSpEn sub-task, we had the participation of five teams.},
  url       = {https://aclanthology.org/2022.wmt-1.69}
}