@article{jiang_springer_p2pna2020,
  title={Performance analysis of Hyperledger Fabric platform: A hierarchical model approach},
  author={Jiang, Lili and Chang, Xiaolin and Liu, Yuhang and Mi{\v{s}}i{\'c}, Jelena and Mi{\v{s}}i{\'c}, Vojislav B},
  journal={Peer-to-Peer Networking and Applications},
  volume={13},
  pages={1014--1025},
  year={2020},
  publisher={Springer}
}

@article{ke_springer_cc2022,
  title={Performance modeling and analysis of Hyperledger Fabric},
  author={Ke, Zuqiang and Park, Nohpill},
  journal={Cluster Computing},
  pages={1--19},
  year={2022},
  publisher={Springer}
}

@article{melo_computing2022,
  title={A model-based approach for planning blockchain service provisioning},
  author={Melo, Carlos and Araujo, Jean and Dantas, Jamilson and Pereira, Paulo and Maciel, Paulo},
  journal={Computing},
  volume={104},
  number={2},
  pages={315--337},
  year={2022},
  publisher={Springer}
}

@article{melo_supercomp2021,
  title={Distributed application provisioning over Ethereum-based private and permissioned blockchain: availability modeling, capacity, and costs planning},
  author={Melo, Carlos and Dantas, Jamilson and Pereira, Paulo and Maciel, Paulo},
  journal={The Journal of Supercomputing},
  volume={77},
  number={9},
  pages={9615--9641},
  year={2021},
  publisher={Springer}
}

@inproceedings{sukhwani2018performance,
  title={Performance modeling of hyperledger fabric (permissioned blockchain network)},
  author={Sukhwani, Harish and Wang, Nan and Trivedi, Kishor S and Rindos, Andy},
  booktitle={Proc. of NCA},
  pages={1--8},
  year={2018},
  organization={IEEE}
}

@inproceedings{wu_acm_ease2022,
  title={Performance Modeling of Hyperledger Fabric 2.0},
  author={Wu, Ou and Li, Shanshan and Liu, Liwen and Zhang, He and Zhou, Xin and Lu, Qinghua},
  booktitle={Proceedings of the International Conference on Evaluation and Assessment in Software Engineering 2022},
  pages={357--365},
  year={2022}
}

@article{xu_ipm2021,
  title={Latency performance modeling and analysis for hyperledger fabric blockchain network},
  author={Xu, Xiaoqiong and Sun, Gang and Luo, Long and Cao, Huilong and Yu, Hongfang and Vasilakos, Athanasios V},
  journal={Information Processing \& Management},
  volume={58},
  number={1},
  pages={102436},
  year={2021},
  publisher={Elsevier}
}

@article{yuan2020performance,
  title={Performance modeling and analysis of a Hyperledger-based system using GSPN},
  author={Yuan, Pu and Zheng, Kan and Xiong, Xiong and Zhang, Kuan and Lei, Lei},
  journal={Computer Communications},
  volume={153},
  pages={117--124},
  year={2020},
  publisher={Elsevier}
}

