@article{Akbulut2022,
  doi = {10.1016/j.compbiomed.2022.106132},
  year = {2022},
  month = nov,
  publisher = {Elsevier {BV}},
  volume = {150},
  pages = {106132},
  author = {Akhan Akbulut and Feray Gungor and Ela Tarakci and Muhammed Ali Aydin and Abdul Halim Zaim and Cagatay Catal},
  title = {Identification of phantom movements with an ensemble learning approach},
  journal = {Computers in Biology and Medicine}
}

@inproceedings{Batzianoulis2019,
  doi = {10.1109/ner.2019.8717110},
  year = {2019},
  month = mar,
  publisher = {{IEEE}},
  author = {I. Batzianoulis and A. M. Simon and L. Hargrove and A. Billard},
  title = {Reach-to-grasp motions: Towards a dynamic classification approach for upper-limp prosthesis},
  booktitle = {2019 9th International {IEEE}/{EMBS} Conference on Neural Engineering ({NER})},
  volume={},
  number={},
  pages={287-290},
}

@inproceedings{Cardona2020,
  doi = {10.1109/biorob49111.2020.9224288},
  year = {2020},
  month = nov,
  publisher = {{IEEE}},
  author = {Diego Cardona and Guillermo Maldonado and Victor Ferman and Ali Lemus and Julio Fajardo},
  title = {Impact of Diverse Aspects in User-Prosthesis Interfaces for Myoelectric Upper-limb Prostheses},
  booktitle = {2020 8th {IEEE} {RAS}/{EMBS} International Conference for Biomedical Robotics and Biomechatronics ({BioRob})},
  volume={},
  number={},
  pages={954-960},
}

@article{DAccolti2023,
  doi = {10.1109/lra.2023.3235680},
  year = {2023},
  month = feb,
  publisher = {Institute of Electrical and Electronics Engineers ({IEEE})},
  volume = {8},
  number = {2},
  pages = {1045--1052},
  author = {Daniele D{\textquotesingle}Accolti and Francesco Clemente and Andrea Mannini and Enzo Mastinu and Max Ortiz-Catalan and Christian Cipriani},
  title = {Online Classification of Transient {EMG} Patterns for the Control of the Wrist and Hand in a Transradial Prosthesis},
  journal = {{IEEE} Robotics and Automation Letters}
}

@inproceedings{Fajardo2018,
  doi = {10.1109/lars/sbr/wre.2018.00076},
  year = {2018},
  month = nov,
  publisher = {{IEEE}},
  author = {Julio Fajardo and Victor Ferman and Amparo Munoz and Dandara Andrade and Antonio Ribas Neto and Eric Rohmer},
  title = {User-Prosthesis Interface for Upper Limb Prosthesis Based on Object Classification},
  booktitle = {2018 Latin American Robotic Symposium,  2018 Brazilian Symposium on Robotics ({SBR}) and 2018 Workshop on Robotics in Education ({WRE})},
  volume={},
  number={},
  pages={390-395},
}

@article{Fajardo2021,
  doi = {10.3390/s21217088},
  url = {https://doi.org/10.3390/s21217088},
  year = {2021},
  month = oct,
  publisher = {{MDPI} {AG}},
  volume = {21},
  number = {21},
  pages = {7088},
  author = {Julio Fajardo and Guillermo Maldonado and Diego Cardona and Victor Ferman and Eric Rohmer},
  title = {Evaluation of User-Prosthesis-Interfaces for {sEMG}-Based Multifunctional Prosthetic Hands},
  journal = {Sensors}
}

@article{Freitas2023,
  doi = {10.3390/s23136233},
  year = {2023},
  month = jul,
  publisher = {{MDPI} {AG}},
  volume = {23},
  number = {13},
  pages = {6233},
  author = {Melissa La Banca Freitas and Jos{\'{e}} Jair Alves Mendes and Thiago Sim{\~{o}}es Dias and Hugo Valadares Siqueira and Sergio Luiz Stevan},
  title = {Surgical Instrument Signaling Gesture Recognition Using Surface Electromyography Signals},
  journal = {Sensors}
}

@article{Geng2012,
  doi = {10.1186/1743-0003-9-74},
  year = {2012},
  month = oct,
  publisher = {Springer Science and Business Media {LLC}},
  volume = {9},
  number = {1},
  author = {Yanjuan Geng and Ping Zhou and Guanglin Li},
  title = {Toward attenuating the impact of arm positions on electromyography pattern-recognition based motion classification in transradial amputees},
  journal = {Journal of {NeuroEngineering} and Rehabilitation}
}

@incollection{Kurzynski2017,
  doi = {10.1007/978-3-319-65340-2_15},
  year = {2017},
  publisher = {Springer International Publishing},
  pages = {174--185},
  author = {Marek Kurzynski and Pawel Trajdos and Andrzej Wolczowski},
  title = {Multiclassifier System Using Class and Interclass Competence of Base Classifiers Applied to the Recognition of Grasping Movements in the Control of Bioprosthetic Hand},
  booktitle = {Progress in Artificial Intelligence}
}

@article{Moradi2022,
  doi = {10.1038/s41598-022-19128-1},
  year = {2022},
  month = aug,
  publisher = {Springer Science and Business Media {LLC}},
  volume = {12},
  number = {1},
  author = {Ali Moradi and Hamed Rafiei and Mahla Daliri and Mohammad-R. Akbarzadeh-T. and Alireza Akbarzadeh and Amir-M. Naddaf-Sh. and Sadra Naddaf-Sh.},
  title = {Clinical implementation of a bionic hand controlled with kineticomyographic signals},
  journal = {Scientific Reports}
}

@article{Nacpil2019,
  doi = {10.3390/s19061308},
  year = {2019},
  month = mar,
  publisher = {{MDPI} {AG}},
  volume = {19},
  number = {6},
  pages = {1308},
  author = {Edric Nacpil and Zheng Wang and Rencheng Zheng and Tsutomu Kaizuka and Kimihiko Nakano},
  title = {Design and Evaluation of a Surface Electromyography-Controlled Steering Assistance Interface},
  journal = {Sensors}
}

@article{Nguyen2020,
  doi = {10.1088/1741-2552/abc3d3},
  year = {2020},
  month = nov,
  publisher = {{IOP} Publishing},
  volume = {17},
  number = {6},
  pages = {066001},
  author = {Anh Tuan Nguyen and Jian Xu and Ming Jiang and Diu Khue Luu and Tong Wu and Wing-kin Tam and Wenfeng Zhao and Markus W Drealan and Cynthia K Overstreet and Qi Zhao and Jonathan Cheng and Edward W Keefer and Zhi Yang},
  title = {A bioelectric neural interface towards intuitive prosthetic control for amputees},
  journal = {Journal of Neural Engineering}
}

@article{Patel2017,
  doi = {10.1088/1741-2552/aa7e82},
  year = {2017},
  month = sep,
  publisher = {{IOP} Publishing},
  volume = {14},
  number = {5},
  pages = {056016},
  author = {Gauravkumar K Patel and Janne M Hahne and Claudio Castellini and Dario Farina and Strahinja Dosen},
  title = {Context-dependent adaptation improves robustness of myoelectric control for upper-limb prostheses},
  journal = {Journal of Neural Engineering}
}

@article{Piazza2020,
  doi = {10.1186/s12984-020-00741-y},
  year = {2020},
  month = aug,
  publisher = {Springer Science and Business Media {LLC}},
  volume = {17},
  number = {1},
  author = {Cristina Piazza and Ann M. Simon and Kristi L. Turner and Laura A. Miller and Manuel G. Catalano and Antonio Bicchi and Levi J. Hargrove},
  title = {Exploring augmented grasping capabilities in a multi-synergistic soft bionic hand},
  journal = {Journal of {NeuroEngineering} and Rehabilitation}
}

@article{Rask2023,
  doi = {10.1016/j.hansur.2023.07.006},
  url = {https://doi.org/10.1016/j.hansur.2023.07.006},
  year = {2023},
  month = oct,
  publisher = {Elsevier {BV}},
  volume = {42},
  number = {5},
  pages = {392--399},
  author = {Dawn M.G. Rask and Mason H. Adams and Philippe Liverneaux and Benjamin F. Plucknette and David J. Wilson and Joseph F. Alderete and Casey M. Sabbag},
  title = {Targeted muscle reinnervation in upper extremity amputation in military hand surgery: A systematic review},
  journal = {Hand Surgery and Rehabilitation}
}

@article{Schone2023,
  doi = {10.1101/2023.02.07.525548},
  year = {2023},
  month = feb,
  publisher = {Cold Spring Harbor Laboratory},
  author = {Hunter R. Schone and Malcolm Udeozor and Mae Moninghoff and Beth Rispoli and James Vandersea and Blair Lock and Levi Hargrove and Tamar R Makin and Chris I. Baker},
  title = {Should bionic limb control mimic the human body? {I}mpact of control strategy on bionic hand skill learning},
  publisher = {Cold Spring Harbor Laboratory},
  journal = {bioRxiv}
}

@article{Shi2023,
  doi = {10.1109/lra.2023.3240375},
  url = {https://doi.org/10.1109/lra.2023.3240375},
  year = {2023},
  month = mar,
  publisher = {Institute of Electrical and Electronics Engineers ({IEEE})},
  volume = {8},
  number = {3},
  pages = {1619--1626},
  author = {Chunyuan Shi and Dapeng Yang and Siyang Qiu and Jingdong Zhao},
  title = {i-{GSI}: A Novel Grasp Switching Interface Based on Eye-Tracking and Augmented Reality for Multi-Grasp Prosthetic Hands},
  journal = {{IEEE} Robotics and Automation Letters}
}

@article{Simon2023,
  doi = {10.1371/journal.pone.0280210},
  year = {2023},
  month = jan,
  publisher = {Public Library of Science ({PLoS})},
  volume = {18},
  number = {1},
  pages = {e0280210},
  author = {Ann M. Simon and Kristi L. Turner and Laura A. Miller and Gregory A. Dumanian and Benjamin K. Potter and Mark D. Beachler and Levi J. Hargrove and Todd A. Kuiken},
  editor = {Antal N{\'{o}}gr{\'{a}}di},
  title = {Myoelectric prosthesis hand grasp control following targeted muscle reinnervation in individuals with transradial amputation},
  journal = {{PLOS} {ONE}}
}

@article{Subasi2020,
  doi = {10.1007/s12652-020-01980-6},
  year = {2020},
  month = apr,
  publisher = {Springer Science and Business Media {LLC}},
  volume = {13},
  number = {7},
  pages = {3539--3554},
  author = {Abdulhamit Subasi and Saeed Mian Qaisar},
  title = {Surface {EMG} signal classification using {TQWT},  Bagging and Boosting for hand movement recognition},
  journal = {Journal of Ambient Intelligence and Humanized Computing}
}

