@article{andersen1999homogeneous,
  title={On a homogeneous algorithm for the monotone complementarity problem.},
  author={E.D. Andersen and Y. Ye},
  journal={Mathematical Programming},
  volume={84},
  number={2},
  pages={375--399},
  year={1999},
  publisher={Amsterdam: North-Holland, 1971-}
}

@inproceedings{arnstrom2019exact,
  title={Exact complexity certification of a standard primal active-set method for quadratic programming},
  author={D. Arnstr{\"o}m and D. Axehill},
  booktitle={Proceedings of the 58th IEEE Conference on Decision and Control},
  pages={4317--4324},
  year={2019},
  organizationss={IEEE}
}

@article{arnstrom2020complexity,
  title={Complexity certification of proximal-point methods for numerically stable quadratic programming},
  author={D. Arnstr{\"o}m and A. Bemporad and D. Axehill},
  journal={IEEE Control Systems Letters},
  volume={5},
  number={4},
  pages={1381--1386},
  year={2020},
  publisher={IEEE}
}

@article{arnstrom2020exact,
  title={Exact complexity certification of a nonnegative least-squares method for quadratic programming},
  author={D. Arnstr{\"o}m and A. Bemporad and D. Axehill},
  journal={IEEE Control Systems Letters},
  volume={4},
  number={4},
  pages={1036--1041},
  year={2020},
  publisher={IEEE}
}

@article{arnstrom2021unifying,
  title={A {U}nifying {C}omplexity {C}ertification {F}ramework for {A}ctive-{S}et {M}ethods for {C}onvex {Q}uadratic {P}rogramming},
  author={D. Arnstr{\"o}m and D. Axehill},
  journal={IEEE Transactions on Automatic Control},
  volume={67},
  number={6},
  pages={2758--2770},
  year={2021},
  publisher={IEEE}
}

@article{banjac2019infeasibility,
  title={Infeasibility detection in the alternating direction method of multipliers for convex optimization},
  author={G. Banjac and P. Goulart and B. Stellato and S. Boyd},
  journal={Journal of Optimization Theory and Applications},
  volume={183},
  pages={490--519},
  year={2019},
  publisher={Springer}
}

@article{bemporad2015quadratic,
  title={A quadratic programming algorithm based on nonnegative least squares with applications to embedded model predictive control},
  author={A. Bemporad},
  journal={IEEE Transactions on Automatic Control},
  volume={61},
  number={4},
  pages={1111--1116},
  year={2015},
  publisher={IEEE}
}

@article{cartis2009some,
  title={Some disadvantages of a {M}ehrotra-type primal-dual corrector interior point algorithm for linear programming},
  author={C. Cartis},
  journal={Applied Numerical Mathematics},
  volume={59},
  number={5},
  pages={1110--1119},
  year={2009},
  publisher={Elsevier}
}

@article{cimini2017exact,
  title={Exact complexity certification of active-set methods for quadratic programming},
  author={G. Cimini and A. Bemporad},
  journal={IEEE Transactions on Automatic Control},
  volume={62},
  number={12},
  pages={6094--6109},
  year={2017},
  publisher={IEEE}
}

@article{cimini2019complexity,
  title={Complexity and convergence certification of a block principal pivoting method for box-constrained quadratic programs},
  author={G. Cimini and A. Bemporad},
  journal={Automatica},
  volume={100},
  pages={29--37},
  year={2019},
  publisher={Elsevier}
}

@article{ferreau2014qpoases,
  title={qp{OASES}: {A} parametric active-set algorithm for quadratic programming},
  author={H.J. Ferreau and C. Kirches and A. Potschka and H.G. Bock and M. Diehl},
  journal={Mathematical Programming Computation},
  volume={6},
  pages={327--363},
  year={2014},
  publisher={Springer}
}

@inproceedings{giselsson2012execution,
  title={Execution time certification for gradient-based optimization in model predictive control},
  author={P. Giselsson},
  booktitle={Proceedings of the 51st IEEE Conference on Decision and Control},
  pages={3165--3170},
  year={2012},
  organizationss={IEEE}
}

@article{gros2020linear,
  title={From linear to nonlinear {MPC}: {B}ridging the gap via the real-time iteration},
  author={S. Gros and M. Zanon and R. Quirynen and A. Bemporad and M. Diehl},
  journal={International Journal of Control},
  volume={93},
  number={1},
  pages={62--80},
  year={2020},
  publisher={Taylor \& Francis}
}

@article{klee1972good,
  title={How good is the simplex algorithm},
  author={V. Klee and G.J. Minty},
  journal={Inequalities},
  volume={3},
  number={3},
  pages={159--175},
  year={1972},
  publisher={New York}
}

@article{mehrotra1992implementation,
  title={On the implementation of a primal-dual interior point method},
  author={S. Mehrotra},
  journal={SIAM Journal on optimization},
  volume={2},
  number={4},
  pages={575--601},
  year={1992},
  publisher={SIAM}
}

@book{nocedal2006numerical,
  title={Numerical optimization},
  author={J. Nocedal and S. Wright},
  year={2006},
  publisher={Springer}
}

@article{okawa2021linear,
  title={Linear complementarity model predictive control with limited iterations for box-constrained problems},
  author={I. Okawa and K. Nonaka},
  journal={Automatica},
  volume={125},
  pages={109429},
  year={2021},
  publisher={Elsevier}
}

@article{patrinos2013accelerated,
  title={An accelerated dual gradient-projection algorithm for embedded linear model predictive control},
  author={P. Patrinos and A. Bemporad},
  journal={IEEE Transactions on Automatic Control},
  volume={59},
  number={1},
  pages={18--33},
  year={2013},
  publisher={IEEE}
}

@inproceedings{raghunathan2021homogeneous,
  title={Homogeneous formulation of convex quadratic programs for infeasibility detection},
  author={A. U. Raghunathan},
  booktitle={2021 60th IEEE Conference on Decision and Control (CDC)},
  pages={968--973},
  year={2021},
  organization={IEEE}
}

@article{richter2011computational,
  title={Computational complexity certification for real-time {MPC} with input constraints based on the fast gradient method},
  author={S. Richter and C. N. Jones and M. Morari},
  journal={IEEE Transactions on Automatic Control},
  volume={57},
  number={6},
  pages={1391--1403},
  year={2011},
  publisher={IEEE}
}

@article{stellato2020osqp,
  title={{OSQP}: {A}n operator splitting solver for quadratic programs},
  author={B. Stellato and G. Banjac and P. Goulart and A. Bemporad and S. Boyd},
  journal={Mathematical Programming Computation},
  volume={12},
  number={4},
  pages={637--672},
  year={2020},
  publisher={Springer}
}

@article{wang2009fast,
  title={Fast model predictive control using online optimization},
  author={Y. Wang and S. Boyd},
  journal={IEEE Transactions on Control Systems Technology},
  volume={18},
  number={2},
  pages={267--278},
  year={2009},
  publisher={IEEE}
}

@book{wright1997primal,
  title={Primal-dual interior-point methods},
  author={S.J. Wright},
  year={1997},
  publisher={SIAM}
}

@article{wu2023construction,
  title={A construction-free coordinate-descent augmented-{L}agrangian method for embedded linear {MPC} based on {ARX} models},
  author={L. Wu and A. Bemporad},
  journal={IFAC-PapersOnLine},
  volume={56},
  number={2},
  pages={9423--9428},
  year={2023},
  publisher={Elsevier}
}

@ARTICLE{wu2023direct,
  title={A {D}irect {O}ptimization {A}lgorithm for {I}nput-{C}onstrained {MPC}}, 
  author={L. Wu and R. D. Braatz},
  journal={IEEE Transactions on Automatic Control}, 
  year={2025},
  volume={70},
  number={2},
  pages={1366-1373},
  doi={10.1109/TAC.2024.3463529}
}

@article{wu2023simple,
  title={A {S}imple and {F}ast {C}oordinate-{D}escent {A}ugmented-{L}agrangian {S}olver for {M}odel {P}redictive {C}ontrol},
  author={L. Wu and A. Bemporad},
  journal={IEEE Transactions on Automatic Control},
  year={2023},
  volume={68},
  number={11},
  pages={6860-6866},
  doi={10.1109/TAC.2023.3241238}
}

@inproceedings{wu2024execution,
  title={An {E}xecution-time-certified {R}iccati-based {IPM} Algorithm for {RTI}-based {I}nput-constrained {NMPC}},
  author={Wu, Liang and Ganko, Krystian and Wang, Shiming and Braatz, Richard D},
  booktitle={63nd IEEE Conference on Decision and Control},
  note={in press, arXiv:2402.16186},
  year={2024},
  organizationss={IEEE}
}

@article{wu2024parallel,
  title={A {P}arallel {V}ector-form {$LDL^\top$} {D}ecomposition for {A}ccelerating {E}xecution-time-certified $\ell_1$-penalty {S}oft-constrained {MPC}},
  author={L. Wu and L. Zhou and R. D. Braatz},
  journal={arXiv preprint arXiv:2403.18235},
  year={2024}
}

@article{wu2024time,
title = {Time-certified {I}nput-constrained {NMPC} via {K}oopman Operator},
author = {L. Wu and  K. Ganko and R. D. Braatz},
journal = {IFAC-PapersOnLine},
volume = {58},
number = {18},
pages = {335-340},
year = {2024},
note = {8th IFAC Conference on Nonlinear Model Predictive Control NMPC 2024},
doi = {https://doi.org/10.1016/j.ifacol.2024.09.052},

}

@article{xu1996simplified,
  title={A simplified homogeneous and self-dual linear programming algorithm and its implementation},
  author={X. Xu and P.F. Hung and Y. Ye},
  journal={Annals of Operations Research},
  volume={62},
  number={1},
  pages={151--171},
  year={1996},
  publisher={Springer}
}

@article{ye1994nl,
  title={An ${O}(\sqrt{nL})$-iteration homogeneous and self-dual linear programming algorithm},
  author={Y. Ye and M.J. Todd and S. Mizuno},
  journal={Mathematics of operations research},
  volume={19},
  number={1},
  pages={53--67},
  year={1994},
  publisher={INFORMS}
}

@article{ye1997homogeneous,
  title={On homogeneous and self-dual algorithms for {LCP}},
  author={Y. Ye},
  journal={Mathematical Programming},
  volume={76},
  number={1},
  pages={211--221},
  year={1997},
  publisher={Springer}
}

@book{ye2011interior,
  title={Interior {P}oint {A}lgorithms: {T}heory and {A}nalysis},
  author={Y. Ye},
  year={2011},
  publisher={John Wiley \& Sons},
address = {New York}
}

@article{zanelli2020forces,
  title={{FORCES NLP}: an efficient implementation of interior-point methods for multistage nonlinear nonconvex programs},
  author={A. Zanelli and A. Domahidi and J. Jerez and M. Morari},
  journal={International Journal of Control},
  volume={93},
  number={1},
  pages={13--29},
  year={2020},
  publisher={Taylor \& Francis}
}

