@article{bemporad2002explicit,
  title={The explicit linear quadratic regulator for constrained systems},
  author={A. Bemporad and M. Morari and V. Dua and E.N. Pistikopoulos},
  journal={Automatica},
  volume={38},
  number={1},
  pages={3--20},
  year={2002},
  publisher={Elsevier}
}

@article{xiao2021high,
  title={High-order control barrier functions},
  author={Xiao, Wei and Belta, Calin},
  journal={IEEE Transactions on Automatic Control},
  volume={67},
  number={7},
  pages={3655--3662},
  year={2021},
  publisher={IEEE}
}

@book{xiao2023safe,
  title={Safe autonomy with control barrier functions: {T}heory and applications},
  author={Xiao, Wei and Cassandras, Christos G and Belta, Calin},
  year={2023},
  publisher={Springer}
}

@article{ames2014rapidly,
  title={Rapidly exponentially stabilizing control lyapunov functions and hybrid zero dynamics},
  author={Ames, Aaron D and Galloway, Kevin and Sreenath, Koushil and Grizzle, Jessy W},
  journal={IEEE Transactions on Automatic Control},
  volume={59},
  number={4},
  pages={876--891},
  year={2014},
  publisher={IEEE}
}

@article{qin2003survey,
  title={A survey of industrial model predictive control technology},
  author={Qin, S Joe and Badgwell, Thomas A},
  journal={Control engineering practice},
  volume={11},
  number={7},
  pages={733--764},
  year={2003},
  publisher={Elsevier}
}

@book{Khalil2002,
	author        = "Hassan K. Khalil",
	title         = "Nonlinear Systems",
	publisher     = " Prentice Hall, third edition",
	year          = "2002"
}

@article{ames2016control,
  title={Control barrier function based quadratic programs for safety critical systems},
  author={Ames, Aaron D and Xu, Xiangru and Grizzle, Jessy W and Tabuada, Paulo},
  journal={IEEE Transactions on Automatic Control},
  volume={62},
  number={8},
  pages={3861--3876},
  year={2016},
  publisher={IEEE}
}

@inproceedings{mellinger2011minimum,
  title={Minimum snap trajectory generation and control for quadrotors},
  author={Mellinger, Daniel and Kumar, Vijay},
  booktitle={2011 IEEE international conference on robotics and automation},
  pages={2520--2525},
  year={2011},
  organization={IEEE}
}

@article{escande2014hierarchical,
  title={Hierarchical quadratic programming: {F}ast online humanoid-robot motion generation},
  author={Escande, Adrien and Mansard, Nicolas and Wieber, Pierre-Brice},
  journal={The International Journal of Robotics Research},
  volume={33},
  number={7},
  pages={1006--1028},
  year={2014},
  publisher={SAGE Publications Sage UK: London, England}
}

@article{bouyarmane2018quadratic,
  title={Quadratic programming for multirobot and task-space force control},
  author={Bouyarmane, Karim and Chappellet, Kevin and Vaillant, Joris and Kheddar, Abderrahmane},
  journal={IEEE Transactions on Robotics},
  volume={35},
  number={1},
  pages={64--77},
  year={2018},
  publisher={IEEE}
}

@article{forgione2020efficient,
  title={Efficient calibration of embedded {MPC}},
  author={M. Forgione and D. Piga and A. Bemporad},
  journal={IFAC-PapersOnLine},
  volume={53},
  number={2},
  pages={5189--5194},
  year={2020},
  publisher={Elsevier}
}

@article{richter2011computational,
  title={Computational complexity certification for real-time {MPC} with input constraints based on the fast gradient method},
  author={S. Richter and C. N. Jones and M. Morari},
  journal={IEEE Transactions on Automatic Control},
  volume={57},
  number={6},
  pages={1391--1403},
  year={2011},
  publisher={IEEE}
}

@article{jones2012fast,
  title={Fast predictive control: {R}eal-time computation and certification},
  author={C. N. Jones and A. Domahidi and M. Morari and S. Richter and F. Ullmann and M. Zeilinger},
  journal={IFAC Proceedings Volumes},
  volume={45},
  number={17},
  pages={94--98},
  year={2012},
  publisher={Elsevier}
}

@article{bemporad2012simple,
  title={Simple and certifiable quadratic programming algorithms for embedded linear model predictive control},
  author={A. Bemporad and P. Patrinos},
  journal={IFAC Proceedings Volumes},
  volume={45},
  number={17},
  pages={14--20},
  year={2012},
  publisher={Elsevier}
}

@inproceedings{giselsson2012execution,
  title={Execution time certification for gradient-based optimization in model predictive control},
  author={P. Giselsson},
  booktitle={Proceedings of the 51st IEEE Conference on Decision and Control},
  pages={3165--3170},
  year={2012},
  organizationss={IEEE}
}

@article{arnstrom2020exact,
  title={Exact complexity certification of a nonnegative least-squares method for quadratic programming},
  author={D. Arnstr{\"o}m and A. Bemporad and D. Axehill},
  journal={IEEE Control Systems Letters},
  volume={4},
  number={4},
  pages={1036--1041},
  year={2020},
  publisher={IEEE}
}

@article{cimini2017exact,
  title={Exact complexity certification of active-set methods for quadratic programming},
  author={G. Cimini and A. Bemporad},
  journal={IEEE Transactions on Automatic Control},
  volume={62},
  number={12},
  pages={6094--6109},
  year={2017},
  publisher={IEEE}
}

@inproceedings{arnstrom2019exact,
  title={Exact complexity certification of a standard primal active-set method for quadratic programming},
  author={D. Arnstr{\"o}m and D. Axehill},
  booktitle={Proceedings of the 58th IEEE Conference on Decision and Control},
  pages={4317--4324},
  year={2019},
  organizationss={IEEE}
}
@article{cimini2019complexity,
  title={Complexity and convergence certification of a block principal pivoting method for box-constrained quadratic programs},
  author={G. Cimini and A. Bemporad},
  journal={Automatica},
  volume={100},
  pages={29--37},
  year={2019},
  publisher={Elsevier}
}

@article{patrinos2013accelerated,
  title={An accelerated dual gradient-projection algorithm for embedded linear model predictive control},
  author={P. Patrinos and A. Bemporad},
  journal={IEEE Transactions on Automatic Control},
  volume={59},
  number={1},
  pages={18--33},
  year={2013},
  publisher={IEEE}
}


@article{arnstrom2021unifying,
  title={A {U}nifying {C}omplexity {C}ertification {F}ramework for {A}ctive-{S}et {M}ethods for {C}onvex {Q}uadratic {P}rogramming},
  author={D. Arnstr{\"o}m and D. Axehill},
  journal={IEEE Transactions on Automatic Control},
  volume={67},
  number={6},
  pages={2758--2770},
  year={2021},
  publisher={IEEE}
}

@article{arnstrom2020complexity,
  title={Complexity certification of proximal-point methods for numerically stable quadratic programming},
  author={D. Arnstr{\"o}m and A. Bemporad and D. Axehill},
  journal={IEEE Control Systems Letters},
  volume={5},
  number={4},
  pages={1381--1386},
  year={2020},
  publisher={IEEE}
}


@article{okawa2021linear,
  title={Linear complementarity model predictive control with limited iterations for box-constrained problems},
  author={I. Okawa and K. Nonaka},
  journal={Automatica},
  volume={125},
  pages={109429},
  year={2021},
  publisher={Elsevier}
}

@article{xu1996simplified,
  title={A simplified homogeneous and self-dual linear programming algorithm and its implementation},
  author={X. Xu and P.F. Hung and Y. Ye},
  journal={Annals of Operations Research},
  volume={62},
  number={1},
  pages={151--171},
  year={1996},
  publisher={Springer}
}

@article{andersen1999homogeneous,
  title={On a homogeneous algorithm for the monotone complementarity problem.},
  author={E.D. Andersen and Y. Ye},
  journal={Mathematical Programming},
  volume={84},
  number={2},
  pages={375--399},
  year={1999},
  publisher={Amsterdam: North-Holland, 1971-}
}

@article{monteiro1990extension,
  title={An extension of {K}armarkar type algorithm to a class of convex separable programming problems with global linear rate of convergence},
  author={R.D.C. Monteiro and I. Adler},
  journal={Mathematics of Operations Research},
  volume={15},
  number={3},
  pages={408--422},
  year={1990},
  publisher={INFORMS}
}

@INPROCEEDINGS{KAS88,
  title={Design of feedback control systems for stable plants with saturating actuators}, 
  author={P. Kapasouris and M. Athans and G. Stein},
  booktitle={Proceedings of the 27th IEEE Conference on Decision and Control}, 
  year={1988},
  volume={},
  number={},
  pages={469-479 vol.1},
  doi={10.1109/CDC.1988.194356}
  }


@article{bemporad1997nonlinear,
  title={Nonlinear control of constrained linear systems via predictive reference management},
  author={A. Bemporad and A. Casavola and E. Mosca},
  journal={IEEE Transactions on Automatic Control},
  volume={42},
  number={3},
  pages={340--349},
  year={1997},
}

@article{mehrotra1992implementation,
  title={On the implementation of a primal-dual interior point method},
  author={S. Mehrotra},
  journal={SIAM Journal on optimization},
  volume={2},
  number={4},
  pages={575--601},
  year={1992},
  publisher={SIAM}
}

@article{lustig1992implementing,
  title={On implementing {M}ehrotraâ€™s predictor-corrector interior-point method for linear programming},
  author={I.J. Lustig and R.E. Marsten and D.F. Shanno},
  journal={SIAM journal on Optimization},
  volume={2},
  number={3},
  pages={435--449},
  year={1992},
  publisher={SIAM}
}

@ARTICLE{wu2023direct,
  title={A {D}irect {O}ptimization {A}lgorithm for {I}nput-{C}onstrained {MPC}}, 
  author={L. Wu and R. D. Braatz},
  journal={IEEE Transactions on Automatic Control}, 
  year={2025},
  volume={70},
  number={2},
  pages={1366-1373},
  doi={10.1109/TAC.2024.3463529}
}

@article{wu2024time,
title = {Time-certified {I}nput-constrained {NMPC} via {K}oopman Operator},
author = {L. Wu and  K. Ganko and R. D. Braatz},
journal = {IFAC-PapersOnLine},
volume = {58},
number = {18},
pages = {335-340},
year = {2024},
note = {8th IFAC Conference on Nonlinear Model Predictive Control NMPC 2024},
doi = {https://doi.org/10.1016/j.ifacol.2024.09.052},

}

@inproceedings{wu2024execution,
  title={An {E}xecution-time-certified {R}iccati-based {IPM} Algorithm for {RTI}-based {I}nput-constrained {NMPC}},
  author={Wu, Liang and Ganko, Krystian and Wang, Shiming and Braatz, Richard D},
  booktitle={63nd IEEE Conference on Decision and Control},
  note={in press, arXiv:2402.16186},
  year={2024},
  organizationss={IEEE}
}


@article{wang2009fast,
  title={Fast model predictive control using online optimization},
  author={Y. Wang and S. Boyd},
  journal={IEEE Transactions on Control Systems Technology},
  volume={18},
  number={2},
  pages={267--278},
  year={2009},
  publisher={IEEE}
}

@article{stellato2020osqp,
  title={{OSQP}: {A}n operator splitting solver for quadratic programs},
  author={B. Stellato and G. Banjac and P. Goulart and A. Bemporad and S. Boyd},
  journal={Mathematical Programming Computation},
  volume={12},
  number={4},
  pages={637--672},
  year={2020},
  publisher={Springer}
}

@article{ferreau2014qpoases,
  title={qp{OASES}: {A} parametric active-set algorithm for quadratic programming},
  author={H.J. Ferreau and C. Kirches and A. Potschka and H.G. Bock and M. Diehl},
  journal={Mathematical Programming Computation},
  volume={6},
  pages={327--363},
  year={2014},
  publisher={Springer}
}

@article{wu2023construction,
  title={A construction-free coordinate-descent augmented-{L}agrangian method for embedded linear {MPC} based on {ARX} models},
  author={L. Wu and A. Bemporad},
  journal={IFAC-PapersOnLine},
  volume={56},
  number={2},
  pages={9423--9428},
  year={2023},
  publisher={Elsevier}
}

@article{wu2023simple,
  title={A {S}imple and {F}ast {C}oordinate-{D}escent {A}ugmented-{L}agrangian {S}olver for {M}odel {P}redictive {C}ontrol},
  author={L. Wu and A. Bemporad},
  journal={IEEE Transactions on Automatic Control},
  year={2023},
  volume={68},
  number={11},
  pages={6860-6866},
  doi={10.1109/TAC.2023.3241238}
}


@article{bemporad2015quadratic,
  title={A quadratic programming algorithm based on nonnegative least squares with applications to embedded model predictive control},
  author={A. Bemporad},
  journal={IEEE Transactions on Automatic Control},
  volume={61},
  number={4},
  pages={1111--1116},
  year={2015},
  publisher={IEEE}
}

@article{klee1972good,
  title={How good is the simplex algorithm},
  author={V. Klee and G.J. Minty},
  journal={Inequalities},
  volume={3},
  number={3},
  pages={159--175},
  year={1972},
  publisher={New York}
}

@book{wright1997primal,
  title={Primal-dual interior-point methods},
  author={S.J. Wright},
  year={1997},
  publisher={SIAM}
}

@article{ye1994nl,
  title={An ${O}(\sqrt{nL})$-iteration homogeneous and self-dual linear programming algorithm},
  author={Y. Ye and M.J. Todd and S. Mizuno},
  journal={Mathematics of operations research},
  volume={19},
  number={1},
  pages={53--67},
  year={1994},
  publisher={INFORMS}
}

@article{ye1997homogeneous,
  title={On homogeneous and self-dual algorithms for {LCP}},
  author={Y. Ye},
  journal={Mathematical Programming},
  volume={76},
  number={1},
  pages={211--221},
  year={1997},
  publisher={Springer}
}

@article{zanelli2020forces,
  title={{FORCES NLP}: an efficient implementation of interior-point methods for multistage nonlinear nonconvex programs},
  author={A. Zanelli and A. Domahidi and J. Jerez and M. Morari},
  journal={International Journal of Control},
  volume={93},
  number={1},
  pages={13--29},
  year={2020},
  publisher={Taylor \& Francis}
}

@article{gros2020linear,
  title={From linear to nonlinear {MPC}: {B}ridging the gap via the real-time iteration},
  author={S. Gros and M. Zanon and R. Quirynen and A. Bemporad and M. Diehl},
  journal={International Journal of Control},
  volume={93},
  number={1},
  pages={62--80},
  year={2020},
  publisher={Taylor \& Francis}
}

@InProceedings{kerrigan2000soft,
    title = {Soft {C}onstraints and {E}xact {P}enalty {F}unctions in {M}odel {P}redictive {C}ontrol},
    author = {E. C. Kerrigan and J. M. Maciejowski}, 
    address = {Cambridge, UK}, 
    booktitle = {Proceedings of the UKACC International Conference}, 
    month = {September}, 
    year = {2000}
}

@article{bemporad2018numerically,
  title={A numerically robust mixed-integer quadratic programming solver for embedded hybrid model predictive control},
  author={A. Bemporad and V. V. Naik},
  journal={IFAC-PapersOnLine},
  volume={51},
  number={20},
  pages={412--417},
  year={2018},
  publisher={Elsevier}
}

@article{banjac2019infeasibility,
  title={Infeasibility detection in the alternating direction method of multipliers for convex optimization},
  author={G. Banjac and P. Goulart and B. Stellato and S. Boyd},
  journal={Journal of Optimization Theory and Applications},
  volume={183},
  pages={490--519},
  year={2019},
  publisher={Springer}
}

@article{liao2020fbstab,
  title={F{B}stab: A proximally stabilized semismooth algorithm for convex quadratic programming},
  author={D. Liao-McPherson and I. Kolmanovsky},
  journal={Automatica},
  volume={113},
  pages={108801},
  year={2020},
  publisher={Elsevier}
}

@inproceedings{raghunathan2021homogeneous,
  title={Homogeneous formulation of convex quadratic programs for infeasibility detection},
  author={A. U. Raghunathan},
  booktitle={2021 60th IEEE Conference on Decision and Control (CDC)},
  pages={968--973},
  year={2021},
  organization={IEEE}
}

@book{boyd2004convex,
  title={Convex optimization},
  author={Boyd, Stephen P and Vandenberghe, Lieven},
  year={2004},
  publisher={Cambridge University Press}
}

@book{golub2013matrix,
  title={Matrix {C}omputations},
  author={G. H. Golub and C. F. Van Loan},
  year={2013},
  publisher={The Johns Hopkins University Press},
  edition={Third}
}


@article{sherman1950adjustment,
  title={Adjustment of an {I}nverse {M}atrix {C}orresponding to a {C}hange in {O}ne {E}lement of a {G}iven {M}atrix},
  author={J. Sherman and W. J. Morrison},
  journal={The Annals of Mathematical Statistics},
  volume={21},
  number={1},
  pages={124--127},
  year={1950},
  doi = {10.1214/aoms/1177729893},
  publisher={Institute of Mathematical Statistics}
}

@inproceedings{jerez2011condensed,
  title={A condensed and sparse {QP} formulation for predictive control},
  author={J. L. Jerez and E. C. Kerrigan and G. A. Constantinides},
  booktitle={50th IEEE Conference on Decision and Control and European Control Conference},
  pages={5217--5222},
  year={2011},
  organizations={IEEE}
}

@article{wu2024parallel,
  title={A {P}arallel {V}ector-form {$LDL^\top$} {D}ecomposition for {A}ccelerating {E}xecution-time-certified $\ell_1$-penalty {S}oft-constrained {MPC}},
  author={L. Wu and L. Zhou and R. D. Braatz},
  journal={arXiv preprint arXiv:2403.18235},
  year={2024}
}

@article{guler1993existence,
  title={Existence of interior points and interior paths in nonlinear monotone complementarity problems},
  author={G{\"u}ler, Osman},
  journal={Mathematics of Operations Research},
  volume={18},
  number={1},
  pages={128--147},
  year={1993},
  publisher={INFORMS}
}

@article{andersen1997homogeneous,
  title={On a homogeneous algorithm for a monotone complementarity problem with nonlinear equality constraints},
  author={Andersen, Erling D and Ye, Yinyu},
  journal={Complementarity and variational Problems: State of the art},
  volume={92},
  pages={1},
  year={1997},
  publisher={SIAM Philadelphia, PA, USA}
}


@article{boyd2011distributed,
  title={Distributed optimization and statistical learning via the alternating direction method of multipliers},
  author={S. Boyd and N. Parikh and E. Chu and B. Peleato and J. Eckstein},
  journal={Foundations and Trends{\textregistered} in Machine learning},
  volume={3},
  number={1},
  pages={1--122},
  year={2011},
  publisher={Now Publishers, Inc.}
}

@book{nocedal2006numerical,
  title={Numerical optimization},
  author={J. Nocedal and S. Wright},
  year={2006},
  publisher={Springer}
}

@article{cartis2009some,
  title={Some disadvantages of a {M}ehrotra-type primal-dual corrector interior point algorithm for linear programming},
  author={C. Cartis},
  journal={Applied Numerical Mathematics},
  volume={59},
  number={5},
  pages={1110--1119},
  year={2009},
  publisher={Elsevier}
}

@book{ye2011interior,
  title={Interior {P}oint {A}lgorithms: {T}heory and {A}nalysis},
  author={Y. Ye},
  year={2011},
  publisher={John Wiley \& Sons},
address = {New York}
}

@BOOK{laug,
      TITLE = {{LAPACK} {U}sers' {G}uide},
      AUTHOR = {Anderson, E. and Bai, Z. and Bischof, C. and
                Blackford, S. and Demmel, J. and Dongarra, J. and
                Du Croz, J. and Greenbaum, A. and Hammarling, S. and
                McKenney, A. and Sorensen, D.},
      EDITION = {Third},
      PUBLISHER = {Society for Industrial and Applied Mathematics},
      YEAR = {1999},
      ADDRESS = {Philadelphia, PA},
      ISBN = {0-89871-447-8 (paperback)} 
}

@article{lawson1979basic,
  title={Basic linear algebra subprograms for {F}ortran usage},
  author={Lawson, Chuck L and Hanson, Richard J. and Kincaid, David R and Krogh, Fred T.},
  journal={ACM Transactions on Mathematical Software (TOMS)},
  volume={5},
  number={3},
  pages={308--323},
  year={1979},
  publisher={ACM New York, NY, USA}
}