@article{Annamalai2024,
  author       = {Meenatchi Sundaram Muthu Selva Annamalai and Emiliano De Cristofaro},
  title = {Nearly Tight Black-Box Auditing of Differentially Private Machine Learning},
  year         = {2024},
  journal={arXiv:2405.14106}
}

@article{Annamalai2024_B,
  author       = {Meenatchi Sundaram Muthu Selva Annamalai and Borja Balle and Emiliano De Cristofaro and Jamie Hayes},
  title = {To Shuffle or not to Shuffle: Auditing {DP-SGD} with Shuffling},
  journal = {arXiv:2411.10614},
  year = {2024}
}

@inproceedings{Annamalai2024_C,
  author       = {Meenatchi Sundaram Muthu Selva Annamalai and Georgi Ganev and Emiliano De Cristofaro},
  title        = {"What do you want from theory alone?" Experimenting with Tight Auditing of Differentially Private Synthetic Data Generation},
  booktitle  = {33rd {USENIX} Security Symposium},
  year = {2024}
}

@inproceedings{Balle2018,
  author       = {Borja Balle and Yu{-}Xiang Wang},
  title        = {Improving the Gaussian Mechanism for Differential Privacy: Analytical Calibration and Optimal Denoising},
  booktitle    = {Proceedings of the 35th International Conference on Machine Learning {(ICML)} },
  year         = {2018}
}

@article{Dong2022,
    author = {Dong, Jinshuo and Roth, Aaron and Su, Weijie J.},
    title = {Gaussian Differential Privacy},
    journal = {Journal of the Royal Statistical Society Series B: Statistical Methodology},
    volume = {84},
    year = {2022}
}

@article{Koskela2024,
  title={Auditing Differential Privacy Guarantees Using Density Estimation},
  author={Koskela, Antti and Mohammadi, Jafar},
  journal={arXiv preprint 2406.04827v3},
  year={2024}
}

@article{Mahloujifar2024,
  title={Auditing $ f $-Differential Privacy in One Run},
  author={Mahloujifar, Saeed and Melis, Luca and Chaudhuri, Kamalika},
  journal={arXiv preprint arXiv:2410.22235},
  year={2024}
}

@inproceedings{Nasr2023,
author = {Milad Nasr and Jamie Hayes and Thomas Steinke and Borja Balle and Florian Tram{\`e}r and Matthew Jagielski and Nicholas Carlini and Andreas Terzis},
title = {Tight Auditing of Differentially Private Machine Learning},
booktitle = {32nd USENIX Security Symposium (USENIX Security 23)},
year = {2023}
}

