@inproceedings{chen2022focal,
  title={Focal sparse convolutional networks for 3d object detection},
  author={Chen, Yukang and Li, Yanwei and Zhang, Xiangyu and Sun, Jian and Jia, Jiaya},
  booktitle={Proceedings of the IEEE/CVF Conference on Computer Vision and Pattern Recognition},
  pages={5428--5437},
  year={2022}
}

@inproceedings{dai2017deformable,
  title={Deformable convolutional networks},
  author={Dai, Jifeng and Qi, Haozhi and Xiong, Yuwen and Li, Yi and Zhang, Guodong and Hu, Han and Wei, Yichen},
  booktitle={Proceedings of the IEEE international conference on computer vision},
  pages={764--773},
  year={2017}
}

@article{kaplanyan2019deepfovea,
  title={DeepFovea: Neural reconstruction for foveated rendering and video compression using learned statistics of natural videos},
  author={Kaplanyan, Anton S and Sochenov, Anton and Leimk{\"u}hler, Thomas and Okunev, Mikhail and Goodall, Todd and Rufo, Gizem},
  journal={ACM Transactions on Graphics (TOG)},
  volume={38},
  number={6},
  pages={1--13},
  year={2019},
  publisher={ACM New York, NY, USA}
}

@article{lukanov2021biologically,
  title={Biologically inspired deep learning model for efficient foveal-peripheral vision},
  author={Lukanov, Hristofor and K{\"o}nig, Peter and Pipa, Gordon},
  journal={Frontiers in Computational Neuroscience},
  volume={15},
  pages={746204},
  year={2021},
  publisher={Frontiers Media SA}
}

@inproceedings{thavamani2021fovea,
  title={Fovea: Foveated image magnification for autonomous navigation},
  author={Thavamani, Chittesh and Li, Mengtian and Cebron, Nicolas and Ramanan, Deva},
  booktitle={Proceedings of the IEEE/CVF international conference on computer vision},
  pages={15539--15548},
  year={2021}
}

@inproceedings{xiong2024efficient,
  title={Efficient deformable convnets: Rethinking dynamic and sparse operator for vision applications},
  author={Xiong, Yuwen and Li, Zhiqi and Chen, Yuntao and Wang, Feng and Zhu, Xizhou and Luo, Jiapeng and Wang, Wenhai and Lu, Tong and Li, Hongsheng and Qiao, Yu and others},
  booktitle={Proceedings of the IEEE/CVF Conference on Computer Vision and Pattern Recognition},
  pages={5652--5661},
  year={2024}
}

@inproceedings{zhu2019deformable,
  title={Deformable convnets v2: More deformable, better results},
  author={Zhu, Xizhou and Hu, Han and Lin, Stephen and Dai, Jifeng},
  booktitle={Proceedings of the IEEE/CVF conference on computer vision and pattern recognition},
  pages={9308--9316},
  year={2019}
}

