@inproceedings{1998reopt,
  title={Efficient mid-query re-optimization of sub-optimal query execution plans},
  author={Kabra, Navin and DeWitt, David J},
  booktitle={Proceedings of the 1998 ACM SIGMOD International Conference on Management of Data},
  pages={106--117},
  year={1998}
}

@inproceedings{1999reopt_shared_nothing,
  title={Hybrid simultaneous scheduling and mapping in SQL multi-query parallelization},
  author={Bonneau, Sophie and Hameurlain, Abdelkader},
  booktitle={International Conference on Database and Expert Systems Applications},
  pages={88--98},
  year={1999}
}

@inproceedings{2000eddies,
  title={Eddies: Continuously adaptive query processing},
  author={Avnur, Ron and Hellerstein, Joseph M},
  booktitle={Proceedings of the 2000 ACM SIGMOD International Conference on Management of Data},
  pages={261--272},
  year={2000}
}

@inproceedings{2002LEC,
  title={Least expected cost query optimization: what can we expect?},
  author={Chu, Francis and Halpern, Joseph and Gehrke, Johannes},
  booktitle={Proceedings of the twenty-first ACM SIGMOD-SIGACT-SIGART symposium on Principles of database systems},
  pages={293--302},
  year={2002}
}

@inproceedings{2004pop,
  title={Robust query processing through progressive optimization},
  author={Markl, Volker and Raman, Vijayshankar and Simmen, David and Lohman, Guy and Pirahesh, Hamid and Cilimdzic, Miso},
  booktitle={Proceedings of the 2004 ACM SIGMOD International Conference on Management of Data},
  pages={659--670},
  year={2004}
}

@inproceedings{2005RCE,
  title={Towards a robust query optimizer: a principled and practical approach},
  author={Babcock, Brian and Chaudhuri, Surajit},
  booktitle={Proceedings of the 2005 ACM SIGMOD International Conference on Management of Data},
  pages={119--130},
  year={2005}
}

@inproceedings{2007plan_diagram,
  title={On the Production of Anorexic Plan Diagrams},
  author={Jayant, Harish D Pooja N Darera and Haritsa, R},
  booktitle={Proceedings of the 33rd International Conference on Very Large Data Bases},
  pages={1081-1092},
  year={2007}
}

@inproceedings{2007pop_parallel,
  title={Progressive optimization in a shared-nothing parallel database},
  author={Han, Wook-Shin and Ng, Jack and Markl, Volker and Kache, Holger and Kandil, Mokhtar},
  booktitle={Proceedings of the 2007 ACM SIGMOD International Conference on Management of Data},
  pages={809--820},
  year={2007}
}

@inproceedings{2008strict_plan_diagram,
  title={Identifying robust plans through plan diagram reduction},
  author={Jayant, Harish D Pooja N Darera and Haritsa, R},
  booktitle={Proceedings of the 34th International Conference on Very Large Data Bases},
  pages={1124-1140},
  year={2008}
}

@inproceedings{2014leapfrog,
  title={Leapfrog triejoin: A simple, worst-case optimal join algorithm},
  author={Veldhuizen, Todd L},
  booktitle={17th International Conference on Database Theory (ICDT 2014)},
  year={2014}
}

@article{2016planbouquets,
  title={Plan bouquets: A fragrant approach to robust query processing},
  author={Dutt, Anshuman and Haritsa, Jayant R},
  journal={ACM Transactions on Database Systems (TODS)},
  volume={41},
  number={2},
  pages={1--37},
  year={2016}
}

@inproceedings{2019tutorial_robust,
  title={Robust query processing: Mission possible},
  author={Haritsa, Jayant R},
  booktitle={2019 IEEE 35th International Conference on Data Engineering (ICDE)},
  pages={2072--2075},
  year={2019}
}

@article{2020hashtrie,
  title={Adopting worst-case optimal joins in relational database systems},
  author={Freitag, Michael and Bandle, Maximilian and Schmidt, Tobias and Kemper, Alfons and Neumann, Thomas},
  journal={Proceedings of the VLDB Endowment},
  volume={13},
  number={12},
  pages={1891--1904},
  year={2020}
}

@article{2023reopt_zhao,
  title={Efficient Query Re-optimization with Judicious Subquery Selections},
  author={Zhao, Junyi and Zhang, Huanchen and Gao, Yihan},
  journal={Proceedings of the ACM on Management of Data},
  volume={1},
  number={2},
  pages={1--26},
  year={2023}
}

@article{Abhirama2010BDSH,
  author       = {M. Abhirama and
                  Sourjya Bhaumik and
                  Atreyee Dey and
                  Harsh Shrimal and
                  Jayant R. Haritsa},
  title        = {On the Stability of Plan Costs and the Costs of Plan Stability},
  journal      = {Proc. {VLDB} Endow.},
  volume       = {3},
  number       = {1},
  pages        = {1137--1148},
  year         = {2010},
  url          = {http://www.vldb.org/pvldb/vldb2010/pvldb\_vol3/R101.pdf},
  doi          = {10.14778/1920841.1920983},
  timestamp    = {Sat, 25 Apr 2020 13:59:32 +0200},
  biburl       = {https://dblp.org/rec/journals/pvldb/AbhiramaBDSH10.bib},
  bibsource    = {dblp computer science bibliography, https://dblp.org}
}

@inproceedings{AlyoubiHW15,
  author       = {Khaled Hamed Alyoubi and
                  Sven Helmer and
                  Peter T. Wood},
  title        = {Ordering Selection Operators Under Partial Ignorance},
  booktitle    = {Proceedings of the 24th {ACM} International Conference on Information
                  and Knowledge Management, {CIKM} 2015},
  pages        = {1521--1530},
  url          = {https://doi.org/10.1145/2806416.2806446},
  doi          = {10.1145/2806416.2806446},
  biburl       = {https://dblp.org/rec/conf/cikm/AlyoubiHW15.bib},
  bibsource    = {dblp computer science bibliography, https://dblp.org}
}

@inproceedings{Marx10,
  author       = {D{\'{a}}niel Marx},
  title        = {Tractable hypergraph properties for constraint satisfaction and conjunctive
                  queries},
  booktitle    = {{STOC}},
  pages        = {735--744},
  publisher    = {{ACM}},
  year         = {2010}
}

@INPROCEEDINGS{Perron19,
  author={Perron, Matthew and Shang, Zeyuan and Kraska, Tim and Stonebraker, Michael},
  booktitle={2019 IEEE 35th International Conference on Data Engineering (ICDE)}, 
  title={How I Learned to Stop Worrying and Love Re-optimization}, 
  pages={1758-1761},
  year={2019}
}

@article{ROBERTSON1986309,
title = {Graph minors. II. Algorithmic aspects of tree-width},
journal = {Journal of Algorithms},
volume = {7},
number = {3},
pages = {309-322},
author = {Neil Robertson and P.D Seymour},
year = {1986}
}

@article{Wolf2018RobustMetric,
  author       = {Florian Wolf and
                  Michael Brendle and
                  Norman May and
                  Paul R. Willems and
                  Kai{-}Uwe Sattler and
                  Michael Grossniklaus},
  title        = {Robustness Metrics for Relational Query Execution Plans},
  journal      = {Proc. {VLDB} Endow.},
  volume       = {11},
  number       = {11},
  pages        = {1360--1372},
  year         = {2018},
  url          = {http://www.vldb.org/pvldb/vol11/p1360-wolf.pdf},
  doi          = {10.14778/3236187.3236191},
  timestamp    = {Sat, 25 Apr 2020 13:58:49 +0200},
  biburl       = {https://dblp.org/rec/journals/pvldb/WolfBMWSG18.bib},
  bibsource    = {dblp computer science bibliography, https://dblp.org}
}

@article{aberger2017emptyheaded,
  title={Emptyheaded: A relational engine for graph processing},
  author={Aberger, Christopher R and Lamb, Andrew and Tu, Susan and N{\"o}tzli, Andres and Olukotun, Kunle and R{\'e}, Christopher},
  journal={ACM Transactions on Database Systems (TODS)},
  volume={42},
  number={4},
  pages={1--44},
  year={2017}
}

@inproceedings{aberger2018levelheaded,
  title={Levelheaded: A unified engine for business intelligence and linear algebra querying},
  author={Aberger, Christopher and Lamb, Andrew and Olukotun, Kunle and R{\'e}, Christopher},
  booktitle={2018 IEEE 34th International Conference on Data Engineering (ICDE)},
  pages={449--460},
  year={2018}
}

@article{agm08,
  title={Size bounds and query plans for relational joins},
  author={Atserias, Albert and Grohe, Martin and Marx, D{\'a}niel},
  journal={SIAM Journal on Computing},
  volume={42},
  number={4},
  pages={1737--1767},
  year={2013}
}

@article{ammar2018distributed,
  title={Distributed evaluation of subgraph queries using worst-case optimal lowmemory dataflows},
  author={Ammar, Khaled and McSherry, Frank and Salihoglu, Semih and Joglekar, Manas},
  journal={Proceedings of the VLDB Endowment},
  volume={11},
  number={6},
  pages={691--704},
  year={2018}
}

@inproceedings{aref2015design,
  title={Design and implementation of the LogicBlox system},
  author={Aref, Molham and Ten Cate, Balder and Green, Todd J and Kimelfeld, Benny and Olteanu, Dan and Pasalic, Emir and Veldhuizen, Todd L and Washburn, Geoffrey},
  booktitle={Proceedings of the 2015 ACM SIGMOD International Conference on Management of Data},
  pages={1371--1382},
  year={2015}
}

@article{birler2024robust,
  title={Robust Join Processing with Diamond Hardened Joins},
  author={Birler, Altan and Kemper, Alfons and Neumann, Thomas},
  journal={Proceedings of the VLDB Endowment},
  volume={17},
  number={11},
  pages={3215--3228},
  year={2024}
}

@inproceedings{bloomjoin,
  title={Hashing methods and relational algebra operations},
  author={Bratbergsengen, Kjell},
  booktitle={Proceedings of the 10th International Conference on Very Large Data Bases},
  pages={323--333},
  year={1984}
}

@inproceedings{chandra1997,
  title={Conjunctive query containment revisited},
  author={Chekuri, Chandra and Rajaraman, Anand},
  booktitle={Database Theoryâ€”ICDT'97: 6th International Conference Delphi, Greece, January 8--10, 1997 Proceedings 6},
  pages={56--70},
  year={1997},
  organization={Springer}
}

@inproceedings{chu2015theory,
  title={From theory to practice: Efficient join query evaluation in a parallel database system},
  author={Chu, Shumo and Balazinska, Magdalena and Suciu, Dan},
  booktitle={Proceedings of the 2015 ACM SIGMOD International Conference on Management of Data},
  pages={63--78},
  year={2015}
}

@article{distributedbloomjoin,
  title={Bloom filters in distributed query execution},
  author={Koutris, Paraschos},
  journal={University of Washington, CSE},
  volume={544},
  year={2011}
}

@article{freejoin2023,
author = {Wang, Yisu Remy and Willsey, Max and Suciu, Dan},
title = {Free Join: Unifying Worst-Case Optimal and Traditional Joins},
volume = {1},
number = {2},
journal = {Proceedings of the ACM on Management of Data},
year = {2023}
}

@inproceedings{gottlob1999,
  title={Hypertree decompositions and tractable queries},
  author={Gottlob, Georg and Leone, Nicola and Scarcello, Francesco},
  booktitle={Proceedings of the eighteenth ACM SIGMOD-SIGACT-SIGART symposium on Principles of database systems},
  pages={21--32},
  year={1999}
}

@inproceedings{hogan2019worst,
  title={A worst-case optimal join algorithm for SPARQL},
  author={Hogan, Aidan and Riveros, Cristian and Rojas, Carlos and Soto, Adri{\'a}n},
  booktitle={The Semantic Web--ISWC 2019: 18th International Semantic Web Conference, Auckland, New Zealand, October 26--30, 2019, Proceedings, Part I 18},
  pages={258--275},
  year={2019}
}

@article{justen2024polar,
  title={POLAR: Adaptive and Non-invasive Join Order Selection via Plans of Least Resistance},
  author={Justen, David and Ritter, Daniel and Fraser, Campbell and Lamb, Andrew and Lee, Allison and Bodner, Thomas and Haddad, Mhd Yamen and Zeuch, Steffen and Markl, Volker and Boehm, Matthias},
  journal={Proceedings of the VLDB Endowment},
  volume={17},
  number={6},
  pages={1350--1363},
  year={2024}
}

@inproceedings{koutris2016worst,
  title={Worst-case optimal algorithms for parallel query processing},
  author={Koutris, Paraschos and Beame, Paul and Suciu, Dan},
  booktitle={19th International Conference on Database Theory (ICDT 2016)},
  year={2016},
}

@article{lpnorm2024,
  title={Join Size Bounds using lp-Norms on Degree Sequences},
  author={Abo Khamis, Mahmoud and Nakos, Vasileios and Olteanu, Dan and Suciu, Dan},
  journal={Proceedings of the ACM on Management of Data},
  volume={2},
  number={2},
  pages={1--24},
  year={2024}
}

@article{mhedhbi2019optimizing,
  title={Optimizing subgraph queries by combining binary and worst-case optimal joins},
  author={Mhedhbi, Amine and Salihoglu, Semih},
  journal={Proceedings of the VLDB Endowment},
  volume={12},
  number={11},
  pages={1692--1704},
  year={2019}
}

@article{ngo2014SIGMOD,
  title={Skew strikes back: new developments in the theory of join algorithms},
  author={Ngo, Hung Q and R{\'e}, Christopher and Rudra, Atri},
  journal={ACM SIGMOD Record},
  volume={42},
  number={4},
  pages={5--16},
  year={2014}
}

@article{ngo2018,
  title={Worst-case optimal join algorithms},
  author={Ngo, Hung Q and Porat, Ely and R{\'e}, Christopher and Rudra, Atri},
  journal={Journal of the ACM (JACM)},
  volume={65},
  number={3},
  pages={1--40},
  year={2018}
}

@inproceedings{nprr12,
author = {Ngo, Hung Q. and Porat, Ely and R\'{e}, Christopher and Rudra, Atri},
title = {Worst-case optimal join algorithms: [extended abstract]},
address = {New York, NY, USA},
booktitle = {Proceedings of the 31st ACM SIGMOD-SIGACT-SIGAI Symposium on Principles of Database Systems},
pages = {37â€“48},
year = {2012}
}

@inproceedings{optimizingdistributedbloomjoin,
  title={Optimizing distributed joins with bloom filters},
  author={Ramesh, Sukriti and Papapetrou, Odysseas and Siberski, Wolf},
  booktitle={Distributed Computing and Internet Technology: 5th International Conference, ICDCIT 2008 New Delhi, India, December 10-12, 2008. Proceedings 5},
  pages={145--156},
  year={2009}
}

@inproceedings{panda2017,
  title={What do Shannon-type inequalities, submodular width, and disjunctive datalog have to do with one another?},
  author={Abo Khamis, Mahmoud and Ngo, Hung Q and Suciu, Dan},
  booktitle={Proceedings of the 36th ACM SIGMOD-SIGACT-SIGAI Symposium on Principles of Database Systems},
  pages={429--444},
  year={2017}
}

@misc{panda2024,
      title={PANDA: Query Evaluation in Submodular Width}, 
      author={Mahmoud Abo Khamis and Hung Q. Ngo and Dan Suciu},
      year={2024},
      eprint={2402.02001},
      archivePrefix={arXiv},
      primaryClass={cs.DB},
      url={https://arxiv.org/abs/2402.02001}, 
}

@article{robustoptimization,
  title={Robust query optimization methods with respect to estimation errors: A survey},
  author={Yin, Shaoyi and Hameurlain, Abdelkader and Morvan, Franck},
  journal={ACM SIGMOD Record},
  volume={44},
  number={3},
  pages={25--36},
  year={2015}
}

@INPROCEEDINGS{suciu2023,
  author={Suciu, Dan},
  booktitle={2023 38th Annual ACM/IEEE Symposium on Logic in Computer Science (LICS)}, 
  title={Applications of Information Inequalities to Database Theory Problems}, 
  pages={1-30},
  year={2023}
}

@misc{treetrackerjoin,
      title={TreeTracker Join: Turning the Tide When a Tuple Fails to Join}, 
      author={Zeyuan Hu and Yisu Remy Wang and Daniel P. Miranker},
      year={2024},
      eprint={2403.01631},
      archivePrefix={arXiv},
      primaryClass={cs.DB},
      url={https://arxiv.org/abs/2403.01631}, 
}

@article{usingsemi,
  title={Using semi-joins to solve relational queries},
  author={Bernstein, Philip A and Chiu, Dah-Ming W},
  journal={Journal of the ACM (JACM)},
  volume={28},
  number={1},
  pages={25--40},
  year={1981}
}

@inproceedings{zhang2014evaluating,
  title={Evaluating multi-way joins over discounted hitting time},
  author={Zhang, Wangda and Cheng, Reynold and Kao, Ben},
  booktitle={2014 IEEE 30th International Conference on Data Engineering (ICDE)},
  pages={724--735},
  year={2014},
  organization={IEEE}
}

@article{zhu2017LIP,
  title={Looking ahead makes query plans robust: Making the initial case with in-memory star schema data warehouse workloads},
  author={Zhu, Jianqiao and Potti, Navneet and Saurabh, Saket and Patel, Jignesh M},
  journal={Proceedings of the VLDB Endowment},
  volume={10},
  number={8},
  pages={889--900},
  year={2017}
}

@inproceedings{zhu2019hymj,
  title={HyMJ: A hybrid structure-aware approach to distributed multi-way join query},
  author={Zhu, Guanghui and Wu, Xiaoqi and Yin, Liangliang and Wang, Haogang and Gu, Rong and Yuan, Chunfeng and Huang, Yihua},
  booktitle={2019 IEEE 35th International Conference on Data Engineering (ICDE)},
  pages={1726--1729},
  year={2019},
  organization={IEEE}
}

