@inproceedings{putze2007cache,
  title={Cache-, hash-and space-efficient bloom filters},
  author={Putze, Felix and Sanders, Peter and Singler, Johannes},
  booktitle={Experimental Algorithms: 6th International Workshop},
  pages={108--121},
  year={2007}
}

@article{zhu2017LIP,
  title={Looking ahead makes query plans robust: Making the initial case with in-memory star schema data warehouse workloads},
  author={Zhu, Jianqiao and Potti, Navneet and Saurabh, Saket and Patel, Jignesh M},
  journal={Proceedings of the VLDB Endowment},
  volume={10},
  number={8},
  pages={889--900},
  year={2017}
}

@inproceedings{yang2023PT,
  author       = {Yifei Yang and
                  Hangdong Zhao and
                  Xiangyao Yu and
                  Paraschos Koutris},
  title        = {Predicate Transfer: Efficient Pre-Filtering on Multi-Join Queries},
  booktitle    = {14th Conference on Innovative Data Systems Research, {CIDR} 2024,
                  Chaminade, HI, USA, January 14-17, 2024},
  publisher    = {www.cidrdb.org},
  year         = {2024},
  url          = {https://www.cidrdb.org/cidr2024/papers/p22-yang.pdf},
  timestamp    = {Fri, 05 Apr 2024 17:17:09 +0200},
  biburl       = {https://dblp.org/rec/conf/cidr/YangZYK24.bib},
  bibsource    = {dblp computer science bibliography, https://dblp.org}
}

@article{bloom1970BF,
  title={Space/time trade-offs in hash coding with allowable errors},
  author={Bloom, Burton H},
  journal={Communications of the ACM},
  volume={13},
  number={7},
  pages={422--426},
  year={1970}
}

@inproceedings{yannakakis1981YA,
  title={Algorithms for acyclic database schemes},
  author={Yannakakis, Mihalis},
  booktitle={Proceedings of the 7th International Conference on Very Large Data Bases},
  volume={81},
  pages={82--94},
  year={1981}
}

@inproceedings{beeri1987SIP,
  title={On the power of magic},
  author={Beeri, Catriel and Ramakrishnan, Raghu},
  booktitle={Proceedings of the sixth ACM SIGACT-SIGMOD-SIGART symposium on Principles of database systems},
  pages={269--284},
  year={1987},
}

@article{leis2015HowGood,
  title={How good are query optimizers, really?},
  author={Leis, Viktor and Gubichev, Andrey and Mirchev, Atanas and Boncz, Peter and Kemper, Alfons and Neumann, Thomas},
  journal={Proceedings of the VLDB Endowment},
  volume={9},
  number={3},
  pages={204--215},
  year={2015}
}

@article{lehmann2023IsLearned,
  title={Is Your Learned Query Optimizer Behaving As You Expect? A Machine Learning Perspective},
  author={Lehmann, Claude and Sulimov, Pavel and Stockinger, Kurt},
  journal={Proceedings of the VLDB Endowment},
  volume={17},
  number={7},
  pages={1565--1577},
  year={2024}
}

@misc{duckdb,
    title = {{D}uck{DB}},
    year = {2024},
    howpublished = {https://duckdb.org}
}

@misc{TPCH,
    title = {{TPC-H B}enchmark},
    year = {1999},
    howpublished = {http://www.tpc.org/tpch/}
}

@misc{TPCDS,
    title = {{TPC-DS B}enchmark},
    year = {1999},
    howpublished = {http://www.tpc.org/tpcds/}
}

@misc{JOB,
    title = {{J}oin {O}rder {B}enchmark},
    year = {2015},
    howpublished = {http://github.com/gregrahn/join-order-benchmark/}
}

@misc{Arrow,
    title = {{A}pache {A}rrow},
    year = {2016},
    howpublished = {http://arrow.apache.org/}
}

@article{fpdb,
  title={Flexpushdowndb: Hybrid pushdown and caching in a cloud dbms},
  author={Yang, Yifei and Youill, Matt and Woicik, Matthew and Liu, Yizhou and Yu, Xiangyao and Serafini, Marco and Aboulnaga, Ashraf and Stonebraker, Michael},
  journal={Proceedings of the VLDB Endowment},
  volume={14},
  number={11},
  year={2021}
}

@article{usingsemi,
  title={Using semi-joins to solve relational queries},
  author={Bernstein, Philip A and Chiu, Dah-Ming W},
  journal={Journal of the ACM (JACM)},
  volume={28},
  number={1},
  pages={25--40},
  year={1981}
}

@inproceedings{magicset,
  title={On the power of magic},
  author={Beeri, Catriel and Ramakrishnan, Raghu},
  booktitle={Proceedings of the sixth ACM SIGACT-SIGMOD-SIGART symposium on Principles of database systems},
  pages={269--284},
  year={1987}
}

@inproceedings{bloomjoin,
  title={Hashing methods and relational algebra operations},
  author={Bratbergsengen, Kjell},
  booktitle={Proceedings of the 10th International Conference on Very Large Data Bases},
  pages={323--333},
  year={1984}
}

@article{distributedbloomjoin,
  title={Bloom filters in distributed query execution},
  author={Koutris, Paraschos},
  journal={University of Washington, CSE},
  volume={544},
  year={2011}
}

@inproceedings{optimizingdistributedbloomjoin,
  title={Optimizing distributed joins with bloom filters},
  author={Ramesh, Sukriti and Papapetrou, Odysseas and Siberski, Wolf},
  booktitle={Distributed Computing and Internet Technology: 5th International Conference, ICDCIT 2008 New Delhi, India, December 10-12, 2008. Proceedings 5},
  pages={145--156},
  year={2009}
}

@article{robustoptimization,
  title={Robust query optimization methods with respect to estimation errors: A survey},
  author={Yin, Shaoyi and Hameurlain, Abdelkader and Morvan, Franck},
  journal={ACM SIGMOD Record},
  volume={44},
  number={3},
  pages={25--36},
  year={2015}
}

@inproceedings{leo,
  title={LEO-DB2's learning optimizer},
  author={Stillger, Michael and Lohman, Guy M and Markl, Volker and Kandil, Mokhtar},
  booktitle={Proceedings of the 27th International Conference on Very Large Data Bases},
  volume={1},
  pages={19--28},
  year={2001}
}

@inproceedings{1998reopt,
  title={Efficient mid-query re-optimization of sub-optimal query execution plans},
  author={Kabra, Navin and DeWitt, David J},
  booktitle={Proceedings of the 1998 ACM SIGMOD International Conference on Management of Data},
  pages={106--117},
  year={1998}
}

@inproceedings{proactive,
  title={Proactive re-optimization},
  author={Babu, Shivnath and Bizarro, Pedro and DeWitt, David},
  booktitle={Proceedings of the 2005 ACM SIGMOD International Conference on Management of Data},
  pages={107--118},
  year={2005}
}

@inproceedings{2011quotient,
  title={Don't thrash: How to cache your hash on flash},
  author={Bender, Michael A and Farach-Colton, Martin and Johnson, Rob and Kuszmaul, Bradley C and Medjedovic, Dzejla and Montes, Pablo and Shetty, Pradeep and Spillane, Richard P and Zadok, Erez},
  booktitle={3rd Workshop on Hot Topics in Storage and File Systems (HotStorage 11)},
  year={2011}
}

@article{2023quotient,
  title={Infinifilter: Expanding filters to infinity and beyond},
  author={Dayan, Niv and Bercea, Ioana and Reviriego, Pedro and Pagh, Rasmus},
  journal={Proceedings of the ACM on Management of Data},
  volume={1},
  number={2},
  pages={1--27},
  year={2023}
}

@inproceedings{2017quotient,
  title={A general-purpose counting filter: Making every bit count},
  author={Pandey, Prashant and Bender, Michael A and Johnson, Rob and Patro, Rob},
  booktitle={Proceedings of the 2017 ACM International Conference on Management of Data},
  pages={775--787},
  year={2017}
}

@inproceedings{2021quotient,
  title={Vector quotient filters: Overcoming the time/space trade-off in filter design},
  author={Pandey, Prashant and Conway, Alex and Durie, Joe and Bender, Michael A and Farach-Colton, Martin and Johnson, Rob},
  booktitle={Proceedings of the 2021 International Conference on Management of Data},
  pages={1386--1399},
  year={2021}
}

@article{heuristicmagicset,
  title={On applying hash filters to improving the execution of multi-join queries},
  author={Chen, Ming-Syan and Hsiao, Hui-I and Yu, Philip S},
  journal={The VLDB journal},
  volume={6},
  pages={121--131},
  year={1997}
}

@inproceedings{costmagicset,
  title={Cost-based optimization for magic: Algebra and implementation},
  author={Seshadri, Praveen and Hellerstein, Joseph M and Pirahesh, Hamid and Leung, TY Cliff and Ramakrishnan, Raghu and Srivastava, Divesh and Stuckey, Peter J and Sudarshan, S},
  booktitle={Proceedings of the 1996 ACM SIGMOD International Conference on Management of Data},
  pages={435--446},
  year={1996}
}

@article{1997multidatabase,
  title={Multidatabase query optimization},
  author={Evrendilek, Cem and Dogac, Asuman and Nural, Sena and Ozcan, Fatma},
  journal={Distributed and Parallel Databases},
  volume={5},
  pages={77--114},
  year={1997}
}

@article{2010xplus,
  title={Xplus: a sql-tuning-aware query optimizer},
  author={Herodotou, Herodotos and Babu, Shivnath},
  journal={Proceedings of the VLDB Endowment},
  volume={3},
  number={1-2},
  pages={1149--1160},
  year={2010}
}

@article{2013IEF,
  title={Taking the edge off cardinality estimation errors using incremental execution},
  author={Neumann, Thomas and Galindo-Legaria, Cesar},
  year={2013}
}

@inproceedings{1999reopt_shared_nothing,
  title={Hybrid simultaneous scheduling and mapping in SQL multi-query parallelization},
  author={Bonneau, Sophie and Hameurlain, Abdelkader},
  booktitle={International Conference on Database and Expert Systems Applications},
  pages={88--98},
  year={1999}
}

@inproceedings{2012reopt_recursive,
  title={Adaptive optimizations of recursive queries in teradata},
  author={Ghazal, Ahmad and Seid, Dawit and Crolotte, Alain and Al-Kateb, Mohammed},
  booktitle={Proceedings of the 2012 ACM SIGMOD International Conference on Management of Data},
  pages={851--860},
  year={2012}
}

@inproceedings{2007pop_parallel,
  title={Progressive optimization in a shared-nothing parallel database},
  author={Han, Wook-Shin and Ng, Jack and Markl, Volker and Kache, Holger and Kandil, Mokhtar},
  booktitle={Proceedings of the 2007 ACM SIGMOD International Conference on Management of Data},
  pages={809--820},
  year={2007}
}

@inproceedings{2004pop,
  title={Robust query processing through progressive optimization},
  author={Markl, Volker and Raman, Vijayshankar and Simmen, David and Lohman, Guy and Pirahesh, Hamid and Cilimdzic, Miso},
  booktitle={Proceedings of the 2004 ACM SIGMOD International Conference on Management of Data},
  pages={659--670},
  year={2004}
}

@article{2023reopt_zhao,
  title={Efficient Query Re-optimization with Judicious Subquery Selections},
  author={Zhao, Junyi and Zhang, Huanchen and Gao, Yihan},
  journal={Proceedings of the ACM on Management of Data},
  volume={1},
  number={2},
  pages={1--26},
  year={2023}
}

@inproceedings{2005RCE,
  title={Towards a robust query optimizer: a principled and practical approach},
  author={Babcock, Brian and Chaudhuri, Surajit},
  booktitle={Proceedings of the 2005 ACM SIGMOD International Conference on Management of Data},
  pages={119--130},
  year={2005}
}

@inproceedings{2007distributed_proactive,
  title={Robust placement of mobile relational operators for large scale distributed query optimization},
  author={Ergenc, Belgin and Morvan, Franck and Hameurlain, Abdelkader},
  booktitle={Eighth International Conference on Parallel and Distributed Computing, Applications and Technologies (PDCAT 2007)},
  pages={227--235},
  year={2007},
  organization={IEEE}
}

@inproceedings{2002LEC,
  title={Least expected cost query optimization: what can we expect?},
  author={Chu, Francis and Halpern, Joseph and Gehrke, Johannes},
  booktitle={Proceedings of the twenty-first ACM SIGMOD-SIGACT-SIGART symposium on Principles of database systems},
  pages={293--302},
  year={2002}
}

@inproceedings{2007plan_diagram,
  title={On the Production of Anorexic Plan Diagrams},
  author={Jayant, Harish D Pooja N Darera and Haritsa, R},
  booktitle={Proceedings of the 33rd International Conference on Very Large Data Bases},
  pages={1081-1092},
  year={2007}
}

@inproceedings{2008strict_plan_diagram,
  title={Identifying robust plans through plan diagram reduction},
  author={Jayant, Harish D Pooja N Darera and Haritsa, R},
  booktitle={Proceedings of the 34th International Conference on Very Large Data Bases},
  pages={1124-1140},
  year={2008}
}

@inproceedings{2019tutorial_robust,
  title={Robust query processing: Mission possible},
  author={Haritsa, Jayant R},
  booktitle={2019 IEEE 35th International Conference on Data Engineering (ICDE)},
  pages={2072--2075},
  year={2019}
}

@inproceedings{2015smoothscan,
  title={Smooth scan: Statistics-oblivious access paths},
  author={Borovica-Gajic, Renata and Idreos, Stratos and Ailamaki, Anastasia and Zukowski, Marcin and Fraser, Campbell},
  booktitle={2015 IEEE 31st International Conference on Data Engineering (ICDE)},
  pages={315--326},
  year={2015},
  organization={IEEE}
}

@article{2018smoothscan,
  title={Smooth scan: robust access path selection without cardinality estimation},
  author={Borovica-Gajic, Renata and Idreos, Stratos and Ailamaki, Anastasia and Zukowski, Marcin and Fraser, Campbell},
  journal={The VLDB Journal},
  volume={27},
  pages={521--545},
  year={2018}
}

@article{2012gjoin,
  title={New algorithms for join and grouping operations},
  author={Graefe, Goetz},
  journal={Computer Science-Research and Development},
  volume={27},
  pages={3--27},
  year={2012}
}

@article{2016planbouquets,
  title={Plan bouquets: A fragrant approach to robust query processing},
  author={Dutt, Anshuman and Haritsa, Jayant R},
  journal={ACM Transactions on Database Systems (TODS)},
  volume={41},
  number={2},
  pages={1--37},
  year={2016}
}

@article{2017SpillBound,
  title={Platform-independent robust query processing},
  author={Karthik, Srinivas and Haritsa, Jayant R and Kenkre, Sreyash and Pandit, Vinayaka and Krishnan, Lohit},
  journal={IEEE Transactions on Knowledge and Data Engineering},
  volume={31},
  number={1},
  pages={17--31},
  year={2017}
}

@article{2018FrugalSpillBound,
  title={A concave path to low-overhead robust query processing},
  author={Karthik, Srinivas and Haritsa, Jayant R and Kenkre, Sreyash and Pandit, Vinayaka},
  journal={Proceedings of the VLDB Endowment},
  volume={11},
  number={13},
  pages={2183--2195},
  year={2018}
}

@article{2009BoundedImpact,
  title={Preventing bad plans by bounding the impact of cardinality estimation errors},
  author={Moerkotte, Guido and Neumann, Thomas and Steidl, Gabriele},
  journal={Proceedings of the VLDB Endowment},
  volume={2},
  number={1},
  pages={982--993},
  year={2009}
}

@inproceedings{2014optimizationsolved?,
  title={Is query optimization a “solved” problem},
  author={Lohman, Guy},
  booktitle={Proc. Workshop on Database Query Optimization},
  volume={13},
  pages={10},
  year={2014}
}

@inproceedings{1991errorpropagation,
  title={On the propagation of errors in the size of join results},
  author={Ioannidis, Yannis E and Christodoulakis, Stavros},
  booktitle={Proceedings of the 1991 ACM SIGMOD International Conference on Management of data},
  pages={268--277},
  year={1991}
}

@inproceedings{1998wavelet,
  title={Wavelet-based histograms for selectivity estimation},
  author={Matias, Yossi and Vitter, Jeffrey Scott and Wang, Min},
  booktitle={Proceedings of the 1998 ACM SIGMOD International Conference on Management of Data},
  pages={448--459},
  year={1998}
}

@inproceedings{2020deep,
  title={Deep learning models for selectivity estimation of multi-attribute queries},
  author={Hasan, Shohedul and Thirumuruganathan, Saravanan and Augustine, Jees and Koudas, Nick and Das, Gautam},
  booktitle={Proceedings of the 2020 ACM SIGMOD International Conference on Management of Data},
  pages={1035--1050},
  year={2020}
}

@article{1999self,
  title={Self-tuning histograms: Building histograms without looking at data},
  author={Aboulnaga, Ashraf and Chaudhuri, Surajit},
  journal={ACM SIGMOD Record},
  volume={28},
  number={2},
  pages={181--192},
  year={1999}
}

@article{2021survey_optimizer,
  title={A survey on advancing the dbms query optimizer: Cardinality estimation, cost model, and plan enumeration},
  author={Lan, Hai and Bao, Zhifeng and Peng, Yuwei},
  journal={Data Science and Engineering},
  volume={6},
  pages={86--101},
  year={2021}
}

@inproceedings{2020cost_model,
  title={Cost models for big data query processing: Learning, retrofitting, and our findings},
  author={Siddiqui, Tarique and Jindal, Alekh and Qiao, Shi and Patel, Hiren and Le, Wangchao},
  booktitle={Proceedings of the 2020 ACM SIGMOD International Conference on Management of Data},
  pages={99--113},
  year={2020}
}

@article{1984NP,
  title={On the optimal nesting order for computing n-relational joins},
  author={Ibaraki, Toshihide and Kameda, Tiko},
  journal={ACM Transactions on Database Systems (TODS)},
  volume={9},
  number={3},
  pages={482--502},
  year={1984}
}

@misc{Postgres,
    title = {PostgreSQL},
    year = {2024},
    howpublished = {http://www.postgresql.org/}
}

@inproceedings{2019duckdb,
  title={Duckdb: an embeddable analytical database},
  author={Raasveldt, Mark and M{\"u}hleisen, Hannes},
  booktitle={Proceedings of the 2019 International Conference on Management of Data},
  pages={1981--1984},
  year={2019}
}

@inproceedings{2008dphyper,
  title={Dynamic programming strikes back},
  author={Moerkotte, Guido and Neumann, Thomas},
  booktitle={Proceedings of the 2008 ACM SIGMOD International Conference on Management of Data},
  pages={539--552},
  year={2008}
}

@article{2019light_ML,
  title={Selectivity estimation for range predicates using lightweight models},
  author={Dutt, Anshuman and Wang, Chi and Nazi, Azade and Kandula, Srikanth and Narasayya, Vivek and Chaudhuri, Surajit},
  journal={Proceedings of the VLDB Endowment},
  volume={12},
  number={9},
  pages={1044--1057},
  year={2019}
}

@article{2020deepdb,
  title={DeepDB: learn from data, not from queries!},
  author={Hilprecht, Benjamin and Schmidt, Andreas and Kulessa, Moritz and Molina, Alejandro and Kersting, Kristian and Binnig, Carsten},
  journal={Proceedings of the VLDB Endowment},
  volume={13},
  number={7},
  pages={992--1005},
  year={2020}
}

@inproceedings{2019MSCN,
  author       = {Andreas Kipf and
                  Thomas Kipf and
                  Bernhard Radke and
                  Viktor Leis and
                  Peter A. Boncz and
                  Alfons Kemper},
  title        = {Learned Cardinalities: Estimating Correlated Joins with Deep Learning},
  booktitle    = {9th Biennial Conference on Innovative Data Systems Research, {CIDR}
                  2019, Asilomar, CA, USA, January 13-16, 2019, Online Proceedings},
  publisher    = {www.cidrdb.org},
  year         = {2019},
  url          = {http://cidrdb.org/cidr2019/papers/p101-kipf-cidr19.pdf},
  timestamp    = {Mon, 18 Jul 2022 17:13:00 +0200},
  biburl       = {https://dblp.org/rec/conf/cidr/KipfKRLBK19.bib},
  bibsource    = {dblp computer science bibliography, https://dblp.org}
}

@article{2019Naru,
  title={Deep Unsupervised Cardinality Estimation},
  author={Yang, Zongheng and Liang, Eric and Kamsetty, Amog and Wu, Chenggang and Duan, Yan and Chen, Xi and Abbeel, Pieter and Hellerstein, Joseph M and Krishnan, Sanjay and Stoica, Ion},
  journal={Proceedings of the VLDB Endowment},
  volume={13},
  number={3},
  year={2019}
}

@article{2020are_we_ready,
  title={Are we ready for learned cardinality estimation?},
  author={Wang, Xiaoying and Qu, Changbo and Wu, Weiyuan and Wang, Jiannan and Zhou, Qingqing},
  journal={Proceedings of the VLDB Endowment},
  volume={14},
  number={9},
  year={2021}
}

@inproceedings{2000eddies,
  title={Eddies: Continuously adaptive query processing},
  author={Avnur, Ron and Hellerstein, Joseph M},
  booktitle={Proceedings of the 2000 ACM SIGMOD International Conference on Management of Data},
  pages={261--272},
  year={2000}
}

@misc{bitvector2selvec,
    author = {Daniel Lemire},
    title = {Really fast bitset decoding for “average” densities},
    year = {2019},
    howpublished = {https://lemire.me/blog/2019/05/03/really-fast-bitset-decoding-for-average-densities/}
}

@article{gaffney2022sqlite,
  title={Sqlite: past, present, and future},
  author={Gaffney, Kevin P and Prammer, Martin and Brasfield, Larry and Hipp, D Richard and Kennedy, Dan and Patel, Jignesh M},
  journal={Proceedings of the VLDB Endowment},
  volume={15},
  number={12},
  year={2022}
}

@inproceedings{chaudhuri2009rethink,
  title={Query optimizers: time to rethink the contract?},
  author={Chaudhuri, Surajit},
  booktitle={Proceedings of the 2009 ACM SIGMOD International Conference on Management of data},
  pages={961--968},
  year={2009}
}

@inproceedings{selinger1979,
  title={Access path selection in a relational database management system},
  author={Selinger, P Griffiths and Astrahan, Morton M and Chamberlin, Donald D and Lorie, Raymond A and Price, Thomas G},
  booktitle={Proceedings of the 1979 ACM SIGMOD International Conference on Management of Data},
  pages={23--34},
  year={1979}
}

@inproceedings{2002generic_cost_model,
  title={Generic database cost models for hierarchical memory systems},
  author={Manegold, Stefan and Boncz, Peter and Kersten, Martin L},
  booktitle={VLDB'02: Proceedings of the 28th International Conference on Very Large Databases},
  pages={191--202},
  year={2002}
}

@inproceedings{2014leapfrog,
  title={Leapfrog triejoin: A simple, worst-case optimal join algorithm},
  author={Veldhuizen, Todd L},
  booktitle={17th International Conference on Database Theory (ICDT 2014)},
  year={2014}
}

@article{2020adoptingWCOJ,
  title={Adopting worst-case optimal joins in relational database systems},
  author={Freitag, Michael and Bandle, Maximilian and Schmidt, Tobias and Kemper, Alfons and Neumann, Thomas},
  journal={Proceedings of the VLDB Endowment},
  volume={13},
  number={12},
  pages={1891--1904},
  year={2020}
}

@article{2020hashtrie,
  title={Adopting worst-case optimal joins in relational database systems},
  author={Freitag, Michael and Bandle, Maximilian and Schmidt, Tobias and Kemper, Alfons and Neumann, Thomas},
  journal={Proceedings of the VLDB Endowment},
  volume={13},
  number={12},
  pages={1891--1904},
  year={2020}
}

@article{ngo2014SIGMOD,
  title={Skew strikes back: new developments in the theory of join algorithms},
  author={Ngo, Hung Q and R{\'e}, Christopher and Rudra, Atri},
  journal={ACM SIGMOD Record},
  volume={42},
  number={4},
  pages={5--16},
  year={2014}
}

@inproceedings{ngo2014PODS,
  title={Beyond worst-case analysis for joins with minesweeper},
  author={Ngo, Hung Q and Nguyen, Dung T and Re, Christopher and Rudra, Atri},
  booktitle={Proceedings of the 33rd ACM SIGMOD-SIGACT-SIGART symposium on Principles of database systems},
  pages={234--245},
  year={2014}
}

@article{ngo2018,
  title={Worst-case optimal join algorithms},
  author={Ngo, Hung Q and Porat, Ely and R{\'e}, Christopher and Rudra, Atri},
  journal={Journal of the ACM (JACM)},
  volume={65},
  number={3},
  pages={1--40},
  year={2018}
}

@article{aberger2017emptyheaded,
  title={Emptyheaded: A relational engine for graph processing},
  author={Aberger, Christopher R and Lamb, Andrew and Tu, Susan and N{\"o}tzli, Andres and Olukotun, Kunle and R{\'e}, Christopher},
  journal={ACM Transactions on Database Systems (TODS)},
  volume={42},
  number={4},
  pages={1--44},
  year={2017}
}

@inproceedings{aberger2018levelheaded,
  title={Levelheaded: A unified engine for business intelligence and linear algebra querying},
  author={Aberger, Christopher and Lamb, Andrew and Olukotun, Kunle and R{\'e}, Christopher},
  booktitle={2018 IEEE 34th International Conference on Data Engineering (ICDE)},
  pages={449--460},
  year={2018}
}

@article{ammar2018distributed,
  title={Distributed evaluation of subgraph queries using worst-case optimal lowmemory dataflows},
  author={Ammar, Khaled and McSherry, Frank and Salihoglu, Semih and Joglekar, Manas},
  journal={Proceedings of the VLDB Endowment},
  volume={11},
  number={6},
  pages={691--704},
  year={2018}
}

@inproceedings{aref2015design,
  title={Design and implementation of the LogicBlox system},
  author={Aref, Molham and Ten Cate, Balder and Green, Todd J and Kimelfeld, Benny and Olteanu, Dan and Pasalic, Emir and Veldhuizen, Todd L and Washburn, Geoffrey},
  booktitle={Proceedings of the 2015 ACM SIGMOD International Conference on Management of Data},
  pages={1371--1382},
  year={2015}
}

@inproceedings{chu2015theory,
  title={From theory to practice: Efficient join query evaluation in a parallel database system},
  author={Chu, Shumo and Balazinska, Magdalena and Suciu, Dan},
  booktitle={Proceedings of the 2015 ACM SIGMOD International Conference on Management of Data},
  pages={63--78},
  year={2015}
}

@inproceedings{koutris2016worst,
  title={Worst-case optimal algorithms for parallel query processing},
  author={Koutris, Paraschos and Beame, Paul and Suciu, Dan},
  booktitle={19th International Conference on Database Theory (ICDT 2016)},
  year={2016},
}

@inproceedings{hogan2019worst,
  title={A worst-case optimal join algorithm for SPARQL},
  author={Hogan, Aidan and Riveros, Cristian and Rojas, Carlos and Soto, Adri{\'a}n},
  booktitle={The Semantic Web--ISWC 2019: 18th International Semantic Web Conference, Auckland, New Zealand, October 26--30, 2019, Proceedings, Part I 18},
  pages={258--275},
  year={2019}
}

@article{mhedhbi2019optimizing,
  title={Optimizing subgraph queries by combining binary and worst-case optimal joins},
  author={Mhedhbi, Amine and Salihoglu, Semih},
  journal={Proceedings of the VLDB Endowment},
  volume={12},
  number={11},
  pages={1692--1704},
  year={2019}
}

@inproceedings{zhang2014evaluating,
  title={Evaluating multi-way joins over discounted hitting time},
  author={Zhang, Wangda and Cheng, Reynold and Kao, Ben},
  booktitle={2014 IEEE 30th International Conference on Data Engineering (ICDE)},
  pages={724--735},
  year={2014},
  organization={IEEE}
}

@inproceedings{zhu2019hymj,
  title={HyMJ: A hybrid structure-aware approach to distributed multi-way join query},
  author={Zhu, Guanghui and Wu, Xiaoqi and Yin, Liangliang and Wang, Haogang and Gu, Rong and Yuan, Chunfeng and Huang, Yihua},
  booktitle={2019 IEEE 35th International Conference on Data Engineering (ICDE)},
  pages={1726--1729},
  year={2019},
  organization={IEEE}
}

@article{ROBERTSON1986309,
title = {Graph minors. II. Algorithmic aspects of tree-width},
journal = {Journal of Algorithms},
volume = {7},
number = {3},
pages = {309-322},
author = {Neil Robertson and P.D Seymour},
year = {1986}
}

@inproceedings{chandra1997,
  title={Conjunctive query containment revisited},
  author={Chekuri, Chandra and Rajaraman, Anand},
  booktitle={Database Theory—ICDT'97: 6th International Conference Delphi, Greece, January 8--10, 1997 Proceedings 6},
  pages={56--70},
  year={1997},
  organization={Springer}
}

@article{gyssens1986,
  title={On the complexity of join dependencies},
  author={Gyssens, Marc},
  journal={ACM Transactions on Database Systems (TODS)},
  volume={11},
  number={1},
  pages={81--108},
  year={1986}
}

@inproceedings{gottlob1999,
  title={Hypertree decompositions and tractable queries},
  author={Gottlob, Georg and Leone, Nicola and Scarcello, Francesco},
  booktitle={Proceedings of the eighteenth ACM SIGMOD-SIGACT-SIGART symposium on Principles of database systems},
  pages={21--32},
  year={1999}
}

@article{agm08,
  title={Size bounds and query plans for relational joins},
  author={Atserias, Albert and Grohe, Martin and Marx, D{\'a}niel},
  journal={SIAM Journal on Computing},
  volume={42},
  number={4},
  pages={1737--1767},
  year={2013}
}

@article{lpnorm2024,
  title={Join Size Bounds using lp-Norms on Degree Sequences},
  author={Abo Khamis, Mahmoud and Nakos, Vasileios and Olteanu, Dan and Suciu, Dan},
  journal={Proceedings of the ACM on Management of Data},
  volume={2},
  number={2},
  pages={1--24},
  year={2024}
}

@INPROCEEDINGS{suciu2023,
  author={Suciu, Dan},
  booktitle={2023 38th Annual ACM/IEEE Symposium on Logic in Computer Science (LICS)}, 
  title={Applications of Information Inequalities to Database Theory Problems}, 
  pages={1-30},
  year={2023}
}

@inproceedings{nprr12,
author = {Ngo, Hung Q. and Porat, Ely and R\'{e}, Christopher and Rudra, Atri},
title = {Worst-case optimal join algorithms: [extended abstract]},
address = {New York, NY, USA},
booktitle = {Proceedings of the 31st ACM SIGMOD-SIGACT-SIGAI Symposium on Principles of Database Systems},
pages = {37–48},
year = {2012}
}

@misc{panda2024,
      title={PANDA: Query Evaluation in Submodular Width}, 
      author={Mahmoud Abo Khamis and Hung Q. Ngo and Dan Suciu},
      year={2024},
      eprint={2402.02001},
      archivePrefix={arXiv},
      primaryClass={cs.DB},
      url={https://arxiv.org/abs/2402.02001}, 
}

@inproceedings{panda2017,
  title={What do Shannon-type inequalities, submodular width, and disjunctive datalog have to do with one another?},
  author={Abo Khamis, Mahmoud and Ngo, Hung Q and Suciu, Dan},
  booktitle={Proceedings of the 36th ACM SIGMOD-SIGACT-SIGAI Symposium on Principles of Database Systems},
  pages={429--444},
  year={2017}
}

@article{freejoin2023,
author = {Wang, Yisu Remy and Willsey, Max and Suciu, Dan},
title = {Free Join: Unifying Worst-Case Optimal and Traditional Joins},
volume = {1},
number = {2},
journal = {Proceedings of the ACM on Management of Data},
year = {2023}
}

@article{justen2024polar,
  title={POLAR: Adaptive and Non-invasive Join Order Selection via Plans of Least Resistance},
  author={Justen, David and Ritter, Daniel and Fraser, Campbell and Lamb, Andrew and Lee, Allison and Bodner, Thomas and Haddad, Mhd Yamen and Zeuch, Steffen and Markl, Volker and Boehm, Matthias},
  journal={Proceedings of the VLDB Endowment},
  volume={17},
  number={6},
  pages={1350--1363},
  year={2024}
}

@article{birler2024robust,
  title={Robust Join Processing with Diamond Hardened Joins},
  author={Birler, Altan and Kemper, Alfons and Neumann, Thomas},
  journal={Proceedings of the VLDB Endowment},
  volume={17},
  number={11},
  pages={3215--3228},
  year={2024}
}

@inproceedings{moerkotte2006DPccp,
  title={Analysis of two existing and one new dynamic programming algorithm for the generation of optimal bushy join trees without cross products},
  author={Moerkotte, Guido and Neumann, Thomas},
  booktitle={Proceedings of the 32nd International Conference on Very Large Data Bases},
  pages={930--941},
  year={2006}
}

@misc{2023DuckDBPPT,
    author = {Mark Raasveldt},
    title = {DuckDB: In-Process Analytical Database System},
    year = {2023},
    howpublished = {https://15721.courses.cs.cmu.edu/spring2023/slides/22-duckdb.pdf}
}

@inproceedings{halford2019bayesian,
  title={An approach based on bayesian networks for query selectivity estimation},
  author={Halford, Max and Saint-Pierre, Philippe and Morvan, Franck},
  booktitle={Database Systems for Advanced Applications: 24th International Conference, DASFAA 2019, Chiang Mai, Thailand, Proceedings, Part II 24},
  pages={3--19},
  year={2019}
}

@article{liu2021fauce,
  title={Fauce: fast and accurate deep ensembles with uncertainty for cardinality estimation},
  author={Liu, Jie and Dong, Wenqian and Zhou, Qingqing and Li, Dong},
  journal={Proceedings of the VLDB Endowment},
  volume={14},
  number={11},
  pages={1950--1963},
  year={2021}
}

@inproceedings{park2020quicksel,
  title={Quicksel: Quick selectivity learning with mixture models},
  author={Park, Yongjoo and Zhong, Shucheng and Mozafari, Barzan},
  booktitle={Proceedings of the 2020 ACM SIGMOD International Conference on Management of Data},
  pages={1017--1033},
  year={2020}
}

@article{shetiya2020astrid,
  title={Astrid: accurate selectivity estimation for string predicates using deep learning},
  author={Shetiya, Suraj and Thirumuruganathan, Saravanan and Koudas, Nick and Das, Gautam},
  journal={Proceedings of the VLDB Endowment},
  volume={14},
  number={4},
  year={2020}
}

@inproceedings{wu2021unified,
  title={A unified deep model of learning from both data and queries for cardinality estimation},
  author={Wu, Peizhi and Cong, Gao},
  booktitle={Proceedings of the 2021 International Conference on Management of Data},
  pages={2009--2022},
  year={2021}
}

@article{yang2020neurocard,
  title={NeuroCard: one cardinality estimator for all tables},
  author={Yang, Zongheng and Kamsetty, Amog and Luan, Sifei and Liang, Eric and Duan, Yan and Chen, Xi and Stoica, Ion},
  journal={Proceedings of the VLDB Endowment},
  volume={14},
  number={1},
  year={2021}
}

@article{zhu2020flat,
  title={FLAT: fast, lightweight and accurate method for cardinality estimation},
  author={Zhu, Rong and Wu, Ziniu and Han, Yuxing and Zeng, Kai and Pfadler, Andreas and Qian, Zhengping and Zhou, Jingren and Cui, Bin},
  journal={Proceedings of the VLDB Endowment},
  volume={14},
  number={9},
  year={2021}
}

@INPROCEEDINGS{gyo,
  author={Yu, C.T. and Ozsoyoglu, M.Z.},
  booktitle={Computer Software and The IEEE Computer Society's Third International Applications Conference}, 
  title={An algorithm for tree-query membership of a distributed query},
  pages={306-312},
  year={1979}
}

@misc{safesubjoin,
      title={Safe Subjoins in Acyclic Joins}, 
      author={Foto N. Afrati},
      year={2022},
      eprint={2208.09671},
      archivePrefix={arXiv},
      primaryClass={cs.DB},
      url={https://arxiv.org/abs/2208.09671}, 
}

@book{Maier1983,
  title = {The Theory of Relational Databases},
  author = {David Maier},
  year = {1983}
}

@article{acyclic_degrees,
  title={Degrees of acyclicity for hypergraphs and relational database schemes},
  author={Fagin, Ronald},
  journal={Journal of the ACM (JACM)},
  volume={30},
  number={3},
  pages={514--550},
  year={1983}
}

@book{berge,
  title={Graphs and Hypergraphs},
  author={Berge, Claude},
  isbn={9780444103994},
  lccn={lc72088288},
  series={Graphs and Hypergraphs},
  year={1973}
}

@misc{treetrackerjoin,
      title={TreeTracker Join: Turning the Tide When a Tuple Fails to Join}, 
      author={Zeyuan Hu and Yisu Remy Wang and Daniel P. Miranker},
      year={2024},
      eprint={2403.01631},
      archivePrefix={arXiv},
      primaryClass={cs.DB},
      url={https://arxiv.org/abs/2403.01631}, 
}

@inproceedings{leis2014morsel,
  title={Morsel-driven parallelism: a NUMA-aware query evaluation framework for the many-core age},
  author={Leis, Viktor and Boncz, Peter and Kemper, Alfons and Neumann, Thomas},
  booktitle={Proceedings of the 2014 ACM SIGMOD international conference on Management of data},
  pages={743--754},
  year={2014}
}

@INPROCEEDINGS{Perron19,
  author={Perron, Matthew and Shang, Zeyuan and Kraska, Tim and Stonebraker, Michael},
  booktitle={2019 IEEE 35th International Conference on Data Engineering (ICDE)}, 
  title={How I Learned to Stop Worrying and Love Re-optimization}, 
  pages={1758-1761},
  year={2019}
}

@inproceedings{Marx10,
  author       = {D{\'{a}}niel Marx},
  title        = {Tractable hypergraph properties for constraint satisfaction and conjunctive
                  queries},
  booktitle    = {{STOC}},
  pages        = {735--744},
  publisher    = {{ACM}},
  year         = {2010}
}

@article{DSB,
  author       = {Bailu Ding and
                  Surajit Chaudhuri and
                  Johannes Gehrke and
                  Vivek R. Narasayya},
  title        = {{DSB:} {A} Decision Support Benchmark for Workload-Driven and Traditional
                  Database Systems},
  journal      = {Proc. {VLDB} Endow.},
  volume       = {14},
  number       = {13},
  pages        = {3376--3388},
  year         = {2021},
  url          = {http://www.vldb.org/pvldb/vol14/p3376-ding.pdf},
  doi          = {10.14778/3484224.3484234},
  timestamp    = {Thu, 21 Apr 2022 17:09:21 +0200},
  biburl       = {https://dblp.org/rec/journals/pvldb/DingCGN21.bib},
  bibsource    = {dblp computer science bibliography, https://dblp.org}
}

@article{Wolf2018RobustMetric,
  author       = {Florian Wolf and
                  Michael Brendle and
                  Norman May and
                  Paul R. Willems and
                  Kai{-}Uwe Sattler and
                  Michael Grossniklaus},
  title        = {Robustness Metrics for Relational Query Execution Plans},
  journal      = {Proc. {VLDB} Endow.},
  volume       = {11},
  number       = {11},
  pages        = {1360--1372},
  year         = {2018},
  url          = {http://www.vldb.org/pvldb/vol11/p1360-wolf.pdf},
  doi          = {10.14778/3236187.3236191},
  timestamp    = {Sat, 25 Apr 2020 13:58:49 +0200},
  biburl       = {https://dblp.org/rec/journals/pvldb/WolfBMWSG18.bib},
  bibsource    = {dblp computer science bibliography, https://dblp.org}
}

@article{Abhirama2010BDSH,
  author       = {M. Abhirama and
                  Sourjya Bhaumik and
                  Atreyee Dey and
                  Harsh Shrimal and
                  Jayant R. Haritsa},
  title        = {On the Stability of Plan Costs and the Costs of Plan Stability},
  journal      = {Proc. {VLDB} Endow.},
  volume       = {3},
  number       = {1},
  pages        = {1137--1148},
  year         = {2010},
  url          = {http://www.vldb.org/pvldb/vldb2010/pvldb\_vol3/R101.pdf},
  doi          = {10.14778/1920841.1920983},
  timestamp    = {Sat, 25 Apr 2020 13:59:32 +0200},
  biburl       = {https://dblp.org/rec/journals/pvldb/AbhiramaBDSH10.bib},
  bibsource    = {dblp computer science bibliography, https://dblp.org}
}

@inproceedings{AlyoubiHW15,
  author       = {Khaled Hamed Alyoubi and
                  Sven Helmer and
                  Peter T. Wood},
  title        = {Ordering Selection Operators Under Partial Ignorance},
  booktitle    = {Proceedings of the 24th {ACM} International Conference on Information
                  and Knowledge Management, {CIKM} 2015},
  pages        = {1521--1530},
  url          = {https://doi.org/10.1145/2806416.2806446},
  doi          = {10.1145/2806416.2806446},
  biburl       = {https://dblp.org/rec/conf/cikm/AlyoubiHW15.bib},
  bibsource    = {dblp computer science bibliography, https://dblp.org}
}