@String(PAMI = {IEEE Trans. Pattern Anal. Mach. Intell.})
@String(IJCV = {Int. J. Comput. Vis.})
@String(CVPR= {IEEE Conf. Comput. Vis. Pattern Recog.})
@String(ICCV= {Int. Conf. Comput. Vis.})
@String(ECCV= {Eur. Conf. Comput. Vis.})
@String(NIPS= {Adv. Neural Inform. Process. Syst.})
@String(ICPR = {Int. Conf. Pattern Recog.})
@String(BMVC= {Brit. Mach. Vis. Conf.})
@String(TOG= {ACM Trans. Graph.})
@String(TIP  = {IEEE Trans. Image Process.})
@String(TVCG  = {IEEE Trans. Vis. Comput. Graph.})
@String(TMM  = {IEEE Trans. Multimedia})
@String(ACMMM= {ACM Int. Conf. Multimedia})
@String(ICME = {Int. Conf. Multimedia and Expo})
@String(ICASSP=	{ICASSP})
@String(ICIP = {IEEE Int. Conf. Image Process.})
@String(ACCV  = {ACCV})
@String(ICLR = {Int. Conf. Learn. Represent.})
@String(IJCAI = {IJCAI})
@String(PR   = {Pattern Recognition})
@String(AAAI = {AAAI})
@String(CVPRW= {IEEE Conf. Comput. Vis. Pattern Recog. Worksh.})
@String(CSVT = {IEEE Trans. Circuit Syst. Video Technol.})

@String(SPL	= {IEEE Sign. Process. Letters})
@String(VR   = {Vis. Res.})
@String(JOV	 = {J. Vis.})
@String(TVC  = {The Vis. Comput.})
@String(JCST  = {J. Comput. Sci. Tech.})
@String(CGF  = {Comput. Graph. Forum})
@String(CVM = {Computational Visual Media})


@String(PAMI  = {IEEE TPAMI})
@String(IJCV  = {IJCV})
@String(CVPR  = {CVPR})
@String(ICCV  = {ICCV})
@String(ECCV  = {ECCV})
@String(NIPS  = {NeurIPS})
@String(ICPR  = {ICPR})
@String(BMVC  =	{BMVC})
@String(TOG   = {ACM TOG})
@String(TIP   = {IEEE TIP})
@String(TVCG  = {IEEE TVCG})
@String(TCSVT = {IEEE TCSVT})
@String(TMM   =	{IEEE TMM})
@String(ACMMM = {ACM MM})
@String(ICME  =	{ICME})
@String(ICASSP=	{ICASSP})
@String(ICIP  = {ICIP})
@String(ACCV  = {ACCV})
@String(ICLR  = {ICLR})
@String(IJCAI = {IJCAI})
@String(PR = {PR})
@String(AAAI = {AAAI})
@String(CVPRW= {CVPRW})
@String(CSVT = {IEEE TCSVT})

@inproceedings{shen2022leads,
  title={What Leads to Arrhythmia: Active Causal Representation Learning of ECG Classification},
  author={Shen, Shaofei and Chen, Weitong and Xu, Miao},
  booktitle={Australasian Joint Conference on Artificial Intelligence},
  pages={501--515},
  year={2022},
  organization={Springer}
}

@article{pelletier2019temporal,
  title={Temporal convolutional neural network for the classification of satellite image time series},
  author={Pelletier, Charlotte and Webb, Geoffrey I and Petitjean, Fran{\c{c}}ois},
  journal={Remote Sensing},
  volume={11},
  number={5},
  pages={523},
  year={2019},
  publisher={MDPI}
}

@article{nweke2018deep,
  title={Deep learning algorithms for human activity recognition using mobile and wearable sensor networks: State of the art and research challenges},
  author={Nweke, Henry Friday and Teh, Ying Wah and Al-Garadi, Mohammed Ali and Alo, Uzoma Rita},
  journal={Expert Systems with Applications},
  volume={105},
  pages={233--261},
  year={2018},
  publisher={Elsevier}
}
@article{liang2024enhancing,
  title={Enhancing Financial Market Predictions: Causality-Driven Feature Selection},
  author={Liang, Wenhao and Li, Zhengyang and Chen, Weitong},
  journal={arXiv preprint arXiv:2408.01005},
  year={2024}
}

@article{gu2017badnets,
  title={Badnets: Identifying vulnerabilities in the machine learning model supply chain},
  author={Gu, Tianyu and Dolan-Gavitt, Brendan and Garg, Siddharth},
  journal={arXiv preprint arXiv:1708.06733},
  year={2017}
}
@inproceedings{liu2018trojaning,
  title={Trojaning attack on neural networks},
  author={Liu, Yingqi and Ma, Shiqing and Aafer, Yousra and Lee, Wen-Chuan and Zhai, Juan and Wang, Weihang and Zhang, Xiangyu},
  booktitle={25th Annual Network And Distributed System Security Symposium (NDSS 2018)},
  year={2018},
  organization={Internet Soc}
}

@article{nguyen2020input,
  title={Input-aware dynamic backdoor attack},
  author={Nguyen, Tuan Anh and Tran, Anh},
  journal={Advances in Neural Information Processing Systems},
  volume={33},
  pages={3454--3464},
  year={2020}
}

@article{wu2021adversarial,
  title={Adversarial neuron pruning purifies backdoored deep models},
  author={Wu, Dongxian and Wang, Yisen},
  journal={Advances in Neural Information Processing Systems},
  volume={34},
  pages={16913--16925},
  year={2021}
}


@article{lin2024unveiling,
  title={Unveiling and Mitigating Backdoor Vulnerabilities based on Unlearning Weight Changes and Backdoor Activeness},
  author={Lin, Weilin and Liu, Li and Wei, Shaokui and Li, Jianze and Xiong, Hui},
  journal={arXiv preprint arXiv:2405.20291},
  year={2024}
}

@inproceedings{yang2021rethinking,
  title={Rethinking stealthiness of backdoor attack against nlp models},
  author={Yang, Wenkai and Lin, Yankai and Li, Peng and Zhou, Jie and Sun, Xu},
  booktitle={Proceedings of the 59th Annual Meeting of the Association for Computational Linguistics and the 11th International Joint Conference on Natural Language Processing (Volume 1: Long Papers)},
  pages={5543--5557},
  year={2021}
}

@inproceedings{chen2021badnl,
  title={Badnl: Backdoor attacks against nlp models with semantic-preserving improvements},
  author={Chen, Xiaoyi and Salem, Ahmed and Chen, Dingfan and Backes, Michael and Ma, Shiqing and Shen, Qingni and Wu, Zhonghai and Zhang, Yang},
  booktitle={Proceedings of the 37th Annual Computer Security Applications Conference},
  pages={554--569},
  year={2021}
}

@inproceedings{ding2022towards,
  title={Towards backdoor attack on deep learning based time series classification},
  author={Ding, Daizong and Zhang, Mi and Huang, Yuanmin and Pan, Xudong and Feng, Fuli and Jiang, Erling and Yang, Min},
  booktitle={2022 IEEE 38th International Conference on Data Engineering (ICDE)},
  pages={1274--1287},
  year={2022},
  organization={IEEE}
}
@inproceedings{jiang2023backdoor,
  title={Backdoor attacks on time series: A generative approach},
  author={Jiang, Yujing and Ma, Xingjun and Erfani, Sarah Monazam and Bailey, James},
  booktitle={2023 IEEE Conference on Secure and Trustworthy Machine Learning (SaTML)},
  pages={392--403},
  year={2023},
  organization={IEEE}
}
@inproceedings{dong2023swap,
  title={SWAP: Exploiting Second-Ranked Logits for Adversarial Attacks on Time Series},
  author={Dong, Chang George and Zheng, Liangwei Nathan and Chen, Weitong and Zhang, Wei Emma and Yue, Lin},
  booktitle={2023 IEEE International Conference on Knowledge Graph (ICKG)},
  pages={117--125},
  year={2023},
  organization={IEEE}
}
@article{dong2024boosting,
  title={Boosting Certified Robustness for Time Series Classification with Efficient Self-Ensemble},
  author={Dong, Chang and Li, Zhengyang and Zheng, Liangwei and Chen, Weitong and Zhang, Wei Emma},
  journal={arXiv preprint arXiv:2409.02802},
  year={2024}
}
@article{dau2019ucr,
  title={The UCR time series archive},
  author={Dau, Hoang Anh and Bagnall, Anthony and Kamgar, Kaveh and Yeh, Chin-Chia Michael and Zhu, Yan and Gharghabi, Shaghayegh and Ratanamahatana, Chotirat Ann and Keogh, Eamonn},
  journal={IEEE/CAA Journal of Automatica Sinica},
  volume={6},
  number={6},
  pages={1293--1305},
  year={2019},
  publisher={IEEE}
}
@article{ismail2020inceptiontime,
  title={Inceptiontime: Finding alexnet for time series classification},
  author={Ismail Fawaz, Hassan and Lucas, Benjamin and Forestier, Germain and Pelletier, Charlotte and Schmidt, Daniel F and Weber, Jonathan and Webb, Geoffrey I and Idoumghar, Lhassane and Muller, Pierre-Alain and Petitjean, Fran{\c{c}}ois},
  journal={Data Mining and Knowledge Discovery},
  volume={34},
  number={6},
  pages={1936--1962},
  year={2020},
  publisher={Springer}
}
@article{karim2017lstm,
  title={LSTM fully convolutional networks for time series classification},
  author={Karim, Fazle and Majumdar, Somshubra and Darabi, Houshang and Chen, Shun},
  journal={IEEE access},
  volume={6},
  pages={1662--1669},
  year={2017},
  publisher={IEEE}
}
@article{chen2021multi,
  title={Multi-scale attention convolutional neural network for time series classification},
  author={Chen, Wei and Shi, Ke},
  journal={Neural Networks},
  volume={136},
  pages={126--140},
  year={2021},
  publisher={Elsevier}
}
@article{bai2018empirical,
  title={An empirical evaluation of generic convolutional and recurrent networks for sequence modeling. arXiv},
  author={Bai, Shaojie and Kolter, J Zico and Koltun, Vladlen},
  journal={arXiv preprint arXiv:1803.01271},
  volume={10},
  year={2018}
}

@article{blended,
  title={Targeted backdoor attacks on deep learning systems using data poisoning},
  author={Chen, Xinyun and Liu, Chang and Li, Bo and Lu, Kimberly and Song, Dawn},
  journal={arXiv preprint arXiv:1712.05526},
  year={2017}
}

@inproceedings{SIG,
  title={A new backdoor attack in cnns by training set corruption without label poisoning},
  author={Barni, Mauro and Kallas, Kassem and Tondi, Benedetta},
  booktitle={2019 IEEE International Conference on Image Processing (ICIP)},
  pages={101--105},
  year={2019},
  organization={IEEE}
}
@article{Dynamic,
  title={Input-aware dynamic backdoor attack},
  author={Nguyen, Tuan Anh and Tran, Anh},
  journal={Advances in Neural Information Processing Systems},
  volume={33},
  pages={3454--3464},
  year={2020}
}
@inproceedings{FTrojan,
  title={An invisible black-box backdoor attack through frequency domain},
  author={Wang, Tong and Yao, Yuan and Xu, Feng and An, Shengwei and Tong, Hanghang and Wang, Ting},
  booktitle={European Conference on Computer Vision},
  pages={396--413},
  year={2022},
  organization={Springer}
}
@article{CL,
  title={Poison frogs! targeted clean-label poisoning attacks on neural networks},
  author={Shafahi, Ali and Huang, W Ronny and Najibi, Mahyar and Suciu, Octavian and Studer, Christoph and Dumitras, Tudor and Goldstein, Tom},
  journal={Advances in neural information processing systems},
  volume={31},
  year={2018}
}
@inproceedings{FP,
  title={Fine-pruning: Defending against backdooring attacks on deep neural networks},
  author={Liu, Kang and Dolan-Gavitt, Brendan and Garg, Siddharth},
  booktitle={International symposium on research in attacks, intrusions, and defenses},
  pages={273--294},
  year={2018},
  organization={Springer}
}
@article{ANP,
  title={Adversarial neuron pruning purifies backdoored deep models},
  author={Wu, Dongxian and Wang, Yisen},
  journal={Advances in Neural Information Processing Systems},
  volume={34},
  pages={16913--16925},
  year={2021}
}
@article{I_BAU,
  title={Adversarial unlearning of backdoors via implicit hypergradient},
  author={Zeng, Yi and Chen, Si and Park, Won and Mao, Z Morley and Jin, Ming and Jia, Ruoxi},
  journal={arXiv preprint arXiv:2110.03735},
  year={2021}
}

@article{ABL,
  title={Anti-backdoor learning: Training clean models on poisoned data},
  author={Li, Yige and Lyu, Xixiang and Koren, Nodens and Lyu, Lingjuan and Li, Bo and Ma, Xingjun},
  journal={Advances in Neural Information Processing Systems},
  volume={34},
  pages={14900--14912},
  year={2021}
}
@article{DST,
  title={Effective backdoor defense by exploiting sensitivity of poisoned samples},
  author={Chen, Weixin and Wu, Baoyuan and Wang, Haoqian},
  journal={Advances in Neural Information Processing Systems},
  volume={35},
  pages={9727--9737},
  year={2022}
}
@article{huang2022backdoor,
  title={Backdoor defense via decoupling the training process},
  author={Huang, Kunzhe and Li, Yiming and Wu, Baoyuan and Qin, Zhan and Ren, Kui},
  journal={arXiv preprint arXiv:2202.03423},
  year={2022}
}
@article{nguyen2021wanet,
  title={Wanet--imperceptible warping-based backdoor attack},
  author={Nguyen, Anh and Tran, Anh},
  journal={arXiv preprint arXiv:2102.10369},
  year={2021}
}
@article{goodfellow2014explaining,
  title={Explaining and harnessing adversarial examples},
  author={Goodfellow, Ian J and Shlens, Jonathon and Szegedy, Christian},
  journal={arXiv preprint arXiv:1412.6572},
  year={2014}
}
