@inproceedings{allenphysics,
title={Physics of Language Models: Part 3.1, Knowledge Storage and Extraction},
author={Zeyuan Allen-Zhu and Yuanzhi Li},
booktitle={Forty-first International Conference on Machine Learning},
year={2024},
url={https://openreview.net/forum?id=5x788rqbcj}
}

@inproceedings{colmmc,
title={How bad is training on synthetic data? A statistical analysis of language model collapse},
author={Mohamed El Amine Seddik and Suei-Wen Chen and Soufiane Hayou and Pierre Youssef and Merouane Abdelkader DEBBAH},
booktitle={First Conference on Language Modeling},
year={2024},
url={https://openreview.net/forum?id=t3z6UlV09o}
}

@inproceedings{nml,
title={Understanding and Mitigating the Label Noise in Pre-training on Downstream Tasks},
author={Hao Chen and Jindong Wang and Ankit Shah and Ran Tao and Hongxin Wei and Xing Xie and Masashi Sugiyama and Bhiksha Raj},
booktitle={The Twelfth International Conference on Learning Representations},
year={2024},
url={https://openreview.net/forum?id=TjhUtloBZU}
}

@inproceedings{wimbd,
title={What's In My Big Data?},
author={Yanai Elazar and Akshita Bhagia and Ian Helgi Magnusson and Abhilasha Ravichander and Dustin Schwenk and Alane Suhr and Evan Pete Walsh and Dirk Groeneveld and Luca Soldaini and Sameer Singh and Hannaneh Hajishirzi and Noah A. Smith and Jesse Dodge},
booktitle={The Twelfth International Conference on Learning Representations},
year={2024},
url={https://openreview.net/forum?id=RvfPnOkPV4}
}

