@article{adebayo2018sanity,
  title={Sanity checks for saliency maps},
  author={Adebayo, Julius and Gilmer, Justin and Muelly, Michael and Goodfellow, Ian and Hardt, Moritz and Kim, Been},
  journal={Advances in neural information processing systems},
  volume={31},
  year={2018}
}

@article{alain2016understanding,
  title={Understanding intermediate layers using linear classifier probes},
  author={Alain, Guillaume},
  journal={arXiv preprint arXiv:1610.01644},
  year={2016}
}

@article{bolukbasi2021interpretability,
  title={An interpretability illusion for bert},
  author={Bolukbasi, Tolga and Pearce, Adam and Yuan, Ann and Coenen, Andy and Reif, Emily and Vi{\'e}gas, Fernanda and Wattenberg, Martin},
  journal={arXiv preprint arXiv:2104.07143},
  year={2021}
}

@online{bricken2024features_classifiers,
  title = {Using Dictionary Learning Features as Classifiers},
  author = {Trenton Bricken and Jonathan Marcus and Siddharth Mishra-Sharma and Meg Tong and Ethan Perez and Mrinank Sharma and Kelley Rivoire and Thomas Henighan},
  editor = {Adam Jermyn},
  year = {2024},
  month = {October},
  url = {https://transformer-circuits.pub/2024/features-as-classifiers/index.html},
  note = {Accessed: 2025-01-23}
}

@article{chalnev2024improving,
  title={Improving steering vectors by targeting sparse autoencoder features},
  author={Chalnev, Sviatoslav and Siu, Matthew and Conmy, Arthur},
  journal={arXiv preprint arXiv:2411.02193},
  year={2024}
}

@article{chanin2024absorption,
  title={A is for absorption: Studying feature splitting and absorption in sparse autoencoders},
  author={Chanin, David and Wilken-Smith, James and Dulka, Tom{\'a}{\v{s}} and Bhatnagar, Hardik and Bloom, Joseph},
  journal={arXiv preprint arXiv:2409.14507},
  year={2024}
}

@article{dictionary_monosemanticity_anthropic,
   title={Towards Monosemanticity: Decomposing Language Models With Dictionary Learning},
   author={Bricken, Trenton and Templeton, Adly and Batson, Joshua and Chen, Brian and Jermyn, Adam and Conerly, Tom and Turner, Nick and Anil, Cem and Denison, Carson and Askell, Amanda and Lasenby, Robert and Wu, Yifan and Kravec, Shauna and Schiefer, Nicholas and Maxwell, Tim and Joseph, Nicholas and Hatfield-Dodds, Zac and Tamkin, Alex and Nguyen, Karina and McLean, Brayden and Burke, Josiah E and Hume, Tristan and Carter, Shan and Henighan, Tom and Olah, Christopher},
   year={2023},
   journal={Transformer Circuits Thread},
   note={https://transformer-circuits.pub/2023/monosemantic-features/index.html}
}

@misc{gao2024scalingevaluatingsparseautoencoders,
      title={Scaling and evaluating sparse autoencoders}, 
      author={Leo Gao and Tom Dupré la Tour and Henk Tillman and Gabriel Goh and Rajan Troll and Alec Radford and Ilya Sutskever and Jan Leike and Jeffrey Wu},
      year={2024},
      eprint={2406.04093},
      archivePrefix={arXiv},
      primaryClass={cs.LG},
      url={https://arxiv.org/abs/2406.04093}, 
}

@misc{heap2025sparseautoencodersinterpretrandomly,
      title={Sparse Autoencoders Can Interpret Randomly Initialized Transformers}, 
      author={Thomas Heap and Tim Lawson and Lucy Farnik and Laurence Aitchison},
      year={2025},
      eprint={2501.17727},
      archivePrefix={arXiv},
      primaryClass={cs.LG},
      url={https://arxiv.org/abs/2501.17727}, 
}

@article{karvonen2024sieve,
    title={Sieve: SAEs Beat Baselines on a Real-World Task (A Code Generation Case Study)},
    author={Karvonen, Adam and Pai, Dhruv and Wang, Mason and Keigwin, Ben},
    journal={Tilde Research Blog},
    year={2024},
    month={12},
    url={https://www.tilderesearch.com/blog/sieve},
    note={Blog post}
}

@article{linear_truth_sam,
  title={The geometry of truth: Emergent linear structure in large language model representations of true/false datasets},
  author={Marks, Samuel and Tegmark, Max},
  journal={arXiv preprint arXiv:2310.06824},
  year={2023}
}

@online{macdiarmid2024sleeperagentprobes,
author = {Monte MacDiarmid and Timothy Maxwell and Nicholas Schiefer and Jesse Mu and Jared Kaplan and David Duvenaud and Sam Bowman and Alex Tamkin and Ethan Perez and Mrinank Sharma and Carson Denison and Evan Hubinger},
title = {Simple probes can catch sleeper agents},
date = {2024-04-23},
year = {2024},
url = {https://www.anthropic.com/news/probes-catch-sleeper-agents},
}

@article{marks2024sparse,
  title={Sparse feature circuits: Discovering and editing interpretable causal graphs in language models},
  author={Marks, Samuel and Rager, Can and Michaud, Eric J and Belinkov, Yonatan and Bau, David and Mueller, Aaron},
  journal={arXiv preprint arXiv:2403.19647},
  year={2024}
}

@article{monotonic_numeric_representations,
  title={Monotonic Representation of Numeric Properties in Language Models},
  author={Heinzerling, Benjamin and Inui, Kentaro},
  journal={arXiv preprint arXiv:2403.10381},
  year={2024}
}

@article{mur2009revealing,
  title={Revealing representational content with pattern-information fMRI—an introductory guide},
  author={Mur, Marieke and Bandettini, Peter A and Kriegeskorte, Nikolaus},
  journal={Social cognitive and affective neuroscience},
  volume={4},
  number={1},
  pages={101--109},
  year={2009},
  publisher={Oxford University Press}
}

@misc{neuronpediaSAEBenchComprehensive,
  title = {SAEBench: A Comprehensive Benchmark for Sparse Autoencoders},
  author = {Karvonen, Adam and Rager, Can and Lin, Johnny and Tigges, Curt and Bloom, Joseph and Chanin, David and Lau, Yeu-Tong and Farrell, Eoin and Conmy, Arthur and McDougall, Callum and Ayonrinde, Kola and Wearden, Matthew and Marks, Samuel and Nanda, Neel},
  year = {2024},
  month = {December},
  url = {https://www.neuronpedia.org/sae-bench/info},
  note = {Accessed: 2025-01-20}
}

@article{othello_neel_linear,
  title={Emergent linear representations in world models of self-supervised sequence models},
  author={Nanda, Neel and Lee, Andrew and Wattenberg, Martin},
  journal={arXiv preprint arXiv:2309.00941},
  year={2023}
}

@article{other_sae_paper,
  title={Sparse autoencoders find highly interpretable features in language models},
  author={Cunningham, Hoagy and Ewart, Aidan and Riggs, Logan and Huben, Robert and Sharkey, Lee},
  journal={arXiv preprint arXiv:2309.08600},
  year={2023}
}

@misc{probingGallifant,
Author = {Jack Gallifant and Shan Chen and Kuleen Sasse and Hugo Aerts and Thomas Hartvigsen and Danielle S. Bitterman},
Title = {Sparse Autoencoder Features for Classifications and Transferability},
Year = {2025},
Eprint = {arXiv:2502.11367},
}

@online{smith2024sparse_autoencoders,
  title = {Interpreting Preference Models w/ Sparse Autoencoders},
  author = {Logan Riggs Smith and Jannik Brinkmann},
  year = {2024},
  month = {July},
  day = {1},
  url = {https://www.alignmentforum.org/posts/5XmxmszdjzBQzqpmz/interpreting-preference-models-w-sparse-autoencoders},
  note = {Accessed: 2025-01-23}
}

@article{space_time,
  title={Language models represent space and time},
  author={Gurnee, Wes and Tegmark, Max},
  journal={arXiv preprint arXiv:2310.02207},
  year={2023}
}

@article{templeton2024scaling,
       title={Scaling Monosemanticity: Extracting Interpretable Features from Claude 3 Sonnet},
       author={Templeton, Adly and Conerly, Tom and Marcus, Jonathan and Lindsey, Jack and Bricken, Trenton and Chen, Brian and Pearce, Adam and Citro, Craig and Ameisen, Emmanuel and Jones, Andy and Cunningham, Hoagy and Turner, Nicholas L and McDougall, Callum and MacDiarmid, Monte and Freeman, C. Daniel and Sumers, Theodore R. and Rees, Edward and Batson, Joshua and Jermyn, Adam and Carter, Shan and Olah, Chris and Henighan, Tom},
       year={2024},
       journal={Transformer Circuits Thread},
       url={https://transformer-circuits.pub/2024/scaling-monosemanticity/index.html}
    }

@misc{wu2025axbenchsteeringllmssimple,
      title={AxBench: Steering LLMs? Even Simple Baselines Outperform Sparse Autoencoders}, 
      author={Zhengxuan Wu and Aryaman Arora and Atticus Geiger and Zheng Wang and Jing Huang and Dan Jurafsky and Christopher D. Manning and Christopher Potts},
      year={2025},
      eprint={2501.17148},
      archivePrefix={arXiv},
      primaryClass={cs.CL},
      url={https://arxiv.org/abs/2501.17148}, 
}

