@inproceedings{wang2011aser,
  title={aser, C. Schmid, and C.-L. Liu,“Action recognition by dense trajectories,”},
  author={Wang, Heng and Kl, A},
  booktitle={Proc. IEEE Conf. Comput. Vis. Pattern Recognit},
  pages={3169--3176},
  year={2011}
}


@article{wang2013dense,
  title={Dense trajectories and motion boundary descriptors for action recognition},
  author={Wang, Heng and Kl{\"a}ser, Alexander and Schmid, Cordelia and Liu, Cheng-Lin},
  journal={International journal of computer vision},
  volume={103},
  pages={60--79},
  year={2013},
  publisher={Springer}
}

@inproceedings{wang2013action,
  title={Action recognition with improved trajectories},
  author={Wang, Heng and Schmid, Cordelia},
  booktitle={Proceedings of the IEEE international conference on computer vision},
  pages={3551--3558},
  year={2013}
}

@article{cho2014learning,
  title={Learning phrase representations using RNN encoder-decoder for statistical machine translation},
  author={Cho, Kyunghyun and Van Merri{\"e}nboer, Bart and Gulcehre, Caglar and Bahdanau, Dzmitry and Bougares, Fethi and Schwenk, Holger and Bengio, Yoshua},
  journal={arXiv preprint arXiv:1406.1078},
  year={2014}
}


@inproceedings{szegedy2015going,
  title={Going deeper with convolutions},
  author={Szegedy, Christian and Liu, Wei and Jia, Yangqing and Sermanet, Pierre and Reed, Scott and Anguelov, Dragomir and Erhan, Dumitru and Vanhoucke, Vincent and Rabinovich, Andrew},
  booktitle={Proceedings of the IEEE conference on computer vision and pattern recognition},
  pages={1--9},
  year={2015}
}

@inproceedings{kuehne2016end,
  title={An end-to-end generative framework for video segmentation and recognition},
  author={Kuehne, Hilde and Gall, Juergen and Serre, Thomas},
  booktitle={2016 IEEE Winter Conference on Applications of Computer Vision (WACV)},
  pages={1--8},
  year={2016},
  organization={IEEE}
}


@inproceedings{singh2016multi,
  title={A multi-stream bi-directional recurrent neural network for fine-grained action detection},
  author={Singh, Bharat and Marks, Tim K and Jones, Michael and Tuzel, Oncel and Shao, Ming},
  booktitle={Proceedings of the IEEE conference on computer vision and pattern recognition},
  pages={1961--1970},
  year={2016}
}


@article{vaswani2017attention,
  title={Attention is all you need},
  author={Vaswani, Ashish and Shazeer, Noam and Parmar, Niki and Uszkoreit, Jakob and Jones, Llion and Gomez, Aidan N and Kaiser, {\L}ukasz and Polosukhin, Illia},
  journal={Advances in neural information processing systems},
  volume={30},
  year={2017}
}

@inproceedings{carreira2017quo,
  title={Quo vadis, action recognition? a new model and the kinetics dataset},
  author={Carreira, Joao and Zisserman, Andrew},
  booktitle={proceedings of the IEEE Conference on Computer Vision and Pattern Recognition},
  pages={6299--6308},
  year={2017}
}




@article{kuehne2017weakly,
  title={Weakly supervised learning of actions from transcripts},
  author={Kuehne, Hilde and Richard, Alexander and Gall, Juergen},
  journal={Computer Vision and Image Understanding},
  volume={163},
  pages={78--89},
  year={2017},
  publisher={Elsevier}
}

@article{kay2017kinetics,
  title={The kinetics human action video dataset},
  author={Kay, Will and Carreira, Joao and Simonyan, Karen and Zhang, Brian and Hillier, Chloe and Vijayanarasimhan, Sudheendra and Viola, Fabio and Green, Tim and Back, Trevor and Natsev, Paul and others},
  journal={arXiv preprint arXiv:1705.06950},
  year={2017}
}


@inproceedings{richard2017weakly,
  title={Weakly supervised action learning with rnn based fine-to-coarse modeling},
  author={Richard, Alexander and Kuehne, Hilde and Gall, Juergen},
  booktitle={Proceedings of the IEEE conference on Computer Vision and Pattern Recognition},
  pages={754--763},
  year={2017}
}


@inproceedings{lea2017temporal,
  title={Temporal convolutional networks for action segmentation and detection},
  author={Lea, Colin and Flynn, Michael D and Vidal, Rene and Reiter, Austin and Hager, Gregory D},
  booktitle={proceedings of the IEEE Conference on Computer Vision and Pattern Recognition},
  pages={156--165},
  year={2017}
}



@inproceedings{sener2018unsupervised,
  title={Unsupervised learning and segmentation of complex activities from video},
  author={Sener, Fadime and Yao, Angela},
  booktitle={Proceedings of the IEEE Conference on Computer Vision and Pattern Recognition},
  pages={8368--8376},
  year={2018}
}



@inproceedings{ding2018weakly,
  title={Weakly-supervised action segmentation with iterative soft boundary assignment},
  author={Ding, Li and Xu, Chenliang},
  booktitle={Proceedings of the IEEE conference on computer vision and pattern recognition},
  pages={6508--6516},
  year={2018}
}


@inproceedings{lei2018temporal,
  title={Temporal deformable residual networks for action segmentation in videos},
  author={Lei, Peng and Todorovic, Sinisa},
  booktitle={Proceedings of the IEEE conference on computer vision and pattern recognition},
  pages={6742--6751},
  year={2018}
}

@inproceedings{richard2018neuralnetwork,
  title={Neuralnetwork-viterbi: A framework for weakly supervised video learning},
  author={Richard, Alexander and Kuehne, Hilde and Iqbal, Ahsan and Gall, Juergen},
  booktitle={Proceedings of the IEEE conference on Computer Vision and Pattern Recognition},
  pages={7386--7395},
  year={2018}
}

@inproceedings{richard2018action,
  title={Action sets: Weakly supervised action segmentation without ordering constraints},
  author={Richard, Alexander and Kuehne, Hilde and Gall, Juergen},
  booktitle={Proceedings of the IEEE conference on Computer Vision and Pattern Recognition},
  pages={5987--5996},
  year={2018}
}
@inproceedings{farha2019ms,
  title={Ms-tcn: Multi-stage temporal convolutional network for action segmentation},
  author={Farha, Yazan Abu and Gall, Jurgen},
  booktitle={Proceedings of the IEEE/CVF conference on computer vision and pattern recognition},
  pages={3575--3584},
  year={2019}
}

@inproceedings{liu2018deep,
  title={Deep reinforcement learning for surgical gesture segmentation and classification},
  author={Liu, Daochang and Jiang, Tingting},
  booktitle={Medical Image Computing and Computer Assisted Intervention--MICCAI 2018: 21st International Conference, Granada, Spain, September 16-20, 2018, Proceedings, Part IV 11},
  pages={247--255},
  year={2018},
  organization={Springer}
}

@inproceedings{kukleva2019unsupervised,
  title={Unsupervised learning of action classes with continuous temporal embedding},
  author={Kukleva, Anna and Kuehne, Hilde and Sener, Fadime and Gall, Jurgen},
  booktitle={Proceedings of the IEEE/CVF Conference on Computer Vision and Pattern Recognition},
  pages={12066--12074},
  year={2019}
}

@inproceedings{sarfraz2019efficient,
  title={Efficient parameter-free clustering using first neighbor relations},
  author={Sarfraz, Saquib and Sharma, Vivek and Stiefelhagen, Rainer},
  booktitle={Proceedings of the IEEE/CVF conference on computer vision and pattern recognition},
  pages={8934--8943},
  year={2019}
}



@article{li2020ms,
  title={Ms-tcn++: Multi-stage temporal convolutional network for action segmentation},
  author={Li, Shijie and Farha, Yazan Abu and Liu, Yun and Cheng, Ming-Ming and Gall, Juergen},
  journal={IEEE transactions on pattern analysis and machine intelligence},
  volume={45},
  number={6},
  pages={6647--6658},
  year={2020},
  publisher={IEEE}
}


@inproceedings{sener2020temporal,
  title={Temporal aggregate representations for long-range video understanding},
  author={Sener, Fadime and Singhania, Dipika and Yao, Angela},
  booktitle={Computer Vision--ECCV 2020: 16th European Conference, Glasgow, UK, August 23--28, 2020, Proceedings, Part XVI 16},
  pages={154--171},
  year={2020},
  organization={Springer}
}
@inproceedings{huang2020improving,
  title={Improving action segmentation via graph-based temporal reasoning},
  author={Huang, Yifei and Sugano, Yusuke and Sato, Yoichi},
  booktitle={Proceedings of the IEEE/CVF conference on computer vision and pattern recognition},
  pages={14024--14034},
  year={2020}
}


@inproceedings{wang2020boundary,
  title={Boundary-aware cascade networks for temporal action segmentation},
  author={Wang, Zhenzhi and Gao, Ziteng and Wang, Limin and Li, Zhifeng and Wu, Gangshan},
  booktitle={Computer Vision--ECCV 2020: 16th European Conference, Glasgow, UK, August 23--28, 2020, Proceedings, Part XXV 16},
  pages={34--51},
  year={2020},
  organization={Springer}
}



@article{gammulle2020fine,
  title={Fine-grained action segmentation using the semi-supervised action GAN},
  author={Gammulle, Harshala and Denman, Simon and Sridharan, Sridha and Fookes, Clinton},
  journal={Pattern Recognition},
  volume={98},
  pages={107039},
  year={2020},
  publisher={Elsevier}
}

@article{zhu2020deformable,
  title={Deformable detr: Deformable transformers for end-to-end object detection},
  author={Zhu, Xizhou and Su, Weijie and Lu, Lewei and Li, Bin and Wang, Xiaogang and Dai, Jifeng},
  journal={arXiv preprint arXiv:2010.04159},
  year={2020}
}

@article{dimiccoli2020learning,
  title={Learning event representations for temporal segmentation of image sequences by dynamic graph embedding},
  author={Dimiccoli, Mariella and Wendt, Herwig},
  journal={IEEE Transactions on Image Processing},
  volume={30},

  pages={1476--1486},
  year={2020},
  publisher={IEEE}
}

@article{gulati2020conformer,
  title={Conformer: Convolution-augmented transformer for speech recognition},
  author={Gulati, Anmol and Qin, James and Chiu, Chung-Cheng and Parmar, Niki and Zhang, Yu and Yu, Jiahui and Han, Wei and Wang, Shibo and Zhang, Zhengdong and Wu, Yonghui and others},
  journal={arXiv preprint arXiv:2005.08100},
  year={2020}
}


@inproceedings{fayyaz2020sct,
  title={Sct: Set constrained temporal transformer for set supervised action segmentation},
  author={Fayyaz, Mohsen and Gall, Jurgen},
  booktitle={Proceedings of the IEEE/CVF conference on computer vision and pattern recognition},
  pages={501--510},
  year={2020}
}


@inproceedings{vidalmata2021joint,
  title={Joint visual-temporal embedding for unsupervised learning of actions in untrimmed sequences},
  author={VidalMata, Rosaura G and Scheirer, Walter J and Kukleva, Anna and Cox, David and Kuehne, Hilde},
  booktitle={Proceedings of the IEEE/CVF Winter Conference on Applications of Computer Vision},
  pages={1238--1247},
  year={2021}
}

@inproceedings{sarfraz2021temporally,
  title={Temporally-weighted hierarchical clustering for unsupervised action segmentation},
  author={Sarfraz, Saquib and Murray, Naila and Sharma, Vivek and Diba, Ali and Van Gool, Luc and Stiefelhagen, Rainer},
  booktitle={Proceedings of the IEEE/CVF Conference on Computer Vision and Pattern Recognition},
  pages={11225--11234},
  year={2021}
}

@inproceedings{ishikawa2021alleviating,
  title={Alleviating over-segmentation errors by detecting action boundaries},
  author={Ishikawa, Yuchi and Kasai, Seito and Aoki, Yoshimitsu and Kataoka, Hirokatsu},
  booktitle={Proceedings of the IEEE/CVF winter conference on applications of computer vision},
  pages={2322--2331},
  year={2021}
}



@inproceedings{yi2021asformer,  
	author={Fangqiu Yi and Hongyu Wen and Tingting Jiang}, 
	booktitle={The British Machine Vision Conference (BMVC)},   
	title={ASFormer: Transformer for Action Segmentation},
	year={2021},  
}


@inproceedings{wang2021temporal,
  title={Temporal relational modeling with self-supervision for action segmentation},
  author={Wang, Dong and Hu, Di and Li, Xingjian and Dou, Dejing},
  booktitle={Proceedings of the AAAI Conference on Artificial Intelligence},
  volume={35},
  number={4},
  pages={2729--2737},
  year={2021}
}

@inproceedings{li2021action,
  title={Action shuffle alternating learning for unsupervised action segmentation},
  author={Li, Jun and Todorovic, Sinisa},
  booktitle={Proceedings of the IEEE/CVF Conference on Computer Vision and Pattern Recognition},
  pages={12628--12636},
  year={2021}
}


@inproceedings{bertasius2021space,
  title={Is space-time attention all you need for video understanding?},
  author={Bertasius, Gedas and Wang, Heng and Torresani, Lorenzo},
  booktitle={ICML},
  volume={2},
  number={3},
  pages={4},
  year={2021}
}

@inproceedings{zhang2021vidtr,
  title={Vidtr: Video transformer without convolutions},
  author={Zhang, Yanyi and Li, Xinyu and Liu, Chunhui and Shuai, Bing and Zhu, Yi and Brattoli, Biagio and Chen, Hao and Marsic, Ivan and Tighe, Joseph},
  booktitle={Proceedings of the IEEE/CVF international conference on computer vision},
  pages={13577--13587},
  year={2021}
}


@article{dosovitskiy2020vit,
  title={An Image is Worth 16x16 Words: Transformers for Image Recognition at Scale},
  author={Dosovitskiy, Alexey and Beyer, Lucas and Kolesnikov, Alexander and Weissenborn, Dirk and Zhai, Xiaohua and Unterthiner, Thomas and  Dehghani, Mostafa and Minderer, Matthias and Heigold, Georg and Gelly, Sylvain and Uszkoreit, Jakob and Houlsby, Neil},
  journal={ICLR},
  year={2021}
}


@inproceedings{arnab2021vivit,
  title={Vivit: A video vision transformer},
  author={Arnab, Anurag and Dehghani, Mostafa and Heigold, Georg and Sun, Chen and Lu{\v{c}}i{\'c}, Mario and Schmid, Cordelia},
  booktitle={Proceedings of the IEEE/CVF international conference on computer vision},
  pages={6836--6846},
  year={2021}
}


@article{singhania2021coarse,
  title={Coarse to fine multi-resolution temporal convolutional network},
  author={Singhania, Dipika and Rahaman, Rahul and Yao, Angela},
  journal={arXiv preprint arXiv:2105.10859},
  year={2021}
}


@inproceedings{du2022fast,
  title={Fast and unsupervised action boundary detection for action segmentation},
  author={Du, Zexing and Wang, Xue and Zhou, Guoqing and Wang, Qing},
  booktitle={Proceedings of the IEEE/CVF Conference on Computer Vision and Pattern Recognition},
  pages={3323--3332},
  year={2022}
}


@inproceedings{ding2022leveraging,
  title={Leveraging action affinity and continuity for semi-supervised temporal action segmentation},
  author={Ding, Guodong and Yao, Angela},
  booktitle={European Conference on Computer Vision},
  pages={17--32},
  year={2022},
  organization={Springer}
}

@article{li2021efficient,
  title={Efficient two-step networks for temporal action segmentation},
  author={Li, Yunheng and Dong, Zhuben and Liu, Kaiyuan and Feng, Lin and Hu, Lianyu and Zhu, Jie and Xu, Li and Liu, Shenglan and others},
  journal={Neurocomputing},
  volume={454},
  pages={373--381},
  year={2021},
  publisher={Elsevier}
}

@inproceedings{swetha2021unsupervised,
  title={Unsupervised discriminative embedding for sub-action learning in complex activities},
  author={Swetha, Sirnam and Kuehne, Hilde and Rawat, Yogesh S and Shah, Mubarak},
  booktitle={2021 IEEE International Conference on Image Processing (ICIP)},
  pages={2588--2592},
  year={2021},
  organization={IEEE}
}

@inproceedings{souri2021fifa,
  title={Fifa: Fast inference approximation for action segmentation},
  author={Souri, Yaser and Farha, Yazan Abu and Despinoy, Fabien and Francesca, Gianpiero and Gall, Juergen},
  booktitle={DAGM German Conference on Pattern Recognition},
  pages={282--296},
  year={2021},
  organization={Springer}
}


@inproceedings{peng2022branchformer,
  title={Branchformer: Parallel mlp-attention architectures to capture local and global context for speech recognition and understanding},
  author={Peng, Yifan and Dalmia, Siddharth and Lane, Ian and Watanabe, Shinji}, 
  booktitle={International Conference on Machine Learning},
  pages={17627--17643},
  year={2022},
  organization={PMLR}
}

@inproceedings{kumar2022unsupervised,
  title={Unsupervised action segmentation by joint representation learning and online clustering},
  author={Kumar, Sateesh and Haresh, Sanjay and Ahmed, Awais and Konin, Andrey and Zia, M Zeeshan and Tran, Quoc-Huy},
  booktitle={Proceedings of the IEEE/CVF Conference on Computer Vision and Pattern Recognition},
  pages={20174--20185},
  year={2022}
}

@inproceedings{behrmann2022unified,
  title={Unified fully and timestamp supervised temporal action segmentation via sequence to sequence translation},
  author={Behrmann, Nadine and Golestaneh, S Alireza and Kolter, Zico and Gall, Juergen and Noroozi, Mehdi},
  booktitle={European Conference on Computer Vision},
  pages={52--68},
  year={2022},
  organization={Springer}
}

@inproceedings{singhania2022iterative,
  title={Iterative contrast-classify for semi-supervised temporal action segmentation},
  author={Singhania, Dipika and Rahaman, Rahul and Yao, Angela},
  booktitle={Proceedings of the AAAI Conference on Artificial Intelligence},
  volume={36},
  number={2},
  pages={2262--2270},
  year={2022}
}

@article{filtjens2022skeleton,
  title={Skeleton-based action segmentation with multi-stage spatial-temporal graph convolutional neural networks},
  author={Filtjens, Benjamin and Vanrumste, Bart and Slaets, Peter},
  journal={IEEE Transactions on Emerging Topics in Computing},
  volume={12},
  number={1},
  pages={202--212},
  year={2022},
  publisher={IEEE}
}

@article{karbalaie2022event,
  title={Event detection in surveillance videos: a review},
  author={Karbalaie, Abdolamir and Abtahi, Farhad and Sj{\"o}str{\"o}m, M{\aa}rten},
  journal={Multimedia tools and applications},
  volume={81},
  number={24},
  pages={35463--35501},
  year={2022},
  publisher={Springer}
}

@article{wu2022survey,
  title={A survey on video action recognition in sports: Datasets, methods and applications},
  author={Wu, Fei and Wang, Qingzhong and Bian, Jiang and Ding, Ning and Lu, Feixiang and Cheng, Jun and Dou, Dejing and Xiong, Haoyi},
  journal={IEEE Transactions on Multimedia},
  volume={25},
  pages={7943--7966},
  year={2022},
  publisher={IEEE}
}
@inproceedings{lu2022set,
  title={Set-supervised action learning in procedural task videos via pairwise order consistency},
  author={Lu, Zijia and Elhamifar, Ehsan},
  booktitle={Proceedings of the IEEE/CVF Conference on Computer Vision and Pattern Recognition},
  pages={19903--19913},
  year={2022}
}



@inproceedings{tian2023stga,
  title={STGA-Net: Spatial-Temporal Graph Attention Network for Skeleton-Based Temporal Action Segmentation},
  author={Tian, Xiaoyan and Jin, Ye and Zhang, Zhao and Liu, Peng and Tang, Xianglong},
  booktitle={2023 IEEE International Conference on Multimedia and Expo Workshops (ICMEW)},
  pages={218--223},
  year={2023},
  organization={IEEE}
}

@inproceedings{bueno2023leveraging,
  title={Leveraging triplet loss for unsupervised action segmentation},
  author={Bueno-Benito, Elena and Vecino, Biel Tura and Dimiccoli, Mariella},
  booktitle={Proceedings of the IEEE/CVF Conference on Computer Vision and Pattern Recognition},
  pages={4922--4930},
  year={2023}
}

@inproceedings{du2023timestamp,
  title={Timestamp-Supervised Action Segmentation from the Perspective of Clustering},
  author={Du, Dazhao and Li, Enhan and Si, Lingyu and Xu, Fanjiang and Sun, Fuchun},
  booktitle={IJCAI},
  year={2023}
}



@inproceedings{du2023we,
  title={Do we really need temporal convolutions in action segmentation?},
  author={Du, Dazhao and Su, Bing and Li, Yu and Qi, Zhongang and Si, Lingyu and Shan, Ying},
  booktitle={2023 IEEE International Conference on Multimedia and Expo (ICME)},
  pages={1014--1019},
  year={2023},
  organization={IEEE}
}


@inproceedings{bahrami2023much,
  title={How Much Temporal Long-Term Context is Needed for Action Segmentation?},
  author={Bahrami, Emad and Francesca, Gianpiero and Gall, Juergen},
  booktitle={Proceedings of the IEEE/CVF International Conference on Computer Vision},
  pages={10351--10361},
  year={2023}
}

@article{singhania2023c2f, title={C2F-TCN: A framework for semi-and fully-supervised temporal action segmentation}, 
author={Singhania, Dipika and Rahaman, Rahul and Yao, Angela}, 
journal={IEEE Transactions on Pattern Analysis and Machine Intelligence}, 
year={2023}, 
publisher={IEEE} }


@article{tian2023local,
  title={Local--global transformer neural network for temporal action segmentation},
  author={Tian, Xiaoyan and Jin, Ye and Tang, Xianglong},
  journal={Multimedia Systems},
  volume={29},
  number={2},
  pages={615--626},
  year={2023},
  publisher={Springer}
}

@inproceedings{xing2024unsupervised,
  title={Unsupervised action segmentation via fast learning of semantically consistent actoms},
  author={Xing, Zheng and Zhao, Weibing},
  booktitle={Proceedings of the AAAI Conference on Artificial Intelligence},
  volume={38},
  number={6},
  pages={6270--6278},
  year={2024}
}


@article{yang2023abnormal,
  title={Abnormal event detection for video surveillance using an enhanced two-stream fusion method},
  author={Yang, Yuxing and Fu, Zeyu and Naqvi, Syed Mohsen},
  journal={Neurocomputing},
  volume={553},
  pages={126561},
  year={2023},
  publisher={Elsevier}
}

@inproceedings{xu2024efficient,
  title={Efficient and Effective Weakly-Supervised Action Segmentation via Action-Transition-Aware Boundary Alignment},
  author={Xu, Angchi and Zheng, Wei-Shi},
  booktitle={Proceedings of the IEEE/CVF Conference on Computer Vision and Pattern Recognition},
  pages={18253--18262},
  year={2024}
}


@inproceedings{li2024otas,
  title={OTAS: Unsupervised Boundary Detection for Object-Centric Temporal Action Segmentation},
  author={Li, Yuerong and Xue, Zhengrong and Xu, Huazhe},
  booktitle={Proceedings of the IEEE/CVF Winter Conference on Applications of Computer Vision},
  pages={6437--6446},
  year={2024}
}
@article{zhang2024sf,
  title={SF-TMN: slowfast temporal modeling network for surgical phase recognition},
  author={Zhang, Bokai and Sarhan, Mohammad Hasan and Goel, Bharti and Petculescu, Svetlana and Ghanem, Amer},
  journal={International Journal of Computer Assisted Radiology and Surgery},
  volume={19},
  number={5},
  pages={871--880},
  year={2024},
  publisher={Springer}
}

@inproceedings{hirsch2024random,
  title={Random Walks for Temporal Action Segmentation with Timestamp Supervision},
  author={Hirsch, Roy and Cohen, Regev and Golany, Tomer and Freedman, Daniel and Rivlin, Ehud},
  booktitle={Proceedings of the IEEE/CVF Winter Conference on Applications of Computer Vision},
  pages={6614--6624},
  year={2024}
}