@inproceedings{arnab2021vivit,
  title={Vivit: A video vision transformer},
  author={Arnab, Anurag and Dehghani, Mostafa and Heigold, Georg and Sun, Chen and Lu{\v{c}}i{\'c}, Mario and Schmid, Cordelia},
  booktitle={Proceedings of the IEEE/CVF international conference on computer vision},
  pages={6836--6846},
  year={2021}
}

@inproceedings{bertasius2021space,
  title={Is space-time attention all you need for video understanding?},
  author={Bertasius, Gedas and Wang, Heng and Torresani, Lorenzo},
  booktitle={ICML},
  volume={2},
  number={3},
  pages={4},
  year={2021}
}

@inproceedings{carreira2017quo,
  title={Quo vadis, action recognition? a new model and the kinetics dataset},
  author={Carreira, Joao and Zisserman, Andrew},
  booktitle={proceedings of the IEEE Conference on Computer Vision and Pattern Recognition},
  pages={6299--6308},
  year={2017}
}

@inproceedings{ding2018weakly,
  title={Weakly-supervised action segmentation with iterative soft boundary assignment},
  author={Ding, Li and Xu, Chenliang},
  booktitle={Proceedings of the IEEE conference on computer vision and pattern recognition},
  pages={6508--6516},
  year={2018}
}

@inproceedings{ding2022leveraging,
  title={Leveraging action affinity and continuity for semi-supervised temporal action segmentation},
  author={Ding, Guodong and Yao, Angela},
  booktitle={European Conference on Computer Vision},
  pages={17--32},
  year={2022},
  organization={Springer}
}

@article{dosovitskiy2020vit,
  title={An Image is Worth 16x16 Words: Transformers for Image Recognition at Scale},
  author={Dosovitskiy, Alexey and Beyer, Lucas and Kolesnikov, Alexander and Weissenborn, Dirk and Zhai, Xiaohua and Unterthiner, Thomas and  Dehghani, Mostafa and Minderer, Matthias and Heigold, Georg and Gelly, Sylvain and Uszkoreit, Jakob and Houlsby, Neil},
  journal={ICLR},
  year={2021}
}

@inproceedings{du2022fast,
  title={Fast and unsupervised action boundary detection for action segmentation},
  author={Du, Zexing and Wang, Xue and Zhou, Guoqing and Wang, Qing},
  booktitle={Proceedings of the IEEE/CVF Conference on Computer Vision and Pattern Recognition},
  pages={3323--3332},
  year={2022}
}

@inproceedings{du2023timestamp,
  title={Timestamp-Supervised Action Segmentation from the Perspective of Clustering},
  author={Du, Dazhao and Li, Enhan and Si, Lingyu and Xu, Fanjiang and Sun, Fuchun},
  booktitle={IJCAI},
  year={2023}
}

@inproceedings{du2023we,
  title={Do we really need temporal convolutions in action segmentation?},
  author={Du, Dazhao and Su, Bing and Li, Yu and Qi, Zhongang and Si, Lingyu and Shan, Ying},
  booktitle={2023 IEEE International Conference on Multimedia and Expo (ICME)},
  pages={1014--1019},
  year={2023},
  organization={IEEE}
}

@inproceedings{farha2019ms,
  title={Ms-tcn: Multi-stage temporal convolutional network for action segmentation},
  author={Farha, Yazan Abu and Gall, Jurgen},
  booktitle={Proceedings of the IEEE/CVF conference on computer vision and pattern recognition},
  pages={3575--3584},
  year={2019}
}

@article{filtjens2022skeleton,
  title={Skeleton-based action segmentation with multi-stage spatial-temporal graph convolutional neural networks},
  author={Filtjens, Benjamin and Vanrumste, Bart and Slaets, Peter},
  journal={IEEE Transactions on Emerging Topics in Computing},
  volume={12},
  number={1},
  pages={202--212},
  year={2022},
  publisher={IEEE}
}

@inproceedings{hirsch2024random,
  title={Random Walks for Temporal Action Segmentation with Timestamp Supervision},
  author={Hirsch, Roy and Cohen, Regev and Golany, Tomer and Freedman, Daniel and Rivlin, Ehud},
  booktitle={Proceedings of the IEEE/CVF Winter Conference on Applications of Computer Vision},
  pages={6614--6624},
  year={2024}
}

@inproceedings{ishikawa2021alleviating,
  title={Alleviating over-segmentation errors by detecting action boundaries},
  author={Ishikawa, Yuchi and Kasai, Seito and Aoki, Yoshimitsu and Kataoka, Hirokatsu},
  booktitle={Proceedings of the IEEE/CVF winter conference on applications of computer vision},
  pages={2322--2331},
  year={2021}
}

@article{kay2017kinetics,
  title={The kinetics human action video dataset},
  author={Kay, Will and Carreira, Joao and Simonyan, Karen and Zhang, Brian and Hillier, Chloe and Vijayanarasimhan, Sudheendra and Viola, Fabio and Green, Tim and Back, Trevor and Natsev, Paul and others},
  journal={arXiv preprint arXiv:1705.06950},
  year={2017}
}

@inproceedings{kukleva2019unsupervised,
  title={Unsupervised learning of action classes with continuous temporal embedding},
  author={Kukleva, Anna and Kuehne, Hilde and Sener, Fadime and Gall, Jurgen},
  booktitle={Proceedings of the IEEE/CVF Conference on Computer Vision and Pattern Recognition},
  pages={12066--12074},
  year={2019}
}

@inproceedings{kumar2022unsupervised,
  title={Unsupervised action segmentation by joint representation learning and online clustering},
  author={Kumar, Sateesh and Haresh, Sanjay and Ahmed, Awais and Konin, Andrey and Zia, M Zeeshan and Tran, Quoc-Huy},
  booktitle={Proceedings of the IEEE/CVF Conference on Computer Vision and Pattern Recognition},
  pages={20174--20185},
  year={2022}
}

@inproceedings{lea2017temporal,
  title={Temporal convolutional networks for action segmentation and detection},
  author={Lea, Colin and Flynn, Michael D and Vidal, Rene and Reiter, Austin and Hager, Gregory D},
  booktitle={proceedings of the IEEE Conference on Computer Vision and Pattern Recognition},
  pages={156--165},
  year={2017}
}

@inproceedings{lei2018temporal,
  title={Temporal deformable residual networks for action segmentation in videos},
  author={Lei, Peng and Todorovic, Sinisa},
  booktitle={Proceedings of the IEEE conference on computer vision and pattern recognition},
  pages={6742--6751},
  year={2018}
}

@inproceedings{li2024otas,
  title={OTAS: Unsupervised Boundary Detection for Object-Centric Temporal Action Segmentation},
  author={Li, Yuerong and Xue, Zhengrong and Xu, Huazhe},
  booktitle={Proceedings of the IEEE/CVF Winter Conference on Applications of Computer Vision},
  pages={6437--6446},
  year={2024}
}

@inproceedings{lu2022set,
  title={Set-supervised action learning in procedural task videos via pairwise order consistency},
  author={Lu, Zijia and Elhamifar, Ehsan},
  booktitle={Proceedings of the IEEE/CVF Conference on Computer Vision and Pattern Recognition},
  pages={19903--19913},
  year={2022}
}

@inproceedings{richard2018action,
  title={Action sets: Weakly supervised action segmentation without ordering constraints},
  author={Richard, Alexander and Kuehne, Hilde and Gall, Juergen},
  booktitle={Proceedings of the IEEE conference on Computer Vision and Pattern Recognition},
  pages={5987--5996},
  year={2018}
}

@inproceedings{richard2018neuralnetwork,
  title={Neuralnetwork-viterbi: A framework for weakly supervised video learning},
  author={Richard, Alexander and Kuehne, Hilde and Iqbal, Ahsan and Gall, Juergen},
  booktitle={Proceedings of the IEEE conference on Computer Vision and Pattern Recognition},
  pages={7386--7395},
  year={2018}
}

@inproceedings{sarfraz2019efficient,
  title={Efficient parameter-free clustering using first neighbor relations},
  author={Sarfraz, Saquib and Sharma, Vivek and Stiefelhagen, Rainer},
  booktitle={Proceedings of the IEEE/CVF conference on computer vision and pattern recognition},
  pages={8934--8943},
  year={2019}
}

@inproceedings{sarfraz2021temporally,
  title={Temporally-weighted hierarchical clustering for unsupervised action segmentation},
  author={Sarfraz, Saquib and Murray, Naila and Sharma, Vivek and Diba, Ali and Van Gool, Luc and Stiefelhagen, Rainer},
  booktitle={Proceedings of the IEEE/CVF Conference on Computer Vision and Pattern Recognition},
  pages={11225--11234},
  year={2021}
}

@article{singhania2023c2f, title={C2F-TCN: A framework for semi-and fully-supervised temporal action segmentation}, 
author={Singhania, Dipika and Rahaman, Rahul and Yao, Angela}, 
journal={IEEE Transactions on Pattern Analysis and Machine Intelligence}, 
year={2023}, 
publisher={IEEE} }

@inproceedings{szegedy2015going,
  title={Going deeper with convolutions},
  author={Szegedy, Christian and Liu, Wei and Jia, Yangqing and Sermanet, Pierre and Reed, Scott and Anguelov, Dragomir and Erhan, Dumitru and Vanhoucke, Vincent and Rabinovich, Andrew},
  booktitle={Proceedings of the IEEE conference on computer vision and pattern recognition},
  pages={1--9},
  year={2015}
}

@inproceedings{tian2023stga,
  title={STGA-Net: Spatial-Temporal Graph Attention Network for Skeleton-Based Temporal Action Segmentation},
  author={Tian, Xiaoyan and Jin, Ye and Zhang, Zhao and Liu, Peng and Tang, Xianglong},
  booktitle={2023 IEEE International Conference on Multimedia and Expo Workshops (ICMEW)},
  pages={218--223},
  year={2023},
  organization={IEEE}
}

@article{vaswani2017attention,
  title={Attention is all you need},
  author={Vaswani, Ashish and Shazeer, Noam and Parmar, Niki and Uszkoreit, Jakob and Jones, Llion and Gomez, Aidan N and Kaiser, {\L}ukasz and Polosukhin, Illia},
  journal={Advances in neural information processing systems},
  volume={30},
  year={2017}
}

@inproceedings{vidalmata2021joint,
  title={Joint visual-temporal embedding for unsupervised learning of actions in untrimmed sequences},
  author={VidalMata, Rosaura G and Scheirer, Walter J and Kukleva, Anna and Cox, David and Kuehne, Hilde},
  booktitle={Proceedings of the IEEE/CVF Winter Conference on Applications of Computer Vision},
  pages={1238--1247},
  year={2021}
}

@inproceedings{wang2011aser,
  title={aser, C. Schmid, and C.-L. Liu,“Action recognition by dense trajectories,”},
  author={Wang, Heng and Kl, A},
  booktitle={Proc. IEEE Conf. Comput. Vis. Pattern Recognit},
  pages={3169--3176},
  year={2011}
}

@inproceedings{wang2013action,
  title={Action recognition with improved trajectories},
  author={Wang, Heng and Schmid, Cordelia},
  booktitle={Proceedings of the IEEE international conference on computer vision},
  pages={3551--3558},
  year={2013}
}

@inproceedings{wang2020boundary,
  title={Boundary-aware cascade networks for temporal action segmentation},
  author={Wang, Zhenzhi and Gao, Ziteng and Wang, Limin and Li, Zhifeng and Wu, Gangshan},
  booktitle={Computer Vision--ECCV 2020: 16th European Conference, Glasgow, UK, August 23--28, 2020, Proceedings, Part XXV 16},
  pages={34--51},
  year={2020},
  organization={Springer}
}

@inproceedings{xu2024efficient,
  title={Efficient and Effective Weakly-Supervised Action Segmentation via Action-Transition-Aware Boundary Alignment},
  author={Xu, Angchi and Zheng, Wei-Shi},
  booktitle={Proceedings of the IEEE/CVF Conference on Computer Vision and Pattern Recognition},
  pages={18253--18262},
  year={2024}
}

@inproceedings{yi2021asformer,  
	author={Fangqiu Yi and Hongyu Wen and Tingting Jiang}, 
	booktitle={The British Machine Vision Conference (BMVC)},   
	title={ASFormer: Transformer for Action Segmentation},
	year={2021},  
}

