@ARTICLE{GA-DRL,
  author={Liu, Zhang and Huang, Lianfen and Gao, Zhibin and Luo, Manman and Hosseinalipour, Seyyedali and Dai, Huaiyu},
  journal={IEEE Transactions on Network and Service Management}, 
  title={GA-DRL: Graph Neural Network-Augmented Deep Reinforcement Learning for DAG Task Scheduling Over Dynamic Vehicular Clouds}, 
  year={2024},
  volume={21},
  number={4},
  pages={4226-4242},
  keywords={Task analysis;Dynamic scheduling;Topology;Vehicle dynamics;Processor scheduling;Heuristic algorithms;Feature extraction;Vehicular cloud;DAG scheduling;deep reinforcement learning;graph neural network},
  doi={10.1109/TNSM.2024.3387707}}

@ARTICLE{GNN-EnhancedDRL,
  author={Du, Yifan and Qi, Nan and Li, Xiaojie and Xiao, Ming and Boulogeorgos, Alexandros-Apostolos A. and Tsiftsis, Theodoros A. and Wu, Qihui},
  journal={IEEE Wireless Communications Letters}, 
  title={Distributed Multi-UAV Trajectory Planning for Downlink Transmission: a GNN-Enhanced DRL Approach}, 
  year={2024},
  volume={},
  number={},
  pages={1-1},
  keywords={Autonomous aerial vehicles;Reinforcement learning;Graph neural networks;Disasters;Transfer learning;Training;Trajectory;Observers;Heuristic algorithms;Trajectory planning;Unmanned aerial vehicles;transfer learning;multi-agent reinforcement learning;graph neural network},
  doi={10.1109/LWC.2024.3480152}}

@article{azar2021drone,
  title={Drone deep reinforcement learning: A review},
  author={Azar, Ahmad Taher and Koubaa, Anis and Ali Mohamed, Nada and Ibrahim, Habiba A and Ibrahim, Zahra Fathy and Kazim, Muhammad and Ammar, Adel and Benjdira, Bilel and Khamis, Alaa M and Hameed, Ibrahim A and others},
  journal={Electronics},
  volume={10},
  number={9},
  pages={999},
  year={2021},
  publisher={MDPI}
}

@article{cui2019multi,
  title={Multi-agent reinforcement learning-based resource allocation for UAV networks},
  author={Cui, Jingjing and Liu, Yuanwei and Nallanathan, Arumugam},
  journal={IEEE Transactions on Wireless Communications},
  volume={19},
  number={2},
  pages={729--743},
  year={2019},
  publisher={IEEE}
}

@inproceedings{fujimoto2018addressing,
  title={Addressing function approximation error in actor-critic methods},
  author={Fujimoto, Scott and Hoof, Herke and Meger, David},
  booktitle={International conference on machine learning},
  pages={1587--1596},
  year={2018},
  organization={PMLR}
}

@article{he2021explainable,
  title={Explainable Deep Reinforcement Learning for UAV autonomous path planning},
  author={He, Lei and Aouf, Nabil and Song, Bifeng},
  journal={Aerospace science and technology},
  volume={118},
  pages={107052},
  year={2021},
  publisher={Elsevier}
}

@inproceedings{hester2018deep,
  title={Deep q-learning from demonstrations},
  author={Hester, Todd and Vecerik, Matej and Pietquin, Olivier and Lanctot, Marc and Schaul, Tom and Piot, Bilal and Horgan, Dan and Quan, John and Sendonaris, Andrew and Osband, Ian and others},
  booktitle={Proceedings of the AAAI conference on artificial intelligence},
  volume={32},
  number={1},
  year={2018}
}

@article{hickling2023robust,
  title={Robust adversarial attacks detection based on explainable deep reinforcement learning for uav guidance and planning},
  author={Hickling, Thomas and Aouf, Nabil and Spencer, Phillippa},
  journal={IEEE Transactions on Intelligent Vehicles},
  year={2023},
  publisher={IEEE}
}

@article{hu2022obstacle,
  title={Obstacle avoidance for uas in continuous action space using deep reinforcement learning},
  author={Hu, Jueming and Yang, Xuxi and Wang, Weichang and Wei, Peng and Ying, Lei and Liu, Yongming},
  journal={IEEE Access},
  volume={10},
  pages={90623--90634},
  year={2022},
  publisher={IEEE}
}

@article{lillicrap2015continuous,
  title={Continuous control with deep reinforcement learning},
  author={Lillicrap, Timothy P and Hunt, Jonathan J and Pritzel, Alexander and Heess, Nicolas and Erez, Tom and Tassa, Yuval and Silver, David and Wierstra, Daan},
  journal={arXiv preprint arXiv:1509.02971},
  year={2015}
}

@article{lowe2017multi,
  title={Multi-agent actor-critic for mixed cooperative-competitive environments},
  author={Lowe, Ryan and Wu, Yi I and Tamar, Aviv and Harb, Jean and Pieter Abbeel, OpenAI and Mordatch, Igor},
  journal={Advances in neural information processing systems},
  volume={30},
  year={2017}
}

@article{mao2024dl,
  title={DL-DRL: A double-level deep reinforcement learning approach for large-scale task scheduling of multi-UAV},
  author={Mao, Xiao and Wu, Guohua and Fan, Mingfeng and Cao, Zhiguang and Pedrycz, Witold},
  journal={IEEE Transactions on Automation Science and Engineering},
  year={2024},
  publisher={IEEE}
}

@article{mnih2015human,
  title={Human-level control through deep reinforcement learning},
  author={Mnih, Volodymyr and Kavukcuoglu, Koray and Silver, David and Rusu, Andrei A and Veness, Joel and Bellemare, Marc G and Graves, Alex and Riedmiller, Martin and Fidjeland, Andreas K and Ostrovski, Georg and others},
  journal={nature},
  volume={518},
  number={7540},
  pages={529--533},
  year={2015},
  publisher={Nature Publishing Group UK London}
}

@INPROCEEDINGS{radarlidar,
  author={Zhang, Alan and Maher Atia, Mohamed},
  booktitle={2020 IEEE SENSORS}, 
  title={Comparison of 2D Localization Using Radar and LiDAR in Long Corridors}, 
  year={2020},
  volume={},
  number={},
  pages={1-4},
  keywords={Radar;Laser radar;Sensors;Trajectory;Radar antennas;Radar detection;Wheels},
  doi={10.1109/SENSORS47125.2020.9278684}}

@article{sargolzaei2020control,
  title={Control of cooperative unmanned aerial vehicles: review of applications, challenges, and algorithms},
  author={Sargolzaei, Arman and Abbaspour, Alireza and Crane, Carl D},
  journal={Optimization, Learning, and Control for Interdependent Complex Networks},
  pages={229--255},
  year={2020},
  publisher={Springer}
}

@article{schulman2017proximal,
  title={Proximal policy optimization algorithms},
  author={Schulman, John and Wolski, Filip and Dhariwal, Prafulla and Radford, Alec and Klimov, Oleg},
  journal={arXiv preprint arXiv:1707.06347},
  year={2017}
}

@article{shao2021graph,
  title={Graph attention network-based multi-agent reinforcement learning for slicing resource management in dense cellular network},
  author={Shao, Yan and Li, Rongpeng and Hu, Bing and Wu, Yingxiao and Zhao, Zhifeng and Zhang, Honggang},
  journal={IEEE Transactions on vehicular Technology},
  volume={70},
  number={10},
  pages={10792--10803},
  year={2021},
  publisher={IEEE}
}

@article{vecerik2017leveraging,
  title={Leveraging demonstrations for deep reinforcement learning on robotics problems with sparse rewards},
  author={Vecerik, Mel and Hester, Todd and Scholz, Jonathan and Wang, Fumin and Pietquin, Olivier and Piot, Bilal and Heess, Nicolas and Roth{\"o}rl, Thomas and Lampe, Thomas and Riedmiller, Martin},
  journal={arXiv preprint arXiv:1707.08817},
  year={2017}
}

@article{velickovic2017graph,
  title={Graph attention networks},
  author={Velickovic, Petar and Cucurull, Guillem and Casanova, Arantxa and Romero, Adriana and Lio, Pietro and Bengio, Yoshua and others},
  journal={stat},
  volume={1050},
  number={20},
  pages={10--48550},
  year={2017}
}

@article{zhang2024npe,
  title={NPE-DRL: Enhancing Perception Constrained Obstacle Avoidance with Non-Expert Policy Guided Reinforcement Learning},
  author={Zhang, Yuhang and Yan, Chao and Xiao, Jiaping and Feroskhan, Mir},
  journal={IEEE Transactions on Artificial Intelligence},
  year={2024},
  publisher={IEEE}
}

@article{zhao2015heuristic,
  title={A heuristic distributed task allocation method for multivehicle multitask problems and its application to search and rescue scenario},
  author={Zhao, Wanqing and Meng, Qinggang and Chung, Paul WH},
  journal={IEEE transactions on cybernetics},
  volume={46},
  number={4},
  pages={902--915},
  year={2015},
  publisher={IEEE}
}

@article{zhu2024uav,
  title={UAV Path Planning Based on Random Obstacle Training and Linear Soft Update of DRL in Dense Urban Environment},
  author={Zhu, Yanfei and Tan, Yingjie and Chen, Yongfa and Chen, Liudan and Lee, Kwang Y},
  journal={Energies},
  volume={17},
  number={11},
  pages={2762},
  year={2024},
  publisher={MDPI}
}

