@manual{IntelRealSenseD455f,
  title     = {{Intel RealSense Depth Camera D455f}},
  author    = {{Intel Corporation}},
  year      = {2024},
  url       = {https://www.intelrealsense.com/depth-camera-d455f/},
  note      = {Accessed: October 23, 2024},
}

@manual{NVIDIAJetsonOrinNano2024,
  title     = {NVIDIA Jetson Orin Nano Series Modules Datasheet},
  author    = {{NVIDIA Corporation}},
  year      = {2024},
  note      = {DS-11105-001\_v1.3, Rev F, August 2024},
  url       = {https://www.nvidia.com/en-us/autonomous-machines/embedded-systems/jetson-orin-nano/},
  address   = {Santa Clara, CA, USA},
}

@manual{NVIDIAIsaacROS2024,
  title     = {NVIDIA Isaac ROS: Accelerated Perception and AI for ROS Developers},
  author    = {{NVIDIA Corporation}},
  year      = {2024},
  note      = {Accessed: October 23, 2024},
  url       = {https://nvidia-isaac-ros.github.io/},
}


@misc{lidarslam_ros2,
  author       = {Ryo Sasaki},
  title        = {lidarslam\_ros2: Lidar SLAM for ROS 2},
  year         = {2024},
  howpublished = {\url{https://github.com/rsasaki0109/lidarslam_ros2}},
  note         = {Accessed: October 23, 2024}
}

@manual{MicroXRCE_DDS2024,
  title     = {Micro XRCE-DDS Documentation},
  author    = {{eProsima}},
  year      = {2024},
  note      = {Accessed: October 23, 2024},
  url       = {https://micro-xrce-dds.docs.eprosima.com/en/stable/index.html},
}

@article{scientific_american_drones,
  title = {How Drones Are Revolutionizing Search and Rescue},
  author = {Sarah Scoles},
  journal = {Scientific American},
  year = {2024},
  url = {https://www.scientificamerican.com/article/how-drones-are-revolutionizing-search-and-rescue/},
  note = {Accessed: November 1, 2024}
}

@Article{electronics10090999,
    AUTHOR = {Azar, Ahmad Taher and Koubaa, Anis and Ali Mohamed, Nada and Ibrahim, Habiba A. and Ibrahim, Zahra Fathy and Kazim, Muhammad and Ammar, Adel and Benjdira, Bilel and Khamis, Alaa M. and Hameed, Ibrahim A. and Casalino, Gabriella},
    TITLE = {Drone Deep Reinforcement Learning: A Review},
    JOURNAL = {Electronics},
    VOLUME = {10},
    YEAR = {2021},
    NUMBER = {9},
    ARTICLE-NUMBER = {999},
    URL = {https://www.mdpi.com/2079-9292/10/9/999},
    ISSN = {2079-9292},
}

@inproceedings{airsim2017fsr,
  author = {Shital Shah and Debadeepta Dey and Chris Lovett and Ashish Kapoor},
  title = {AirSim: High-Fidelity Visual and Physical Simulation for Autonomous Vehicles},
  year = {2017},
  booktitle = {Field and Service Robotics},
  eprint = {arXiv:1705.05065},
  url = {https://arxiv.org/abs/1705.05065}
}

@inproceedings{fujimoto2018addressing,
  title={Addressing function approximation error in actor-critic methods},
  author={Fujimoto, Scott and Hoof, Herke and Meger, David},
  booktitle={International conference on machine learning},
  pages={1587--1596},
  year={2018},
  organization={PMLR}
}

@article{tourani2022vslam,
  title = {Visual SLAM: What Are the Current Trends and What to Expect?},
  author = {Ali Tourani and Hriday Bavle and Jose Luis Sanchez-Lopez and Holger Voos},
  journal = {Sensors},
  volume = {22},
  number = {23},
  pages = {9297},
  year = {2022},
  publisher = {MDPI},
  doi = {10.3390/s22239297},
  url = {https://www.ncbi.nlm.nih.gov/pmc/articles/PMC9735432/}
}

@inproceedings{grisetti2005improving,
  title={Improving grid-based slam with rao-blackwellized particle filters by adaptive proposals and selective resampling},
  author={Grisetti, Giorgio and Stachniss, Cyrill and Burgard, Wolfram},
  booktitle={Proceedings of the 2005 IEEE international conference on robotics and automation},
  pages={2432--2437},
  year={2005},
  organization={IEEE}
}

@book{sutton2018reinforcement,
  title={Reinforcement Learning: An Introduction},
  author={Sutton, Richard S. and Barto, Andrew G.},
  year={2018},
  publisher={MIT Press},
  edition={2nd}
}

@article{mnih2015human,
  title={Human-level control through deep reinforcement learning},
  author={Mnih, Volodymyr and Kavukcuoglu, Koray and Silver, David and Rusu, Andrei A and Veness, Joel and Bellemare, Marc G and Graves, Alex and Riedmiller, Martin and Fidjeland, Andreas K and Ostrovski, Georg and others},
  journal={nature},
  volume={518},
  number={7540},
  pages={529--533},
  year={2015},
  publisher={Nature Publishing Group UK London}
}

@article{schulman2017proximal,
  title={Proximal policy optimization algorithms},
  author={Schulman, John and Wolski, Filip and Dhariwal, Prafulla and Radford, Alec and Klimov, Oleg},
  journal={arXiv preprint arXiv:1707.06347},
  year={2017}
}

@article{lillicrap2015continuous,
  title={Continuous control with deep reinforcement learning},
  author={Lillicrap, Timothy P and Hunt, Jonathan J and Pritzel, Alexander and Heess, Nicolas and Erez, Tom and Tassa, Yuval and Silver, David and Wierstra, Daan},
  journal={arXiv preprint arXiv:1509.02971},
  year={2015}
}

@inproceedings{ng1999policy,
  title={Policy invariance under reward transformations: Theory and application to reward shaping},
  author={Ng, Andrew Y and Harada, Daishi and Russell, Stuart},
  booktitle={Icml},
  volume={99},
  pages={278--287},
  year={1999}
}

@article{khatib1986real,
  title={Real-time obstacle avoidance for manipulators and mobile robots},
  author={Khatib, Oussama},
  journal={The international journal of robotics research},
  volume={5},
  number={1},
  pages={90--98},
  year={1986},
  publisher={Sage Publications Sage CA: Thousand Oaks, CA}
}

@article{korsah2013comprehensive,
  title={A comprehensive taxonomy for multi-robot task allocation},
  author={Korsah, G Ayorkor and Stentz, Anthony and Dias, M Bernardine},
  journal={The International Journal of Robotics Research},
  volume={32},
  number={12},
  pages={1495--1512},
  year={2013},
  publisher={SAGE Publications Sage UK: London, England}
}

@article{gronauer2022multi,
  title={Multi-agent deep reinforcement learning: a survey},
  author={Gronauer, Sven and Diepold, Klaus},
  journal={Artificial Intelligence Review},
  volume={55},
  number={2},
  pages={895--943},
  year={2022},
  publisher={Springer}
}

@article{kipf2016semi,
  title={Semi-supervised classification with graph convolutional networks},
  author={Kipf, Thomas N and Welling, Max},
  journal={arXiv preprint arXiv:1609.02907},
  year={2016}
}

@article{velickovic2017graph,
  title={Graph attention networks},
  author={Velickovic, Petar and Cucurull, Guillem and Casanova, Arantxa and Romero, Adriana and Lio, Pietro and Bengio, Yoshua and others},
  journal={stat},
  volume={1050},
  number={20},
  pages={10--48550},
  year={2017}
}

@article{mohamed2019survey,
  title={A survey on odometry for autonomous navigation systems},
  author={Mohamed, Sherif AS and Haghbayan, Mohammad-Hashem and Westerlund, Tomi and Heikkonen, Jukka and Tenhunen, Hannu and Plosila, Juha},
  journal={IEEE access},
  volume={7},
  pages={97466--97486},
  year={2019},
  publisher={IEEE}
}

@article{sahiliVSLAM,
author = {Sahili, Ali and Hassan, Saifeldin and Sakhrieh, Saber and Mounsef, Jinane and Maalouf, Noel and Arain, B. and Taha, Tarek},
year = {2023},
month = {01},
pages = {1-1},
title = {A Survey of Visual SLAM Methods},
volume = {PP},
journal = {IEEE Access},
doi = {10.1109/ACCESS.2023.3341489}
}

@inproceedings{mourikis2007multi,
  title={A multi-state constraint Kalman filter for vision-aided inertial navigation},
  author={Mourikis, Anastasios I and Roumeliotis, Stergios I},
  booktitle={Proceedings 2007 IEEE international conference on robotics and automation},
  pages={3565--3572},
  year={2007},
  organization={IEEE}
}

@phdthesis{magnusson2009three,
  title={The three-dimensional normal-distributions transform: an efficient representation for registration, surface analysis, and loop detection},
  author={Magnusson, Martin},
  year={2009},
  school={{\"O}rebro universitet}
}

@inproceedings{segal2009generalized,
  title={Generalized-icp.},
  author={Segal, Aleksandr and Haehnel, Dirk and Thrun, Sebastian},
  booktitle={Robotics: science and systems},
  volume={2},
  number={4},
  pages={435},
  year={2009},
  organization={Seattle, WA}
}

@manual{velodyne_vlp16_manual,
  title        = {Velodyne VLP-16 User Manual},
  author       = {Velodyne Lidar, Inc.},
  year         = {2016},
  note         = {Available at: \url{https://www.manualslib.com/manual/1407706/Velodyne-Vlp-16.html}}
}

@article{lecun1998gradient,
  title={Gradient-based learning applied to document recognition},
  author={LeCun, Yann and Bottou, L{\'e}on and Bengio, Yoshua and Haffner, Patrick},
  journal={Proceedings of the IEEE},
  volume={86},
  number={11},
  pages={2278--2324},
  year={1998},
  publisher={Ieee}
}

@inproceedings{maas2013rectifier,
  title={Rectifier nonlinearities improve neural network acoustic models},
  author={Maas, Andrew L and Hannun, Awni Y and Ng, Andrew Y and others},
  booktitle={Proc. icml},
  volume={30},
  number={1},
  pages={3},
  year={2013},
  organization={Atlanta, GA}
}

@article{ioffe2015batch,
  title={Batch normalization: Accelerating deep network training by reducing internal covariate shift},
  author={Ioffe, Sergey},
  journal={arXiv preprint arXiv:1502.03167},
  year={2015}
}

@manual{epicgames_unreal4,
  title = {Unreal Engine 4},
  author = {{Epic Games}},
  year = {2014},
  note = {Version 4.0 and later. Available at: \url{https://www.unrealengine.com/}}
}

@article{fey2019fast,
  title={Fast graph representation learning with PyTorch Geometric},
  author={Fey, Matthias and Lenssen, Jan Eric},
  journal={arXiv preprint arXiv:1903.02428},
  year={2019}
}

@manual{px4_uxrce_dds,
  title = {Micro XRCE-DDS Middleware Integration},
  author = {{PX4 Development Team}},
  year = {2023},
  note = {Available at: \url{https://docs.px4.io/main/en/middleware/uxrce_dds.html}}
}

@manual{optitrack,
  title = {OptiTrack Motion Capture Systems},
  author = {{NaturalPoint, Inc.}},
  year = {2023},
  note = {Available at: \url{https://optitrack.com}}
}

@article{li2024laser,
  title={Laser-inertial tightly coupled SLAM system for indoor degraded environments},
  author={Li, Sen and Guan, He and Ma, Xiaofei and Liu, Hezhao and Zhang, Dan and Wu, Zeqi and Li, Huaizhou},
  journal={Sensor Review},
  year={2024},
  publisher={Emerald Publishing Limited}
}

@manual{nvidia_rtx_a4500,
  title = {NVIDIA RTX A4500 Graphics Card},
  author = {{NVIDIA Corporation}},
  year = {2021},
  note = {Available at: \url{https://www.nvidia.com/en-us/design-visualization/rtx-a4500/}}
}

@manual{nvidia_rtx_3070m,
  title = {NVIDIA GeForce RTX 3070M Mobile Graphics Card},
  author = {{NVIDIA Corporation}},
  year = {2021},
  note = {Available at: \url{https://www.nvidia.com/en-us/geforce/}}
}

@article{azar2021drone,
  title={Drone deep reinforcement learning: A review},
  author={Azar, Ahmad Taher and Koubaa, Anis and Ali Mohamed, Nada and Ibrahim, Habiba A and Ibrahim, Zahra Fathy and Kazim, Muhammad and Ammar, Adel and Benjdira, Bilel and Khamis, Alaa M and Hameed, Ibrahim A and others},
  journal={Electronics},
  volume={10},
  number={9},
  pages={999},
  year={2021},
  publisher={MDPI}
}

@article{hu2022obstacle,
  title={Obstacle avoidance for uas in continuous action space using deep reinforcement learning},
  author={Hu, Jueming and Yang, Xuxi and Wang, Weichang and Wei, Peng and Ying, Lei and Liu, Yongming},
  journal={IEEE Access},
  volume={10},
  pages={90623--90634},
  year={2022},
  publisher={IEEE}
}

@article{zhu2024uav,
  title={UAV Path Planning Based on Random Obstacle Training and Linear Soft Update of DRL in Dense Urban Environment},
  author={Zhu, Yanfei and Tan, Yingjie and Chen, Yongfa and Chen, Liudan and Lee, Kwang Y},
  journal={Energies},
  volume={17},
  number={11},
  pages={2762},
  year={2024},
  publisher={MDPI}
}

@article{hickling2023robust,
  title={Robust adversarial attacks detection based on explainable deep reinforcement learning for uav guidance and planning},
  author={Hickling, Thomas and Aouf, Nabil and Spencer, Phillippa},
  journal={IEEE Transactions on Intelligent Vehicles},
  year={2023},
  publisher={IEEE}
}

@article{he2021explainable,
  title={Explainable Deep Reinforcement Learning for UAV autonomous path planning},
  author={He, Lei and Aouf, Nabil and Song, Bifeng},
  journal={Aerospace science and technology},
  volume={118},
  pages={107052},
  year={2021},
  publisher={Elsevier}
}

@inproceedings{hester2018deep,
  title={Deep q-learning from demonstrations},
  author={Hester, Todd and Vecerik, Matej and Pietquin, Olivier and Lanctot, Marc and Schaul, Tom and Piot, Bilal and Horgan, Dan and Quan, John and Sendonaris, Andrew and Osband, Ian and others},
  booktitle={Proceedings of the AAAI conference on artificial intelligence},
  volume={32},
  number={1},
  year={2018}
}

@article{vecerik2017leveraging,
  title={Leveraging demonstrations for deep reinforcement learning on robotics problems with sparse rewards},
  author={Vecerik, Mel and Hester, Todd and Scholz, Jonathan and Wang, Fumin and Pietquin, Olivier and Piot, Bilal and Heess, Nicolas and Roth{\"o}rl, Thomas and Lampe, Thomas and Riedmiller, Martin},
  journal={arXiv preprint arXiv:1707.08817},
  year={2017}
}

@article{zhang2024npe,
  title={NPE-DRL: Enhancing Perception Constrained Obstacle Avoidance with Non-Expert Policy Guided Reinforcement Learning},
  author={Zhang, Yuhang and Yan, Chao and Xiao, Jiaping and Feroskhan, Mir},
  journal={IEEE Transactions on Artificial Intelligence},
  year={2024},
  publisher={IEEE}
}

@article{sargolzaei2020control,
  title={Control of cooperative unmanned aerial vehicles: review of applications, challenges, and algorithms},
  author={Sargolzaei, Arman and Abbaspour, Alireza and Crane, Carl D},
  journal={Optimization, Learning, and Control for Interdependent Complex Networks},
  pages={229--255},
  year={2020},
  publisher={Springer}
}

@article{zhao2015heuristic,
  title={A heuristic distributed task allocation method for multivehicle multitask problems and its application to search and rescue scenario},
  author={Zhao, Wanqing and Meng, Qinggang and Chung, Paul WH},
  journal={IEEE transactions on cybernetics},
  volume={46},
  number={4},
  pages={902--915},
  year={2015},
  publisher={IEEE}
}

@article{mao2024dl,
  title={DL-DRL: A double-level deep reinforcement learning approach for large-scale task scheduling of multi-UAV},
  author={Mao, Xiao and Wu, Guohua and Fan, Mingfeng and Cao, Zhiguang and Pedrycz, Witold},
  journal={IEEE Transactions on Automation Science and Engineering},
  year={2024},
  publisher={IEEE}
}

@ARTICLE{GA-DRL,
  author={Liu, Zhang and Huang, Lianfen and Gao, Zhibin and Luo, Manman and Hosseinalipour, Seyyedali and Dai, Huaiyu},
  journal={IEEE Transactions on Network and Service Management}, 
  title={GA-DRL: Graph Neural Network-Augmented Deep Reinforcement Learning for DAG Task Scheduling Over Dynamic Vehicular Clouds}, 
  year={2024},
  volume={21},
  number={4},
  pages={4226-4242},
  keywords={Task analysis;Dynamic scheduling;Topology;Vehicle dynamics;Processor scheduling;Heuristic algorithms;Feature extraction;Vehicular cloud;DAG scheduling;deep reinforcement learning;graph neural network},
  doi={10.1109/TNSM.2024.3387707}}

@ARTICLE{GNN-EnhancedDRL,
  author={Du, Yifan and Qi, Nan and Li, Xiaojie and Xiao, Ming and Boulogeorgos, Alexandros-Apostolos A. and Tsiftsis, Theodoros A. and Wu, Qihui},
  journal={IEEE Wireless Communications Letters}, 
  title={Distributed Multi-UAV Trajectory Planning for Downlink Transmission: a GNN-Enhanced DRL Approach}, 
  year={2024},
  volume={},
  number={},
  pages={1-1},
  keywords={Autonomous aerial vehicles;Reinforcement learning;Graph neural networks;Disasters;Transfer learning;Training;Trajectory;Observers;Heuristic algorithms;Trajectory planning;Unmanned aerial vehicles;transfer learning;multi-agent reinforcement learning;graph neural network},
  doi={10.1109/LWC.2024.3480152}}

@INPROCEEDINGS{radarlidar,
  author={Zhang, Alan and Maher Atia, Mohamed},
  booktitle={2020 IEEE SENSORS}, 
  title={Comparison of 2D Localization Using Radar and LiDAR in Long Corridors}, 
  year={2020},
  volume={},
  number={},
  pages={1-4},
  keywords={Radar;Laser radar;Sensors;Trajectory;Radar antennas;Radar detection;Wheels},
  doi={10.1109/SENSORS47125.2020.9278684}}

@misc{sapience,
  title = {Sapience Autonomous Cooperative Drone Competition},
  author = {{NATO}},
  year = {2024},
  note = {Available at: \url{https://sapienceproject.com/}}
}

@article{lowe2017multi,
  title={Multi-agent actor-critic for mixed cooperative-competitive environments},
  author={Lowe, Ryan and Wu, Yi I and Tamar, Aviv and Harb, Jean and Pieter Abbeel, OpenAI and Mordatch, Igor},
  journal={Advances in neural information processing systems},
  volume={30},
  year={2017}
}

@article{cui2019multi,
  title={Multi-agent reinforcement learning-based resource allocation for UAV networks},
  author={Cui, Jingjing and Liu, Yuanwei and Nallanathan, Arumugam},
  journal={IEEE Transactions on Wireless Communications},
  volume={19},
  number={2},
  pages={729--743},
  year={2019},
  publisher={IEEE}
}

@article{fan2000extended,
  title={Extended tanh-function method and its applications to nonlinear equations},
  author={Fan, Engui},
  journal={Physics Letters A},
  volume={277},
  number={4-5},
  pages={212--218},
  year={2000},
  publisher={Elsevier}
}

@INPROCEEDINGS{8122622,
  author={Hou, Yuenan and Liu, Lifeng and Wei, Qing and Xu, Xudong and Chen, Chunlin},
  booktitle={2017 IEEE International Conference on Systems, Man, and Cybernetics (SMC)}, 
  title={A novel DDPG method with prioritized experience replay}, 
  year={2017},
  volume={},
  number={},
  pages={316-321},
  doi={10.1109/SMC.2017.8122622}
}

@article{shao2021graph,
  title={Graph attention network-based multi-agent reinforcement learning for slicing resource management in dense cellular network},
  author={Shao, Yan and Li, Rongpeng and Hu, Bing and Wu, Yingxiao and Zhao, Zhifeng and Zhang, Honggang},
  journal={IEEE Transactions on vehicular Technology},
  volume={70},
  number={10},
  pages={10792--10803},
  year={2021},
  publisher={IEEE}
}