% ============================================================================
% Cognitive Biases in XAI
% ============================================================================

@article{miller1956magical,
  title={The magical number seven, plus or minus two: Some limits on our capacity for processing information},
  author={Miller, George A},
  journal={Psychological review},
  year={1956}
}

@inproceedings{fontanesi2024xai,
  title={XAI and Bias of Deep Graph Networks},
  author={Fontanesi, Michele and Micheli, Alessio and Podda, Marco},
  year={2024},
  organization={ESANN}
}

@inproceedings{faber2021comparing,
  title={When comparing to ground truth is wrong: On evaluating gnn explanation methods},
  author={Faber, Lukas and K. Moghaddam, Amin and Wattenhofer, Roger},
  booktitle={KDD},
  year={2021}
}


% ============================================================================
% Causality & Causal Explanations
% ============================================================================

@book{pearl2009causality,
  title={Causality},
  author={Pearl, Judea},
  year={2009},
  publisher={Cambridge university press}
}

@article{scholkopf2021toward,
  title={Toward causal representation learning},
  author={Sch{\"o}lkopf, Bernhard and Locatello, Francesco and Bauer, Stefan and Ke, Nan Rosemary and Kalchbrenner, Nal and Goyal, Anirudh and Bengio, Yoshua},
  journal={Proceedings of the IEEE},
  year={2021}
}

@inproceedings{beckers2022causal,
  title={{Causal Explanations and XAI}},
  author={Beckers, Sander},
  booktitle={Conference on Causal Learning and Reasoning},
  pages={90--109},
  year={2022}
}

@inproceedings{yonarevisiting,
  title={Revisiting Sanity Checks for Saliency Maps},
  author={Yona, Gal and Greenfeld, Daniel},
  booktitle={eXplainable AI approaches for debugging and diagnosis},
  year={2021}
}


% ============================================================================
% GNNs
% ============================================================================

% Survey
@article{wu2020comprehensive,
  title={A comprehensive survey on graph neural networks},
  author={Wu, Zonghan and Pan, Shirui and Chen, Fengwen and Long, Guodong and Zhang, Chengqi and Philip, S Yu},
  journal={IEEE transactions on neural networks and learning systems},
  year={2020}
}

% Survey?
@article{bacciu2020gentle,
  title = {A gentle introduction to deep learning for graphs},
  author = {Davide Bacciu and Federico Errica and Alessio Micheli and Marco Podda},
  journal = {Neural Networks},
  year = {2020}
}

% ?
@article{bronstein2021gdl,
  title={Geometric deep learning: Grids, groups, graphs, geodesics, and gauges},
  author={Bronstein, Michael M and Bruna, Joan and Cohen, Taco and Veli{\v{c}}kovi{\'c}, Petar},
  journal={arXiv preprint arXiv:2104.13478},
  year={2021}
}

% ?
@article{jaeger2023learning,
  title={Learning and reasoning with graph data},
  author={Jaeger, Manfred},
  journal={Frontiers in Artificial Intelligence},
  year={2023}
}

% Logic of GNNs
@inproceedings{barcelo2020logical,
  title={The logical expressiveness of graph neural networks},
  author={Barcel{\'o}, Pablo and Kostylev, Egor V and Monet, Mikael and P{\'e}rez, Jorge and Reutter, Juan and Silva, Juan-Pablo},
  booktitle={ICLR},
  year={2020}
}

% Logic of GNNs
@inproceedings{grohe2021logic,
  title={The logic of graph neural networks},
  author={Grohe, Martin},
  booktitle={36th Annual ACM/IEEE Symposium on Logic in Computer Science (LICS)},
  pages={1--17},
  year={2021}
}

% Injectivity for GNNs
@article{bianchi2024expressive,
  title={The expressive power of pooling in graph neural networks},
  author={Bianchi, Filippo Maria and Lachi, Veronica},
  journal={NeurIPS},
  year={2024}
}

% GNNs
@article{scarselli2008graph,
  title={The graph neural network model},
  author={Scarselli, Franco and Gori, Marco and Tsoi, Ah Chung and Hagenbuchner, Markus and Monfardini, Gabriele},
  journal={IEEE transactions on neural networks},
  volume={20},
  number={1},
  pages={61--80},
  year={2008},
  publisher={IEEE}
}

% GCN
@article{kipf2016semi,
  title={Semi-supervised classification with graph convolutional networks},
  author={Kipf, Thomas N and Welling, Max},
  journal={arXiv preprint arXiv:1609.02907},
  year={2016}
}

% GAT
@inproceedings{velivckovic2018graph,
  title={Graph Attention Networks},
  author={Veli{\v{c}}kovi{\'c}, Petar and Cucurull, Guillem and Casanova, Arantxa and Romero, Adriana and Li{\`o}, Pietro and Bengio, Yoshua},
  booktitle={ICLR},
  year={2018}
}

% GIN
@article{xu2018powerful,
  title={How powerful are graph neural networks?},
  author={Xu, Keyulu and Hu, Weihua and Leskovec, Jure and Jegelka, Stefanie},
  journal={arXiv preprint arXiv:1810.00826},
  year={2018}
}


% ============================================================================
% Human in the loop
% ============================================================================

@article{jiang2024dualgnn,
    author = {Jiang, Xiuyu and Tan, Liqin and Zou, Qingsong},
    title = "{DGCL: dual-graph neural networks contrastive learning for molecular property prediction}",
    journal = {Briefings in Bioinformatics},
    volume = {25},
    number = {6},
    year = {2024},
    month = {09},
    issn = {1477-4054},
    doi = {10.1093/bib/bbae474},
    url = {https://doi.org/10.1093/bib/bbae474},
    eprint = {https://academic.oup.com/bib/article-pdf/25/6/bbae474/59369118/bbae474.pdf},
}

@misc{manzoor2023expandingknowledgegraphshumans,
      title={Expanding Knowledge Graphs with Humans in the Loop}, 
      author={Emaad Manzoor and Jordan Tong and Sriniketh Vijayaraghavan and Rui Li},
      year={2023},
      eprint={2212.05189},
      archivePrefix={arXiv},
      primaryClass={cs.LG},
      url={https://arxiv.org/abs/2212.05189}, 
}

@misc{bikaun2024cleangraph,
      title={CleanGraph: Human-in-the-loop Knowledge Graph Refinement and Completion}, 
      author={Tyler Bikaun and Michael Stewart and Wei Liu},
      year={2024},
      eprint={2405.03932},
      archivePrefix={arXiv},
      primaryClass={cs.AI},
      url={https://arxiv.org/abs/2405.03932}, 
}

@article{wong2024discovery,
  title={Discovery of a structural class of antibiotics with explainable deep learning},
  author={Wong, Felix and Zheng, Erica J and Valeri, Jacqueline A and Donghia, Nina M and Anahtar, Melis N and Omori, Satotaka and Li, Alicia and Cubillos-Ruiz, Andres and Krishnan, Aarti and Jin, Wengong and others},
  journal={Nature},
  volume={626},
  number={7997},
  pages={177--185},
  year={2024},
  publisher={Nature Publishing Group UK London}
}

@inproceedings{beckh2023harnessing,
  title={Harnessing prior knowledge for explainable machine learning: An overview},
  author={Beckh, Katharina and M{\"u}ller, Sebastian and Jakobs, Matthias and Toborek, Vanessa and Tan, Hanxiao and Fischer, Raphael and Welke, Pascal and Houben, Sebastian and von Rueden, Laura},
  booktitle={2023 IEEE Conference on Secure and Trustworthy Machine Learning (SaTML)},
  pages={450--463},
  year={2023},
  organization={IEEE}
}


% ============================================================================
% Post-hoc GNN explainability
% ============================================================================

% Survey
@inproceedings{pope2019explainability,
  title={Explainability methods for graph convolutional neural networks},
  author={Pope, Phillip E and Kolouri, Soheil and Rostami, Mohammad and Martin, Charles E and Hoffmann, Heiko},
  booktitle={CVPR},
  year={2019}
}

% Survey
@article{kakkad2023survey,
  title={A Survey on Explainability of Graph Neural Networks},
  author={Kakkad, Jaykumar and Jannu, Jaspal and Sharma, Kartik and Aggarwal, Charu and Medya, Sourav},
  journal={arXiv preprint arXiv:2306.01958},
  year={2023}
}

% Survey
@article{longa2024explaining,
  title={Explaining the explainers in graph neural networks: a comparative study},
  author={Longa, Antonio and Azzolin, Steve and Santin, Gabriele and Cencetti, Giulia and Li{\`o}, Pietro and Lepri, Bruno and Passerini, Andrea},
  journal={ACM Computing Surveys},
  year={2024}
}

% GCExplainer
@article{magister2021gcexplainer,
  title={Gcexplainer: Human-in-the-loop concept-based explanations for graph neural networks},
  author={Magister, Lucie Charlotte and Kazhdan, Dmitry and Singh, Vikash and Li{\`o}, Pietro},
  journal={arXiv preprint arXiv:2107.11889},
  year={2021}
}

@inproceedings{pluska2024logical,
    title={Logical Distillation of Graph Neural Networks},
    author={Alexander Pluska and Pascal Welke and Thomas G{\"a}rtner and Sagar Malhotra},
    booktitle={ICML 2024 Workshop on Mechanistic Interpretability},
    year={2024}
}

@article{kohler2024utilizing,
  title={Utilizing Description Logics for Global Explanations of Heterogeneous Graph Neural Networks},
  author={K{\"o}hler, Dominik and Heindorf, Stefan},
  journal={arXiv preprint arXiv:2405.12654},
  year={2024}
}

% Unfaithfulness
@article{agarwal2023evaluating,
  title={Evaluating explainability for graph neural networks},
  author={Agarwal, Chirag and Queen, Owen and Lakkaraju, Himabindu and Zitnik, Marinka},
  journal={Scientific Data},
  volume={10},
  number={1},
  pages={144},
  year={2023},
  publisher={Nature Publishing Group UK London}
}

% Fidelity (original)
@article{yuan2022explainability,
  title={Explainability in graph neural networks: A taxonomic survey},
  author={Yuan, Hao and Yu, Haiyang and Gui, Shurui and Ji, Shuiwang},
  journal={IEEE transactions on pattern analysis and machine intelligence},
  volume={45},
  number={5},
  pages={5782--5799},
  year={2022},
  publisher={IEEE}
}

% Fidelity (what we used)
@inproceedings{amara2022graphframex,
  title={GraphFramEx: Towards Systematic Evaluation of Explainability Methods for Graph Neural Networks},
  author={Amara, Kenza and Ying, Zhitao and Zhang, Zitao and Han, Zhichao and Zhao, Yang and Shan, Yinan and Brandes, Ulrik and Schemm, Sebastian and Zhang, Ce},
  booktitle={Learning on Graphs Conference},
  pages={44--1},
  year={2022},
  organization={PMLR}
}

% Robust Fidelity
@misc{zheng2023robust,
      title={Towards Robust Fidelity for Evaluating Explainability of Graph Neural Networks}, 
      author={Xu Zheng and Farhad Shirani and Tianchun Wang and Wei Cheng and Zhuomin Chen and Haifeng Chen and Hua Wei and Dongsheng Luo},
      year={2023},
      eprint={2310.01820},
      archivePrefix={arXiv},
      primaryClass={cs.LG}
}

% faithfulness is distribution dependent
@inproceedings{dasgupta2022framework,
  title={Framework for evaluating faithfulness of local explanations},
  author={Dasgupta, Sanjoy and Frost, Nave and Moshkovitz, Michal},
  booktitle={International Conference on Machine Learning},
  pages={4794--4815},
  year={2022},
  organization={PMLR}
}

% PROBSUFF / PROBNEC
@inproceedings{Juntao2022CF2,
author = {Tan, Juntao and Geng, Shijie and Fu, Zuohui and Ge, Yingqiang and Xu, Shuyuan and Li, Yunqi and Zhang, Yongfeng},
title = {Learning and Evaluating Graph Neural Network Explanations based on Counterfactual and Factual Reasoning},
year = {2022},
isbn = {9781450390965},
publisher = {Association for Computing Machinery},
address = {New York, NY, USA},
url = {https://doi.org/10.1145/3485447.3511948},
doi = {10.1145/3485447.3511948},
booktitle = {Proceedings of the ACM Web Conference 2022},
pages = {1018–1027},
numpages = {10},
keywords = {Causal Inference, Counterfactual Explanation, Explainable AI, Graph Neural Networks, Machine Learning, Machine Reasoning},
location = {<conf-loc>, <city>Virtual Event, Lyon</city>, <country>France</country>, </conf-loc>},
series = {WWW '22}
}

% SUFF as Adversarial Robustenss
@inproceedings{fang2023evaluating,
title={Evaluating Post-hoc Explanations for Graph Neural Networks via Robustness Analysis},
author={Junfeng Fang and Wei Liu and Yuan Gao and Zemin Liu and An Zhang and Xiang Wang and Xiangnan He},
booktitle={Thirty-seventh Conference on Neural Information Processing Systems},
year={2023},
url={https://openreview.net/forum?id=eD534mPhAg}
}

% human utility of explanations
@inproceedings{colin2022humanevaluation,
 author = {Colin, Julien and FEL, Thomas and Cadene, Remi and Serre, Thomas},
 booktitle = {Advances in Neural Information Processing Systems},
 editor = {S. Koyejo and S. Mohamed and A. Agarwal and D. Belgrave and K. Cho and A. Oh},
 pages = {2832--2845},
 publisher = {Curran Associates, Inc.},
 title = {What I Cannot Predict, I Do Not Understand: A Human-Centered Evaluation Framework for Explainability Methods},
 url = {https://proceedings.neurips.cc/paper_files/paper/2022/file/13113e938f2957891c0c5e8df811dd01-Paper-Conference.pdf},
 volume = {35},
 year = {2022}
}


% Measure stability of post-hoc explainers with FAITH
@inproceedings{wang2023vinfor,
title={V-InFoR: A Robust Graph Neural Networks Explainer for Structurally Corrupted Graphs},
author={Senzhang Wang and Jun Yin and Chaozhuo Li and Xing Xie and Jianxin Wang},
booktitle={Thirty-seventh Conference on Neural Information Processing Systems},
year={2023},
url={https://openreview.net/forum?id=CtXXOaxDw7}
}

%in-distriburtion evaluation of XAI
@inproceedings{amara2023ginxeval,
title={{GI}nX-Eval: Towards In-Distribution Evaluation of Graph Neural Network Explanations},
author={Kenza Amara and Mennatallah El-Assady and Rex Ying},
booktitle={XAI in Action: Past, Present, and Future Applications},
year={2023},
url={https://openreview.net/forum?id=w6Qnoy2RXG}
}

@misc{qiu2021resistingoutofdistributiondataproblem,
      title={Resisting Out-of-Distribution Data Problem in Perturbation of XAI}, 
      author={Luyu Qiu and Yi Yang and Caleb Chen Cao and Jing Liu and Yueyuan Zheng and Hilary Hei Ting Ngai and Janet Hsiao and Lei Chen},
      year={2021},
      eprint={2107.14000},
      archivePrefix={arXiv},
      primaryClass={cs.AI},
      url={https://arxiv.org/abs/2107.14000}, 
}

@inproceedings{hase2021oodxaiproblem,
author = {Hase, Peter and Xie, Harry and Bansal, Mohit},
title = {The out-of-distribution problem in explainability and search methods for feature importance explanations},
year = {2024},
isbn = {9781713845393},
publisher = {Curran Associates Inc.},
address = {Red Hook, NY, USA},
booktitle = {Proceedings of the 35th International Conference on Neural Information Processing Systems},
articleno = {279},
numpages = {17},
series = {NIPS '21}
}

% align embedding of explanations to avoid OOD
@inproceedings{Zhao2022consistent,
author = {Zhao, Tianxiang and Luo, Dongsheng and Zhang, Xiang and Wang, Suhang},
title = {Towards Faithful and Consistent Explanations for Graph Neural Networks},
year = {2023},
isbn = {9781450394079},
publisher = {Association for Computing Machinery},
address = {New York, NY, USA},
url = {https://doi.org/10.1145/3539597.3570421},
doi = {10.1145/3539597.3570421},
booktitle = {Proceedings of the Sixteenth ACM International Conference on Web Search and Data Mining},
pages = {634–642},
numpages = {9},
keywords = {explainability, graph neural networks},
location = {Singapore, Singapore},
series = {WSDM '23}
}

% Datasets
@article{ying2019gnnexplainer,
  title={Gnnexplainer: Generating explanations for graph neural networks},
  author={Ying, Zhitao and Bourgeois, Dylan and You, Jiaxuan and Zitnik, Marinka and Leskovec, Jure},
  journal={Advances in neural information processing systems},
  volume={32},
  year={2019}
}

% OGB dataset (virtual nodes effective in practice)
@article{hu2020open,
  title={Open graph benchmark: Datasets for machine learning on graphs},
  author={Hu, Weihua and Fey, Matthias and Zitnik, Marinka and Dong, Yuxiao and Ren, Hongyu and Liu, Bowen and Catasta, Michele and Leskovec, Jure},
  journal={Advances in neural information processing systems},
  volume={33},
  pages={22118--22133},
  year={2020}
}

% Virtual nodes for practical scenarios
@misc{sestak2024vnegnn,
      title={VN-EGNN: E(3)-Equivariant Graph Neural Networks with Virtual Nodes Enhance Protein Binding Site Identification}, 
      author={Florian Sestak and Lisa Schneckenreiter and Johannes Brandstetter and Sepp Hochreiter and Andreas Mayr and Günter Klambauer},
      year={2024},
      eprint={2404.07194},
      archivePrefix={arXiv},
      primaryClass={cs.LG}
}

% CORA?
@inproceedings{yang2016revisiting,
  title={Revisiting semi-supervised learning with graph embeddings},
  author={Yang, Zhilin and Cohen, William and Salakhudinov, Ruslan},
  booktitle={International conference on machine learning},
  pages={40--48},
  year={2016},
  organization={PMLR}
}

@article{samek2021explaining,
  author={Samek, Wojciech and Montavon, Grégoire and Lapuschkin, Sebastian and Anders, Christopher J. and Müller, Klaus-Robert},
  journal={Proceedings of the IEEE}, 
  title={Explaining Deep Neural Networks and Beyond: A Review of Methods and Applications}, 
  year={2021},
  volume={109},
  number={3},
  pages={247-278},
  doi={10.1109/JPROC.2021.3060483}}

#bbbp 2
@article{martins2012bayesian,
  title={A Bayesian approach to in silico blood-brain barrier penetration modeling},
  author={Martins, Ines Filipa and Teixeira, Ana L and Pinheiro, Luis and Falcao, Andre O},
  journal={Journal of chemical information and modeling},
  volume={52},
  number={6},
  pages={1686--1697},
  year={2012},
  publisher={ACS Publications}
}

# base graph of Motif2
@article{dorogovtsev2002evolution,
  title={Evolution of networks},
  author={Dorogovtsev, Sergey N and Mendes, Jose FF},
  journal={Advances in physics},
  volume={51},
  number={4},
  pages={1079--1187},
  year={2002},
  publisher={Taylor \& Francis}
}
@inproceedings{jang2017categorical,
title={Categorical Reparameterization with Gumbel-Softmax},
author={Eric Jang and Shixiang Gu and Ben Poole},
booktitle={International Conference on Learning Representations},
year={2017},
url={https://openreview.net/forum?id=rkE3y85ee}
}
@inproceedings{monti2017geometric,
  title={Geometric deep learning on graphs and manifolds using mixture model cnns},
  author={Monti, Federico and Boscaini, Davide and Masci, Jonathan and Rodola, Emanuele and Svoboda, Jan and Bronstein, Michael M},
  booktitle={Proceedings of the IEEE conference on computer vision and pattern recognition},
  pages={5115--5124},
  year={2017}
}


% ============================================================================
% SEGNNs
% ============================================================================

% Sunny-GNN
@inproceedings{deng2024sunny,
  title={Self-Interpretable Graph Learning with Sufficient and Necessary Explanations},
  author={Deng, Jiale and Shen, Yanyan},
  booktitle={Proceedings of the AAAI Conference on Artificial Intelligence},
  volume={38},
  pages={11749--11756},
  year={2024}
}

% SEGNNs
@inproceedings{dai2021towards,
  title={Towards self-explainable graph neural network},
  author={Dai, Enyan and Wang, Suhang},
  booktitle={Proceedings of the 30th ACM International Conference on Information \& Knowledge Management},
  pages={302--311},
  year={2021}
}

% Ker-GNNs
@inproceedings{feng2022kergnns,
  title={Kergnns: Interpretable graph neural networks with graph kernels},
  author={Feng, Aosong and You, Chenyu and Wang, Shiqiang and Tassiulas, Leandros},
  booktitle={Proceedings of the AAAI Conference on Artificial Intelligence},
  volume={36},
  number={6},
  pages={6614--6622},
  year={2022}
}

% ProtGNNs
@inproceedings{zhang2022protgnn,
  title={Protgnn: Towards self-explaining graph neural networks},
  author={Zhang, Zaixi and Liu, Qi and Wang, Hao and Lu, Chengqiang and Lee, Cheekong},
  booktitle={Proceedings of the AAAI Conference on Artificial Intelligence},
  volume={36},
  pages={9127--9135},
  year={2022}
}

% Ladder-GNNs
@article{zhang2020hop,
  title={Hop-hop relation-aware graph neural networks},
  author={Zhang, Li and Ge, Yan and Lu, Haiping},
  journal={arXiv preprint arXiv:2012.11147},
  year={2020}
}

% SparseGNN-GISST
@article{lin2020graph,
  title={Graph neural networks including sparse interpretability},
  author={Lin, Chris and Sun, Gerald J and Bulusu, Krishna C and Dry, Jonathan R and Hernandez, Marylens},
  journal={arXiv preprint arXiv:2007.00119},
  year={2020}
}

% PIGNNs
@article{ragno2022prototype,
  title={Prototype-based Interpretable Graph Neural Networks},
  author={Ragno, Alessio and La Rosa, Biagio and Capobianco, Roberto},
  journal={IEEE Transactions on Artificial Intelligence},
  year={2022},
  publisher={IEEE}
}

% MGNNs
@inproceedings{cucala2021explainable,
  title={Explainable GNN-Based Models over Knowledge Graphs},
  author={Cucala, David Jaime Tena and Grau, Bernardo Cuenca and Kostylev, Egor V and Motik, Boris},
  booktitle={International Conference on Learning Representations},
  year={2021}
}

% PXGNNs
@article{dai2022towards,
  title={Towards prototype-based self-explainable graph neural network},
  author={Dai, Enyan and Wang, Suhang},
  journal={arXiv preprint arXiv:2210.01974},
  year={2022}
}

% GraphChef
@inproceedings{Muller2023graphchef,
title={GraphChef: Learning the Recipe of Your Dataset},
author={Peter M{\"u}ller and Lukas Faber and Karolis Martinkus and Roger Wattenhofer},
booktitle={ICML 3rd Workshop on Interpretable Machine Learning in Healthcare (IMLH) },
year={2023},
url={https://openreview.net/forum?id=ZgYZH5PFEg}
}

%VGIB
@inproceedings{yu2022improving,
  title={Improving subgraph recognition with variational graph information bottleneck},
  author={Yu, Junchi and Cao, Jie and He, Ran},
  booktitle={Proceedings of the IEEE/CVF Conference on Computer Vision and Pattern Recognition},
  pages={19396--19405},
  year={2022}
}

% ?
@article{magister2022encoding,
  title={Encoding concepts in graph neural networks},
  author={Magister, Lucie Charlotte and Barbiero, Pietro and Kazhdan, Dmitry and Siciliano, Federico and Ciravegna, Gabriele and Silvestri, Fabrizio and Jamnik, Mateja and Lio, Pietro},
  journal={arXiv preprint arXiv:2207.13586},
  year={2022}
}

% GSAT
@inproceedings{miao2022interpretable,
  title={Interpretable and generalizable graph learning via stochastic attention mechanism},
  author={Miao, Siqi and Liu, Mia and Li, Pan},
  booktitle={International Conference on Machine Learning},
  pages={15524--15543},
  year={2022},
  organization={PMLR}
}

% LRI
@inproceedings{miao2022interpretablerandom,
  title={Interpretable Geometric Deep Learning via Learnable Randomness Injection},
  author={Miao, Siqi and Luo, Yunan and Liu, Mia and Li, Pan},
  booktitle={The Eleventh International Conference on Learning Representations},
  year={2022}
}

% GIB (IB-subgraph)
@inproceedings{yu2020graph,
  title={Graph Information Bottleneck for Subgraph Recognition},
  author={Yu, Junchi and Xu, Tingyang and Rong, Yu and Bian, Yatao and Huang, Junzhou and He, Ran},
  booktitle={International Conference on Learning Representations},
  year={2020}
}

% GIB
@article{wu2020graph,
  title={Graph information bottleneck},
  author={Wu, Tailin and Ren, Hongyu and Li, Pan and Leskovec, Jure},
  journal={Advances in Neural Information Processing Systems},
  volume={33},
  pages={20437--20448},
  year={2020}
}

% GMT
@inproceedings{chen2024howinterpretable,
  title={How Interpretable Are Interpretable Graph Neural Networks?},
  year={2024},
  author={Chen, Yongqiang and Bian, Yatao and Han, Bo and Cheng, James},
  booktitle={Forty-first International Conference on Machine Learning}
}

% IB-Subgraph
@article{yu2021recognizing,
  title={Recognizing predictive substructures with subgraph information bottleneck},
  author={Yu, Junchi and Xu, Tingyang and Rong, Yu and Bian, Yatao and Huang, Junzhou and He, Ran},
  journal={IEEE transactions on pattern analysis and machine intelligence},
  volume={46},
  number={3},
  pages={1650--1663},
  year={2021},
  publisher={IEEE}
}

% Meta-path SEGNN
@article{ferrini2024self,
  title={A Self-Explainable Heterogeneous GNN for Relational Deep Learning},
  author={Ferrini, Francesco and Longa, Antonio and Passerini, Andrea and Jaeger, Manfred},
  journal={arXiv preprint arXiv:2412.00521},
  year={2024}
}

% L2XGNN
@article{serra2022learning,
  title={Learning to Explain Graph Neural Networks},
  author={Serra, Giuseppe and Niepert, Mathias},
  journal={arXiv preprint arXiv:2209.14402},
  year={2022}
}

% RAGE
@misc{kosan2023robust,
      title={Robust Ante-hoc Graph Explainer using Bilevel Optimization}, 
      author={Mert Kosan and Arlei Silva and Ambuj Singh},
      year={2023},
      eprint={2305.15745},
      archivePrefix={arXiv},
      primaryClass={cs.LG}
}

% EXPASS
@inproceedings{giunchiglia2022towards,
    title={Towards Training {GNN}s using Explanation Directed Message Passing},
    author={Valentina Giunchiglia and Chirag Varun Shukla and Guadalupe Gonzalez and Chirag Agarwal},
    booktitle={The First Learning on Graphs Conference},
    year={2022},
    url={https://openreview.net/forum?id=_nlbNbawXDi}
}

% OODGAT
@inproceedings{song2022oodgat,
author = {Song, Yu and Wang, Donglin},
title = {Learning on Graphs with Out-of-Distribution Nodes},
year = {2022},
isbn = {9781450393850},
publisher = {Association for Computing Machinery},
url = {https://doi.org/10.1145/3534678.3539457},
doi = {10.1145/3534678.3539457},
booktitle = {Proceedings of the 28th ACM SIGKDD Conference on Knowledge Discovery and Data Mining},
pages = {1635–1645},
numpages = {11},
series = {KDD '22}
}


% ============================================================================
% Multi-channel GNNs
% ============================================================================

@article{liu2024lggnn,
title = {LG-GNN: Local and Global Information-aware Graph Neural Network for default detection},
journal = {Computers & Operations Research},
volume = {169},
pages = {106738},
year = {2024},
issn = {0305-0548},
doi = {https://doi.org/10.1016/j.cor.2024.106738},
author = {Yi Liu and Xuan Wang and Tao Meng and Wei Ai and Keqin Li},
}



% ============================================================================
% DIGNNs
% ============================================================================

%CAL
@inproceedings{Sui2022cal,
author = {Sui, Yongduo and Wang, Xiang and Wu, Jiancan and Lin, Min and He, Xiangnan and Chua, Tat-Seng},
title = {Causal Attention for Interpretable and Generalizable Graph Classification},
year = {2022},
isbn = {9781450393850},
publisher = {Association for Computing Machinery},
address = {New York, NY, USA},
url = {https://doi.org/10.1145/3534678.3539366},
doi = {10.1145/3534678.3539366},
booktitle = {Proceedings of the 28th ACM SIGKDD Conference on Knowledge Discovery and Data Mining},
pages = {1696–1705},
numpages = {10},
series = {KDD '22}
}

%CIGA
@article{chen2022learning,
  title={Learning causally invariant representations for out-of-distribution generalization on graphs},
  author={Chen, Yongqiang and Zhang, Yonggang and Bian, Yatao and Yang, Han and Kaili, MA and Xie, Binghui and Liu, Tongliang and Han, Bo and Cheng, James},
  journal={Advances in Neural Information Processing Systems},
  volume={35},
  pages={22131--22148},
  year={2022}
}

%GALA
@article{chen2023rethinking,
  title={Rethinking Invariant Graph Representation Learning without Environment Partitions},
  author={Chen, Yongqiang and Bian, Yatao and Zhou, Kaiwen and Xie, Binghui and Han, Bo and Cheng, James},
  year={2023},
  journal={ICLR 2023 Workshop on Domain Generalization}
}
%LECI
@article{gui2023joint,
  title={Joint Learning of Label and Environment Causal Independence for Graph Out-of-Distribution Generalization},
  author={Gui, Shurui and Liu, Meng and Li, Xiner and Luo, Youzhi and Ji, Shuiwang},
  journal={arXiv preprint arXiv:2306.01103},
  year={2023}
}

%GIL
@article{li2022learning,
  title={Learning invariant graph representations for out-of-distribution generalization},
  author={Li, Haoyang and Zhang, Ziwei and Wang, Xin and Zhu, Wenwu},
  journal={Advances in Neural Information Processing Systems},
  volume={35},
  pages={11828--11841},
  year={2022}
}

%RIGNN
@article{luo2023rignn,
  title={RIGNN: A Rationale Perspective for Semi-supervised Open-world Graph Classification},
  author={Luo, Xiao and Zhao, Yusheng and Mao, Zhengyang and Qin, Yifang and Ju, Wei and Zhang, Ming and Sun, Yizhou},
  journal={Transactions on Machine Learning Research},
  year={2023}
}

% DIR
@article{wu2022discovering,
  title={Discovering invariant rationales for graph neural networks},
  author={Wu, Ying-Xin and Wang, Xiang and Zhang, An and He, Xiangnan and Chua, Tat-Seng},
  journal={arXiv preprint arXiv:2201.12872},
  year={2022}
}

% DISC
@inproceedings{fan2022disc,
author = {Fan, Shaohua and Wang, Xiao and Mo, Yanhu and Shi, Chuan and Tang, Jian},
title = {Debiasing graph neural networks via learning disentangled causal substructure},
year = {2024},
isbn = {9781713871088},
booktitle = {Proceedings of the 36th International Conference on Neural Information Processing Systems},
articleno = {1808},
numpages = {13},
series = {NIPS '22}
}

% GSINA
@misc{ding2024gsinaimprovingsubgraphextraction,
      title={GSINA: Improving Subgraph Extraction for Graph Invariant Learning via Graph Sinkhorn Attention}, 
      author={Fangyu Ding and Haiyang Wang and Zhixuan Chu and Tianming Li and Zhaoping Hu and Junchi Yan},
      year={2024},
      eprint={2402.07191},
      archivePrefix={arXiv},
      primaryClass={cs.LG},
      url={https://arxiv.org/abs/2402.07191}, 
}

@misc{jiang2023survey,
      title={Survey on Trustworthy Graph Neural Networks: From A Causal Perspective}, 
      author={Wenzhao Jiang and Hao Liu and Hui Xiong},
      year={2023},
      eprint={2312.12477},
      archivePrefix={arXiv},
      primaryClass={cs.LG}
}

@misc{schölkopf2021causal,
      title={Towards Causal Representation Learning}, 
      author={Bernhard Schölkopf and Francesco Locatello and Stefan Bauer and Nan Rosemary Ke and Nal Kalchbrenner and Anirudh Goyal and Yoshua Bengio},
      year={2021},
      eprint={2102.11107},
      archivePrefix={arXiv},
      primaryClass={cs.LG}
}


% ============================================================================
% Explanation Quality
% ============================================================================

@article{sanchez2020evaluating,
  title={Evaluating attribution for graph neural networks},
  author={Sanchez-Lengeling, Benjamin and Wei, Jennifer and Lee, Brian and Reif, Emily and Wang, Peter and Qian, Wesley and McCloskey, Kevin and Colwell, Lucy and Wiltschko, Alexander},
  journal={Advances in neural information processing systems},
  volume={33},
  pages={5898--5910},
  year={2020}
}

@misc{cai2023learning,
  title={On Learning Necessary and Sufficient Causal Graphs}, 
  author={Hengrui Cai and Yixin Wang and Michael Jordan and Rui Song},
  year={2023},
  eprint={2301.12389},
  archivePrefix={arXiv},
  primaryClass={cs.LG}
}

@article{christiansen2023faithful,
  title={How Faithful are Self-Explainable GNNs?},
  author={Christiansen, Marc and Villadsen, Lea and Zhong, Zhiqiang and Teso, Stefano and Mottin, Davide},
  journal={arXiv preprint arXiv:2308.15096},
  year={2023}
}

@inproceedings{gosch2023adversarial,
  title={Adversarial Training for Graph Neural Networks: Pitfalls, Solutions, and New Directions},
  author={Lukas Gosch and Simon Geisler and Daniel Sturm and Bertrand Charpentier and Daniel Z{\"u}gner and Stephan G{\"u}nnemann},
  booktitle={Thirty-seventh Conference on Neural Information Processing Systems},
  year={2023},
  url={https://openreview.net/forum?id=GPtroppvUM}
}

@inproceedings{suter2019robustly,
  title={Robustly disentangled causal mechanisms: Validating deep representations for interventional robustness},
  author={Suter, Raphael and Miladinovic, Djordje and Sch{\"o}lkopf, Bernhard and Bauer, Stefan},
  booktitle={International Conference on Machine Learning},
  pages={6056--6065},
  year={2019},
  organization={PMLR}
}

@inproceedings{watson2021local,
  title={Local explanations via necessity and sufficiency: Unifying theory and practice},
  author={Watson, David S and Gultchin, Limor and Taly, Ankur and Floridi, Luciano},
  booktitle={Uncertainty in Artificial Intelligence},
  pages={1382--1392},
  year={2021},
  organization={PMLR}
}


% ============================================================================
% OOD and Explanations
% ============================================================================

% general
@inproceedings{slack2020fooling,
  title={Fooling lime and shap: Adversarial attacks on post hoc explanation methods},
  author={Slack, Dylan and Hilgard, Sophie and Jia, Emily and Singh, Sameer and Lakkaraju, Himabindu},
  booktitle={Proceedings of the AAAI/ACM Conference on AI, Ethics, and Society},
  pages={180--186},
  year={2020}
}

% general
@article{hase2021out,
  title={The out-of-distribution problem in explainability and search methods for feature importance explanations},
  author={Hase, Peter and Xie, Harry and Bansal, Mohit},
  journal={Advances in neural information processing systems},
  volume={34},
  pages={3650--3666},
  year={2021}
}

% general
@inproceedings{marques2022delivering,
  title={Delivering Trustworthy AI through formal XAI},
  author={Marques-Silva, Joao and Ignatiev, Alexey},
  booktitle={Proceedings of the AAAI Conference on Artificial Intelligence},
  volume={36},
  pages={12342--12350},
  year={2022}
}

% PIs and robustness
@article{ignatiev2019relating,
  title={On relating explanations and adversarial examples},
  author={Ignatiev, Alexey and Narodytska, Nina and Marques-Silva, Joao},
  journal={NeurIPS},
  year={2019}
}

% MC and Pi explanations and their relations
@article{shih2018symbolic,
  title={A symbolic approach to explaining bayesian network classifiers},
  author={Shih, Andy and Choi, Arthur and Darwiche, Adnan},
  journal={arXiv preprint arXiv:1805.03364},
  year={2018}
}

% SUF and NEC logical explanations
@inproceedings{darwiche2022computation,
  title={On the computation of necessary and sufficient explanations},
  author={Darwiche, Adnan and Ji, Chunxi},
  booktitle={Proceedings of the AAAI Conference on Artificial Intelligence},
  volume={36},
  number={5},
  pages={5582--5591},
  year={2022}
}

% probabilistic sufficient explanations
@article{wang2021probabilistic,
  title={Probabilistic Sufficient Explanations},
  author={Wang, Eric and Khosravi, Pasha and Van den Broeck, Guy},
  booktitle={IJCAI},
  year={2021}
}

@incollection{marques2023logic,
  title={Logic-based explainability in machine learning},
  author={Marques-Silva, Joao},
  booktitle={Reasoning Web. Causality, Explanations and Declarative Knowledge: 18th International Summer School 2022, Berlin, Germany, September 27--30, 2022, Tutorial Lectures},
  pages={24--104},
  year={2023},
  publisher={Springer}
}

% The set of PI explanations can be "summarized" into a feature attribution vector
@article{yu2023formal,
  title={On formal feature attribution and its approximation},
  author={Yu, Jinqiang and Ignatiev, Alexey and Stuckey, Peter J},
  journal={arXiv preprint arXiv:2307.03380},
  year={2023}
}

@article{camburu2020struggles,
  title={The struggles of feature-based explanations: Shapley values vs. minimal sufficient subsets},
  author={Camburu, Oana-Maria and Giunchiglia, Eleonora and Foerster, Jakob and Lukasiewicz, Thomas and Blunsom, Phil},
  journal={arXiv preprint arXiv:2009.11023},
  year={2020}
}

% general
@article{darwiche2023complete,
  title={On the (complete) reasons behind decisions},
  author={Darwiche, Adnan and Hirth, Auguste},
  journal={Journal of Logic, Language and Information},
  volume={32},
  number={1},
  pages={63--88},
  year={2023},
  publisher={Springer}
}

% general
@inproceedings{bordt2022post,
  title={Post-hoc explanations fail to achieve their purpose in adversarial contexts},
  author={Bordt, Sebastian and Finck, Mich{\`e}le and Raidl, Eric and von Luxburg, Ulrike},
  booktitle={Proceedings of the 2022 ACM Conference on Fairness, Accountability, and Transparency},
  pages={891--905},
  year={2022}
}

% PI explanations for linear models in poly-time
@inproceedings{marquessilva20naivebayes,
author = {Marques-Silva, Joao and Gerspacher, Thomas and Cooper, Martin C. and Ignatiev, Alexey and Narodytska, Nina},
title = {Explaining naive bayes and other linear classifiers with polynomial time and delay},
year = {2020},
isbn = {9781713829546},
booktitle = {Proceedings of the 34th International Conference on Neural Information Processing Systems},
articleno = {1729},
numpages = {11},
series = {NIPS '20}
}

% GNN
@article{gunnemann2022graph,
  title={Graph neural networks: Adversarial robustness},
  author={G{\"u}nnemann, Stephan},
  journal={Graph Neural Networks: Foundations, Frontiers, and Applications},
  pages={149--176},
  year={2022},
  publisher={Springer}
}

% GNN
@article{amara2023ginx,
  title={GInX-Eval: Towards In-Distribution Evaluation of Graph Neural Network Explanations},
  author={Amara, Kenza and El-Assady, Mennatallah and Ying, Rex},
  journal={arXiv preprint arXiv:2309.16223},
  year={2023}
}

%Adversarial Robustness
@incollection{GNNBook-ch8-gunnemann,
author = "G{\"u}nnemann, Stephan",
editor = "Wu, Lingfei and Cui, Peng and Pei, Jian and Zhao, Liang",
title = "Graph Neural Networks: Adversarial Robustness",
booktitle = "Graph Neural Networks: Foundations, Frontiers, and Applications",
year = "2022",
publisher = "Springer Singapore",
address = "Singapore",
pages = "149--176",
}


% ============================================================================
% CBMs and CBEs
% ============================================================================

@inproceedings{kim2018interpretability,
  title={{Interpretability beyond Feature Attribution: Quantitative Testing with Concept Activation Vectors (TCAV)}},
  author={Kim, Been and Wattenberg, Martin and Gilmer, Justin and Cai, Carrie and Wexler, James and Viegas, Fernanda and others},
  booktitle={International conference on machine learning},
  pages={2668--2677},
  year={2018},
  organization={PMLR}
}

@article{schwalbe2022concept,
  title={Concept embedding analysis: A review},
  author={Schwalbe, Gesina},
  journal={arXiv preprint arXiv:2203.13909},
  year={2022}
}

@article{marconato2023interpretability,
  title={Interpretability Is in the Mind of the Beholder: A Causal Framework for Human-Interpretable Representation Learning},
  author={Marconato, Emanuele and Passerini, Andrea and Teso, Stefano},
  journal={Entropy},
  volume={25},
  number={12},
  pages={1574},
  year={2023},
  publisher={MDPI}
}

% ProtoPNet
@article{chen2019looks,
  title={This Looks Like That: Deep Learning for Interpretable Image Recognition},
  author={Chen, Chaofan and Li, Oscar and Tao, Daniel and Barnett, Alina and Rudin, Cynthia and Su, Jonathan K},
  journal={Advances in Neural Information Processing Systems},
  volume={32},
  pages={8930--8941},
  year={2019}
}

% CW
@article{chen2020concept,
  title={Concept whitening for interpretable image recognition},
  author={Chen, Zhi and Bei, Yijie and Rudin, Cynthia},
  journal={Nature Machine Intelligence},
  volume={2},
  number={12},
  pages={772--782},
  year={2020},
  publisher={Nature Publishing Group}
}

% TESNET
@inproceedings{wang2021interpretable,
  title={Interpretable image recognition by constructing transparent embedding space},
  author={Wang, Jiaqi and Liu, Huafeng and Wang, Xinyue and Jing, Liping},
  booktitle={ICCV},
  pages={895--904},
  year={2021}
}

% Issues with ProtPNets
@inproceedings{nauta2021looks,
  title={This looks like that, because... explaining prototypes for interpretable image recognition},
  author={Nauta, Meike and Jutte, Annemarie and Provoost, Jesper and Seifert, Christin},
  booktitle={Joint European Conference on Machine Learning and Knowledge Discovery in Databases},
  pages={441--456},
  year={2021},
  organization={Springer}
}

% Issues with ProtPNets
@article{hoffmann2021looks,
  title={This Looks Like That... Does it? Shortcomings of Latent Space Prototype Interpretability in Deep Networks},
  author={Hoffmann, Adrian and Fanconi, Claudio and Rade, Rahul and Kohler, Jonas},
  journal={arXiv preprint arXiv:2105.02968},
  year={2021}
}

% Leakage
@article{margeloiu2021concept,
  title={Do Concept Bottleneck Models Learn as Intended?},
  author={Margeloiu, Andrei and Ashman, Matthew and Bhatt, Umang and Chen, Yanzhi and Jamnik, Mateja and Weller, Adrian},
  journal={arXiv preprint arXiv:2105.04289},
  year={2021}
}

% Leakage
@inproceedings{mahinpei2021promises,
  title={Promises and pitfalls of black-box concept learning models},
  author={Mahinpei, Anita and Clark, Justin and Lage, Isaac and Doshi-Velez, Finale and Pan, Weiwei},
  booktitle = {International Conference on Machine Learning: Workshop on Theoretic Foundation, Criticism, and Application Trend of Explainable AI},
  volume = {1},
  pages = {1-13},
  year={2021}
}

% GlanceNets, Leakage
@inproceedings{marconato2022glancenets,
  title={GlanceNets: Interpretabile, Leak-proof Concept-based Models},
  author={Marconato, Emanuele and Passerini, Andrea and Teso, Stefano},
  booktitle={NeurIPS},
  year={2022}
}

% CEM
@inproceedings{espinosa2022concept,
  title={Concept Embedding Models},
  author={Espinosa Zarlenga, Mateo and Barbiero, Pietro and Ciravegna, Gabriele and Marra, Giuseppe and Giannini, Francesco and Diligenti, Michelangelo and Shams, Zohreh and Precioso, Frederic and Melacci, Stefano and Weller, Adrian and Li{\`o}, Pietro and Jamnik, Mateja},
  journal={NeurIPS},
  year={2022}
}



% ============================================================================
% Code and Data
% ============================================================================

@misc{pyg,
    author       = {PyG team},
    title        = {Pytorch geometric},
    url          = {https://pytorch-geometric.readthedocs.io/en/stable/},
    journal={Pytorch Geometric}
} 

% Barabasi-Albert graphs
@article{albert2002statistical,
  title={Statistical mechanics of complex networks},
  author={Albert, R{\'e}ka and Barab{\'a}si, Albert-L{\'a}szl{\'o}},
  journal={Reviews of modern physics},
  volume={74},
  number={1},
  pages={47},
  year={2002},
  publisher={APS}
}

% BA2Motif
@article{luo2020parameterized,
  title={Parameterized explainer for graph neural network},
  author={Luo, Dongsheng and Cheng, Wei and Xu, Dongkuan and Yu, Wenchao and Zong, Bo and Chen, Haifeng and Zhang, Xiang},
  journal={Advances in neural information processing systems},
  volume={33},
  pages={19620--19631},
  year={2020}
}

@inproceedings{bajaj2021robust,
title={Robust Counterfactual Explanations on Graph Neural Networks},
author={Mohit Bajaj and Lingyang Chu and Zi Yu Xue and Jian Pei and Lanjun Wang and Peter Cho-Ho Lam and Yong Zhang},
booktitle={Advances in Neural Information Processing Systems},
editor={A. Beygelzimer and Y. Dauphin and P. Liang and J. Wortman Vaughan},
year={2021},
url={https://openreview.net/forum?id=wGmOLwb8ClT}
}

@misc{li2024underfire,
      title={Explainable Graph Neural Networks Under Fire}, 
      author={Zhong Li and Simon Geisler and Yuhang Wang and Stephan Günnemann and Matthijs van Leeuwen},
      year={2024},
      eprint={2406.06417},
      archivePrefix={arXiv},
      primaryClass={cs.LG},
      url={https://arxiv.org/abs/2406.06417}, 
}

% BBBP
@article{wu2018moleculenet,
  title={MoleculeNet: a benchmark for molecular machine learning},
  author={Wu, Zhenqin and Ramsundar, Bharath and Feinberg, Evan N and Gomes, Joseph and Geniesse, Caleb and Pappu, Aneesh S and Leswing, Karl and Pande, Vijay},
  journal={Chemical science},
  volume={9},
  number={2},
  pages={513--530},
  year={2018},
  publisher={Royal Society of Chemistry}
}

% MUTAG
@article{debnath1991structure,
  title={Structure-activity relationship of mutagenic aromatic and heteroaromatic nitro compounds. correlation with molecular orbital energies and hydrophobicity},
  author={Debnath, Asim Kumar and Lopez de Compadre, Rosa L and Debnath, Gargi and Shusterman, Alan J and Hansch, Corwin},
  journal={Journal of medicinal chemistry},
  volume={34},
  number={2},
  pages={786--797},
  year={1991},
  publisher={ACS Publications}
}

% TUDataset
@article{morris2020tudataset,
  title={Tudataset: A collection of benchmark datasets for learning with graphs},
  author={Morris, Christopher and Kriege, Nils M and Bause, Franka and Kersting, Kristian and Mutzel, Petra and Neumann, Marion},
  journal={arXiv preprint arXiv:2007.08663},
  year={2020}
}

% BAMultiShapes
@inproceedings{azzolin2022global,
  title={Global Explainability of GNNs via Logic Combination of Learned Concepts},
  author={Azzolin, Steve and Longa, Antonio and Barbiero, Pietro and Lio, Pietro and Passerini, Andrea},
  booktitle={The Eleventh International Conference on Learning Representations},
  year={2022}
}

@inproceedings{armgaan2024graphtrail,
    title={GraphTrail: Translating {GNN} Predictions into Human-Interpretable Logical Rules},
    author={Burouj Armgaan and Manthan Dalmia and Sourav Medya and Sayan Ranu},
    booktitle={The Thirty-eighth Annual Conference on Neural Information Processing Systems},
    year={2024},
    url={https://openreview.net/forum?id=fzlMza6dRZ}
}

@inproceedings{gui2022good,
title={{GOOD}: A Graph Out-of-Distribution Benchmark},
author={Shurui Gui and Xiner Li and Limei Wang and Shuiwang Ji},
booktitle={Thirty-sixth Conference on Neural Information Processing Systems Datasets and Benchmarks Track},
year={2022},
url={https://openreview.net/forum?id=8hHg-zs_p-h}
}

@article{hu2022graphloc,
  title={GraphLoc: a graph neural network model for predicting protein subcellular localization from immunohistochemistry images},
  author={Hu, Jin-Xian and Yang, Yang and Xu, Ying-Ying and Shen, Hong-Bin},
  journal={Bioinformatics},
  volume={38},
  number={21},
  pages={4941--4948},
  year={2022},
  publisher={Oxford University Press}
}


@article{Vogel:2017faa,
author = {Vogel, Paul and Hanswillemenke, Alfred and Stafforst, Thorsten},
title = {{Switching Protein Localization by Site-Directed RNA Editing under Control of Light.}},
journal = {ACS synthetic biology},
year = {2017},
volume = {6},
number = {9},
pages = {1642--1649},
month = sep
}





% ============================================================================
% Misc
% ============================================================================

@article{Tishby2000TheIB,
  title={The information bottleneck method},
  author={Naftali Tishby and Fernando C Pereira and William Bialek},
  journal={ArXiv},
  year={2000},
  volume={physics/0004057},
  url={https://api.semanticscholar.org/CorpusID:8936496}
}

@inproceedings{maiorca2023translation,
  title     = {Latent Space Translation via Semantic Alignment},
  author    = {Maiorca, Valentino and Moschella, Luca and Norelli, Antonio and Fumero, Marco and Locatello, Francesco and Rodol{\`a}, Emanuele},
  booktitle = {Thirty-seventh Conference on Neural Information Processing Systems},
  year      = {2023},
}

@article{vaswani2017attention,
  title={Attention is all you need},
  author={Vaswani, Ashish and Shazeer, Noam and Parmar, Niki and Uszkoreit, Jakob and Jones, Llion and Gomez, Aidan N and Kaiser, {\L}ukasz and Polosukhin, Illia},
  journal={Advances in neural information processing systems},
  volume={30},
  year={2017}
}

@article{jang2016categorical,
  title={Categorical reparameterization with gumbel-softmax},
  author={Jang, Eric and Gu, Shixiang and Poole, Ben},
  journal={arXiv preprint arXiv:1611.01144},
  year={2016}
}

% STE estimator
@article{bengio2013estimating,
  title={Estimating or propagating gradients through stochastic neurons for conditional computation},
  author={Bengio, Yoshua and L{\'e}onard, Nicholas and Courville, Aaron},
  journal={arXiv preprint arXiv:1308.3432},
  year={2013}
}

% IMLE
@inproceedings{niepert21imle,
  author    = {Mathias Niepert and
               Pasquale Minervini and
               Luca Franceschi},
  title     = {Implicit {MLE:} Backpropagating Through Discrete Exponential Family
               Distributions},
  booktitle = {NeurIPS},
  series    = {Proceedings of Machine Learning Research},
  publisher = {{PMLR}},
  year      = {2021}
}

@article{redko2020survey,
  title={A survey on domain adaptation theory: learning bounds and theoretical guarantees},
  author={Redko, Ievgen and Morvant, Emilie and Habrard, Amaury and Sebban, Marc and Bennani, Youn{\`e}s},
  journal={arXiv preprint arXiv:2004.11829},
  year={2020}
}

@misc{agarwal2024faithfulness,
      title={Faithfulness vs. Plausibility: On the (Un)Reliability of Explanations from Large Language Models}, 
      author={Chirag Agarwal and Sree Harsha Tanneru and Himabindu Lakkaraju},
      year={2024},
      eprint={2402.04614},
      archivePrefix={arXiv},
      primaryClass={cs.CL}
}

@inproceedings{Koh2020,
  author    = {Pang Wei Koh and
               Thao Nguyen and
               Yew Siang Tang and
               Stephen Mussmann and
               Emma Pierson and
               Been Kim and
               Percy Liang},
  title     = {Concept Bottleneck Models},
  booktitle = {International Conference on Machine Learning
               ({ICML})},
  series    = {Proceedings of Machine Learning Research},
  volume    = {119},
  pages     = {5338--5348},
  publisher = {{PMLR}},
  year      = {2020}
}

@inproceedings{ahuja2021invariance,
    title={Invariance Principle Meets Information Bottleneck for Out-of-Distribution Generalization},
    author={Kartik Ahuja and Ethan Caballero and Dinghuai Zhang and Jean-Christophe Gagnon-Audet and Yoshua Bengio and Ioannis Mitliagkas and Irina Rish},
    booktitle={Advances in Neural Information Processing Systems},
    editor={A. Beygelzimer and Y. Dauphin and P. Liang and J. Wortman Vaughan},
    year={2021},
    url={https://openreview.net/forum?id=jlchsFOLfeF}
}

@misc{azzolin2024perkspitfalls,
      title={Perks and Pitfalls of Faithfulness in Regular, Self-Explainable and Domain Invariant GNNs}, 
      author={Steve Azzolin and Antonio Longa and Stefano Teso and Andrea Passerini},
      year={2024},
      eprint={2406.15156},
      archivePrefix={arXiv},
      primaryClass={cs.LG},
      url={https://arxiv.org/abs/2406.15156}, 
}

@article{preservation,
author = {Atserias, Albert and Dawar, Anuj and Grohe, Martin},
title = {Preservation under Extensions on Well-Behaved Finite Structures},
journal = {SIAM Journal on Computing},
volume = {38},
number = {4},
pages = {1364-1381},
year = {2008},
doi = {10.1137/060658709},
}

@incollection{darwiche2020reasons,
  title={On the Reasons Behind Decisions},
  author={Darwiche, Adnan and Hirth, Auguste},
  booktitle={ECAI 2020},
  pages={712--720},
  year={2020},
  publisher={IOS Press}
}



%%%%
% Chemical references
%%%%

%ToxAlerts
@article{Sushko2012toxalerts,
    author = {Sushko, Iurii and Salmina, Elena and Potemkin, Vladimir A. and Poda, Gennadiy and Tetko, Igor V.},
    title = {ToxAlerts: A Web Server of Structural Alerts for Toxic Chemicals and Compounds with Potential Adverse Reactions},
    journal = {Journal of Chemical Information and Modeling},
    volume = {52},
    number = {8},
    pages = {2310-2316},
    year = {2012},
    doi = {10.1021/ci300245q},
}

% Mutual Information Estimation is Hard
@article{kraskov2004estimating,
  title={Estimating mutual information},
  author={Kraskov, Alexander and St{\"o}gbauer, Harald and Grassberger, Peter},
  journal={Physical Review E—Statistical, Nonlinear, and Soft Matter Physics},
  volume={69},
  number={6},
  pages={066138},
  year={2004},
  publisher={APS}
}

% Mutual Information Estimation is Hard
@inproceedings{mcallester2020formal,
  title={Formal limitations on the measurement of mutual information},
  author={McAllester, David and Stratos, Karl},
  booktitle={International Conference on Artificial Intelligence and Statistics},
  pages={875--884},
  year={2020},
  organization={PMLR}
}

% Visual prototypes can be ambigous
@article{pach2024lucidppn,
  title={LucidPPN: Unambiguous Prototypical Parts Network for User-centric Interpretable Computer Vision},
  author={Pach, Mateusz and Rymarczyk, Dawid and Lewandowska, Koryna and Tabor, Jacek and Zieli{\'n}ski, Bartosz},
  journal={arXiv preprint arXiv:2405.14331},
  year={2024}
}

% LEN
@inproceedings{barbiero2022entropy,
  title={Entropy-based logic explanations of neural networks},
  author={Barbiero, Pietro and Ciravegna, Gabriele and Giannini, Francesco and Li{\'o}, Pietro and Gori, Marco and Melacci, Stefano},
  booktitle={Proceedings of the AAAI Conference on Artificial Intelligence},
  volume={36},
  pages={6046--6054},
  year={2022}
}

% Concept leakage
@inproceedings{havasi2022addressing,
    title={Addressing Leakage in Concept Bottleneck Models},
    author={Marton Havasi and Sonali Parbhoo and Finale Doshi-Velez},
    booktitle={Advances in Neural Information Processing Systems},
    editor={Alice H. Oh and Alekh Agarwal and Danielle Belgrave and Kyunghyun Cho},
    year={2022},
    url={https://openreview.net/forum?id=tglniD_fn9}
}

@article{giannini2024interpretable,
  title={Interpretable graph networks formulate universal algebra conjectures},
  author={Giannini, Francesco and Fioravanti, Stefano and Keskin, Oguzhan and Lupidi, Alisia and Magister, Lucie Charlotte and Li{\'o}, Pietro and Barbiero, Pietro},
  journal={Advances in Neural Information Processing Systems},
  volume={36},
  year={2024}
}

@article{barabasi1999emergence,
  title={Emergence of scaling in random networks},
  author={Barab{\'a}si, Albert-L{\'a}szl{\'o} and Albert, R{\'e}ka},
  journal={science},
  volume={286},
  number={5439},
  pages={509--512},
  year={1999},
  publisher={American Association for the Advancement of Science}
}

@article{erdds1959random,
  title={On random graphs I},
  author={Erdos, Paul and R{\'e}nyi, Alfr{\'e}d and others},
  journal={Publ. math. debrecen},
  volume={6},
  number={290-297},
  pages={18},
  year={1959}
}

@article{knyazev2019understanding,
  title={Understanding attention and generalization in graph neural networks},
  author={Knyazev, Boris and Taylor, Graham W and Amer, Mohamed},
  journal={Advances in neural information processing systems},
  volume={32},
  year={2019}
}

@inproceedings{riesen2008iam,
  title={IAM graph database repository for graph based pattern recognition and machine learning},
  author={Riesen, Kaspar and Bunke, Horst},
  booktitle={Structural, Syntactic, and Statistical Pattern Recognition: Joint IAPR International Workshop, SSPR \& SPR 2008, Orlando, USA, December 4-6, 2008. Proceedings},
  pages={287--297},
  year={2008},
  organization={Springer}
}

@article{bechler2023graph,
  title={Graph Neural Networks Use Graphs When They Shouldn't},
  author={Bechler-Speicher, Maya and Amos, Ido and Gilad-Bachrach, Ran and Globerson, Amir},
  journal={arXiv preprint arXiv:2309.04332},
  year={2023}
}

@article{bhattacharjee2024auditing,
  title={Auditing Local Explanations is Hard},
  author={Bhattacharjee, Robi and von Luxburg, Ulrike},
  journal={arXiv preprint arXiv:2407.13281},
  year={2024}
}

@article{ioffe2015batch,
  title={Batch normalization: Accelerating deep network training by reducing internal covariate shift},
  author={Ioffe, Sergey},
  journal={arXiv preprint arXiv:1502.03167},
  year={2015}
}

@inproceedings{paszke2017automatic,
  title={Automatic differentiation in PyTorch},
  author={Paszke, Adam and Gross, Sam and Chintala, Soumith and Chanan, Gregory and Yang, Edward and DeVito, Zachary and Lin, Zeming and Desmaison, Alban and Antiga, Luca and Lerer, Adam},
  booktitle={NIPS-W},
  year={2017}
}

@article{fey2019fast,
  title={Fast graph representation learning with PyTorch Geometric},
  author={Fey, Matthias and Lenssen, Jan Eric},
  journal={arXiv preprint arXiv:1903.02428},
  year={2019}
}

@article{kingma2015adam,
  title={Adam: A method for stochastic
optimization.},
  author={Kingma, D. P. and Ba, J},
  journal={In International Conference on Learning Representations},
  year={2015}
}


@inproceedings{Meel, author = {Meel, Kuldeep S. and Vinodchandran, N.V. and Chakraborty, Sourav}, title = {Estimating the Size of Union of Sets in Streaming Models}, year = {2021}, isbn = {9781450383813}, publisher = {Association for Computing Machinery}, address = {New York, NY, USA}, url = {https://doi.org/10.1145/3452021.3458333}, doi = {10.1145/3452021.3458333}, booktitle = {Proceedings of the 40th ACM SIGMOD-SIGACT-SIGAI Symposium on Principles of Database Systems}, pages = {126–137}, numpages = {12}, keywords = {streaming algorithms, klee's measure problem, dnf counting}, location = {Virtual Event, China}, series = {PODS'21} }

@article{DBLP:journals/natmi/Rudin19,
  author       = {Cynthia Rudin},
  title        = {Stop explaining black box machine learning models for high stakes
                  decisions and use interpretable models instead},
  journal      = {Nat. Mach. Intell.},
  volume       = {1},
  number       = {5},
  pages        = {206--215},
  year         = {2019},
  url          = {https://doi.org/10.1038/s42256-019-0048-x},
  doi          = {10.1038/S42256-019-0048-X},
  timestamp    = {Wed, 16 Mar 2022 23:50:17 +0100},
  biburl       = {https://dblp.org/rec/journals/natmi/Rudin19.bib},
  bibsource    = {dblp computer science bibliography, https://dblp.org}
}


@inproceedings{Transformer_Expressivity, author = {Chiang, David and Cholak, Peter and Pillay, Anand}, title = {Tighter bounds on the expressivity of transformer encoders}, year = {2023}, publisher = {JMLR.org}, abstract = {Characterizing neural networks in terms of better-understood formal systems has the potential to yield new insights into the power and limitations of these networks. Doing so for transformers remains an active area of research. Bhattamishra and others have shown that transformer encoders are at least as expressive as a certain kind of counter machine, while Merrill and Sabharwal have shown that fixed-precision transformer encoders recognize only languages in uniform TC0. We connect and strengthen these results by identifying a variant of first-order logic with counting quantifiers that is simultaneously an upper bound for fixed-precision transformer encoders and a lower bound for transformer encoders. This brings us much closer than before to an exact characterization of the languages that transformer encoders recognize.}, booktitle = {Proceedings of the 40th International Conference on Machine Learning}, articleno = {221}, numpages = {19}, location = {Honolulu, Hawaii, USA}, series = {ICML'23} }
 


@book{HP_Causality,
 ISBN = {9780262035026},
 URL = {http://www.jstor.org/stable/j.ctt1f5g5p9},
 abstract = {Causality plays a central role in the way people structure the world; we constantly seek causal explanations for our observations. But what does it even mean that an eventC"actually caused" eventE? The problem of defining actual causation goes beyond mere philosophical speculation. For example, in many legal arguments, it is precisely what needs to be established in order to determine responsibility. The philosophy literature has been struggling with the problem of defining causality since Hume.In this book, Joseph Halpern explores actual causality, and such related notions as degree of responsibility, degree of blame, and causal explanation. The goal is to arrive at a definition of causality that matches our natural language usage and is helpful, for example, to a jury deciding a legal case, a programmer looking for the line of code that cause some software to fail, or an economist trying to determine whether austerity caused a subsequent depression.Halpern applies and expands an approach to causality that he and Judea Pearl developed, based on structural equations. He carefully formulates a definition of causality, and building on this, defines degree of responsibility, degree of blame, and causal explanation. He concludes by discussing how these ideas can be applied to such practical problems as accountability and program verification. Technical details are generally confined to the final section of each chapter and can be skipped by non-mathematical readers.},
 author = {Joseph Y. Halpern},
 publisher = {The MIT Press},
 title = {Actual Causality},
 urldate = {2024-12-15},
 year = {2016}
}

@inproceedings{KR2024-86,
    title     = {{Logical Distillation of Graph Neural Networks}},
    author    = {Pluska, Alexander and Welke, Pascal and Gärtner, Thomas and Malhotra, Sagar},
    booktitle = {{Proceedings of the 21st International Conference on Principles of Knowledge Representation and Reasoning}},
    pages     = {920--930},
    year      = {2024},
    month     = {8},
    doi       = {10.24963/kr.2024/86},
    url       = {https://doi.org/10.24963/kr.2024/86},
  }

  @inproceedings{ijcai2023p400,
  title     = {Deep Symbolic Learning: Discovering Symbols and Rules from Perceptions},
  author    = {Daniele, Alessandro and Campari, Tommaso and Malhotra, Sagar and Serafini, Luciano},
  booktitle = {Proceedings of the Thirty-Second International Joint Conference on
               Artificial Intelligence, {IJCAI-23}},
  publisher = {International Joint Conferences on Artificial Intelligence Organization},
  editor    = {Edith Elkind},
  pages     = {3597--3605},
  year      = {2023},
  month     = {8},
  note      = {Main Track},
  doi       = {10.24963/ijcai.2023/400},
  url       = {https://doi.org/10.24963/ijcai.2023/400},
}

@inproceedings{
indri2024distillation,
title={Distillation based Robustness Verification with {PAC} Guarantees},
author={Patrick Indri and Peter Blohm and Anagha Athavale and Ezio Bartocci and Georg Weissenbacher and Matteo Maffei and Dejan Nickovic and Thomas G{\"a}rtner and Sagar Malhotra},
booktitle={ICML 2024 Next Generation of AI Safety Workshop},
year={2024},
url={https://openreview.net/forum?id=vflefS3lmB}
}

@inproceedings{E_NET,
  author       = {David Haussler and
                  Emo Welzl},
  editor       = {Alok Aggarwal},
  title        = {Epsilon-Nets and Simplex Range Queries},
  booktitle    = {Proceedings of the Second Annual {ACM} {SIGACT/SIGGRAPH} Symposium
                  on Computational Geometry, Yorktown Heights, NY, USA, June 2-4, 1986},
  pages        = {61--71},
  publisher    = {{ACM}},
  year         = {1986},
  url          = {https://doi.org/10.1145/10515.10522},
  doi          = {10.1145/10515.10522},
  timestamp    = {Mon, 14 Jun 2021 16:25:24 +0200},
  biburl       = {https://dblp.org/rec/conf/compgeom/HausslerW86.bib},
  bibsource    = {dblp computer science bibliography, https://dblp.org}
}

@inproceedings{VC_Dimension,
  author       = {Austin Watkins and
                  Jeff M. Phillips},
  editor       = {Yeganeh Bahoo and
                  Konstantinos Georgiou},
  title        = {Using Existential Theory of the Reals to Bound {VC} Dimension},
  booktitle    = {Proceedings of the 34th Canadian Conference on Computational Geometry,
                  {CCCG} 2022, Toronto Metropolitan University, Toronto, Ontario, Canada,
                  August 25-27, 2022},
  pages        = {314--321},
  year         = {2022},
  timestamp    = {Wed, 23 Nov 2022 15:47:11 +0100},
  biburl       = {https://dblp.org/rec/conf/cccg/WatkinsP22.bib},
  bibsource    = {dblp computer science bibliography, https://dblp.org}
}

@article{PI_Causal,
  author       = {Clemens Dubslaff and
                  Kallistos Weis and
                  Christel Baier and
                  Sven Apel},
  title        = {Causality in Configurable Software Systems},
  journal      = {CoRR},
  volume       = {abs/2201.07280},
  year         = {2022},
  url          = {https://arxiv.org/abs/2201.07280},
  eprinttype    = {arXiv},
  eprint       = {2201.07280},
  timestamp    = {Fri, 21 Jan 2022 13:57:15 +0100},
  biburl       = {https://dblp.org/rec/journals/corr/abs-2201-07280.bib},
  bibsource    = {dblp computer science bibliography, https://dblp.org}
}


@article{Local_Certification,
  author       = {Laurent Feuilloley},
  title        = {Introduction to local certification},
  journal      = {Discret. Math. Theor. Comput. Sci.},
  volume       = {23},
  number       = {3},
  year         = {2021},
  url          = {https://doi.org/10.46298/dmtcs.6280},
  doi          = {10.46298/DMTCS.6280},
  timestamp    = {Tue, 24 Jan 2023 10:48:24 +0100},
  biburl       = {https://dblp.org/rec/journals/dmtcs/Feuilloley21.bib},
  bibsource    = {dblp computer science bibliography, https://dblp.org}
}

@article{GRADEL199973,
  title = {On logics with two variables},
  author = {Erich Grädel and Martin Otto},
  journal = {Theoretical Computer Science},
  volume = {224},
  number = {1},
  pages = {73-113},
  year = {1999},
}

@InProceedings{Non_Par_Graphon,
  title = 	 {A Consistent Histogram Estimator for Exchangeable Graph Models},
  author = 	 {Chan, Stanley and Airoldi, Edoardo},
  booktitle = 	 {Proceedings of the 31st International Conference on Machine Learning},
  pages = 	 {208--216},
  year = 	 {2014},
  editor = 	 {Xing, Eric P. and Jebara, Tony},
  volume = 	 {32},
  number =       {1},
  series = 	 {Proceedings of Machine Learning Research}
}

@article{PI_Sufficient_same,
  author       = {Adnan Darwiche and
                  Auguste Hirth},
  title        = {On The Reasons Behind Decisions},
  journal      = {CoRR},
  volume       = {abs/2002.09284},
  year         = {2020},
  url          = {https://arxiv.org/abs/2002.09284},
  eprinttype    = {arXiv},
  eprint       = {2002.09284},
  timestamp    = {Mon, 02 Mar 2020 16:46:06 +0100},
  biburl       = {https://dblp.org/rec/journals/corr/abs-2002-09284.bib},
  bibsource    = {dblp computer science bibliography, https://dblp.org}
}

@misc{edgecover,
  author       = {Weisstein, Eric W.},
  title        = {Edge Cover},
  year         = {2025},
  url          = {https://mathworld.wolfram.com/EdgeCover.html},
  urldate      = {2025-01-26}
}

@inproceedings{yuan2021explainability,
  title={On explainability of graph neural networks via subgraph explorations},
  author={Yuan, Hao and Yu, Haiyang and Wang, Jie and Li, Kang and Ji, Shuiwang},
  booktitle={International conference on machine learning},
  pages={12241--12252},
  year={2021},
  organization={PMLR}
}

% Graph Additive GNN
@inproceedings{bechler-speicher2024gnan,
    title={The Intelligible and Effective Graph Neural Additive Network},
    author={Maya Bechler-Speicher and Amir Globerson and Ran Gilad-Bachrach},
    booktitle={The Thirty-eighth Annual Conference on Neural Information Processing Systems},
    year={2024},
    url={https://openreview.net/forum?id=SKY1ScUTwA}
}

@inproceedings{sundararajan2017axiomatic,
  title={Axiomatic attribution for deep networks},
  author={Sundararajan, Mukund and Taly, Ankur and Yan, Qiqi},
  booktitle={International conference on machine learning},
  pages={3319--3328},
  year={2017},
  organization={PMLR}
}

@book{klement2013triangular,
  title={Triangular norms},
  author={Klement, Erich Peter and Mesiar, Radko and Pap, Endre},
  volume={8},
  year={2013},
  publisher={Springer Science \& Business Media}
}

% Generative model with substructures
@inproceedings{jin2020multi,
  title={Multi-objective molecule generation using interpretable substructures},
  author={Jin, Wengong and Barzilay, Regina and Jaakkola, Tommi},
  booktitle={International conference on machine learning},
  pages={4849--4859},
  year={2020},
  organization={PMLR}
}


@InProceedings{lukovnikov2021longrange,
  title = 	 {Improving Breadth-Wise Backpropagation in Graph Neural Networks Helps Learning Long-Range Dependencies.},
  author =       {Lukovnikov, Denis and Fischer, Asja},
  booktitle = 	 {Proceedings of the 38th International Conference on Machine Learning},
  pages = 	 {7180--7191},
  year = 	 {2021},
  editor = 	 {Meila, Marina and Zhang, Tong},
  volume = 	 {139},
  series = 	 {Proceedings of Machine Learning Research},
  month = 	 {18--24 Jul},
  publisher =    {PMLR},
}

@inproceedings{gravina2022antisym,
  title={Anti-Symmetric DGN: a stable architecture for Deep Graph Networks},
  author={Gravina, Alessio and Bacciu, Davide and Gallicchio, Claudio},
  booktitle={The Eleventh International Conference on Learning Representations},
  year={2022}
}

@InProceedings{Ignatiev2015PIrecoverformula,
    author="Ignatiev, Alexey
    and Previti, Alessandro
    and Marques-Silva, Joao",
    title="SAT-Based Formula Simplification",
    booktitle="Theory and Applications of Satisfiability Testing -- SAT 2015",
    year="2015",
    publisher="Springer International Publishing",
    pages="287--298",
}

