@misc{ABCNotation, 
  title={The abcnotation.com wiki},
  url={https://abcnotation.com/wiki/}, 
  journal={https://abcnotation.com/}, 
  author={{ABC Notation}}
}

@misc{MAKEMUSIC, 
  title={MusicXML for exchanging digital sheet music}, 
  url={https://www.musicxml.com/}, 
  journal={MusicXML}, 
  author={MAKEMUSIC, INC.}, 
  year={2022}, 
  month={Dec}
}

@misc{MUSICNOTATIONCOMMUNITYGROUP, 
  title={MusicXML}, 
  url={https://www.w3.org/2021/06/musicxml40/}, 
  journal={W3C}, 
  author={{MUSIC NOTATION COMMUNITY GROUP}}
}

@article{de2017understanding,
  title={Understanding MIDI: A Painless Tutorial on Midi Format},
  author={de Oliveira, HM and de Oliveira, RC},
  journal={arXiv e-prints},
  pages={arXiv--1705},
  year={2017}
}

