@misc{ABCNotation, 
  title={The abcnotation.com wiki},
  url={https://abcnotation.com/wiki/}, 
  journal={https://abcnotation.com/}, 
  author={{ABC Notation}}
} 

@inproceedings{banar2022systematic,
  title={A systematic evaluation of GPT-2-based music generation},
  author={Banar, Berker and Colton, Simon},
  booktitle={International Conference on Computational Intelligence in Music, Sound, Art and Design (Part of EvoStar)},
  pages={19--35},
  year={2022},
  organization={Springer}
}

@inproceedings{geerlings2020interacting,
  title={Interacting with GPT-2 to generate controlled and believable musical sequences in ABC notation},
  author={Geerlings, Carina and Merono-Penuela, Albert},
  booktitle={Proceedings of the 1st Workshop on NLP for Music and Audio (NLP4MusA)},
  pages={49--53},
  year={2020}
}

@article{heilbron2019tracking,
  title={Tracking Naturalistic Linguistic Predictions with Deep Neural Language Models},
  author={Micha Heilbron and Benedikt V. Ehinger and Peter Hagoort and Floris P. de Lange},
  journal={2019 Conference on Cognitive Computational Neuroscience},
  year={2019}
}

@article{huang2023noise2music,
  title={Noise2music: Text-conditioned music generation with diffusion models},
  author={Huang, Qingqing and Park, Daniel S and Wang, Tao and Denk, Timo I and Ly, Andy and Chen, Nanxin and Zhang, Zhengdong and Zhang, Zhishuai and Yu, Jiahui and Frank, Christian and others},
  journal={arXiv preprint arXiv:2302.03917},
  year={2023}
}

@inproceedings{lin2004rouge,
  title={Rouge: A package for automatic evaluation of summaries},
  author={Lin, Chin-Yew},
  booktitle={Text summarization branches out},
  pages={74--81},
  year={2004}
}

@inproceedings{loshchilov2017decoupled,
  title={Decoupled Weight Decay Regularization},
  author={Ilya Loshchilov and Frank Hutter},
  booktitle={International Conference on Learning Representations},
  year={2017}
}

@misc{MAKEMUSIC, 
  title={MusicXML for exchanging digital sheet music}, 
  url={https://www.musicxml.com/}, 
  journal={MusicXML}, 
  author={MAKEMUSIC, INC.}, 
  year={2022}, 
  month={Dec}
} 

@misc{MUSICNOTATIONCOMMUNITYGROUP, 
  title={MusicXML}, 
  url={https://www.w3.org/2021/06/musicxml40/}, 
  journal={W3C}, 
  author={{MUSIC NOTATION COMMUNITY GROUP}}
} 

@article{de2017understanding,
  title={Understanding MIDI: A Painless Tutorial on Midi Format},
  author={de Oliveira, HM and de Oliveira, RC},
  journal={arXiv e-prints},
  pages={arXiv--1705},
  year={2017}
}

@inproceedings{papineni2002bleu,
  title={Bleu: a method for automatic evaluation of machine translation},
  author={Papineni, Kishore and Roukos, Salim and Ward, Todd and Zhu, Wei-Jing},
  booktitle={Proceedings of the 40th annual meeting of the Association for Computational Linguistics},
  pages={311--318},
  year={2002}
}

@article{radford2019language,
  title={Language models are unsupervised multitask learners},
  author={Radford, Alec and Wu, Jeffrey and Child, Rewon and Luan, David and Amodei, Dario and Sutskever, Ilya and others},
  journal={OpenAI blog},
  volume={1},
  number={8},
  pages={9},
  year={2019}
}

@article{vaswani2017attention,
  title={Attention is all you need},
  author={Vaswani, A},
  journal={Advances in Neural Information Processing Systems},
  year={2017}
}
