% Long form of conference & journal abbreviations -- especially for camera ready
@String(PAMI  = {IEEE Trans. Pattern Anal. Mach. Intell.})
@String(IJCV  = {Int. J. Comput. Vis.})
@String(CVPR  = {IEEE Conf. Comput. Vis. Pattern Recog.})
@String(ICCV  = {Int. Conf. Comput. Vis.})
@String(ECCV  = {Eur. Conf. Comput. Vis.})
@String(NeurIPS = {Adv. Neural Inform. Process. Syst.})
@String(ICML  = {Int. Conf. Mach. Learn.})
@String(ICLR  = {Int. Conf. Learn. Represent.})
@String(ACCV  = {Asian Conf. Comput. Vis.})
@String(BMVC  = {Brit. Mach. Vis. Conf.})
@String(CVPRW = {IEEE Conf. Comput. Vis. Pattern Recog. Worksh.})
@String(AAAI  = {AAAI})
@String(IJCAI = {IJCAI})
@String(ICIP  = {IEEE Int. Conf. Image Process.})
@String(ICPR  = {Int. Conf. Pattern Recog.})
@String(ICASSP=	{ICASSP})
@String(ICME  = {Int. Conf. Multimedia and Expo})
@String(JMLR  = {J. Mach. Learn. Res.})
@String(TMLR  = {Trans. Mach. Learn Res.})
@String(TOG   = {ACM Trans. Graph.})
@String(TIP   = {IEEE Trans. Image Process.})
@String(TVCG  = {IEEE Trans. Vis. Comput. Graph.})
@String(TCSVT = {IEEE Trans. Circuit Syst. Video Technol.})
@String(TMM   = {IEEE Trans. Multimedia})
@String(ACMMM = {ACM Int. Conf. Multimedia})
@String(PR    = {Pattern Recognition})

@String(MNI	  = {Nature Mach. Intell.})
@String(SPL	  = {IEEE Sign. Process. Letters})
@String(VR    = {Vis. Res.})
@String(JOV	  = {J. Vis.})
@String(TVC   = {The Vis. Comput.})
@String(JCST  = {J. Comput. Sci. Tech.})
@String(CGF   = {Comput. Graph. Forum})
@String(CVM   = {Computational Visual Media})


% Short form of conference & journal abbreviations -- especially for submission version
% if desired, remove these macros in favor of the above ones
@String(PAMI  = {IEEE TPAMI})
@String(IJCV  = {IJCV})
@String(CVPR  = {CVPR})
@String(ICCV  = {ICCV})
@String(ECCV  = {ECCV})
@String(NeurIPS = {NeurIPS})
@String(ICML  = {ICML})
@String(ICLR  = {ICLR})
@String(ACCV  = {ACCV})
@String(BMVC  =	{BMVC})
@String(CVPRW = {CVPRW})
@String(AAAI  = {AAAI})
@String(IJCAI = {IJCAI})
@String(ICIP  = {ICIP})
@String(ICPR  = {ICPR})
@String(ICASSP=	{ICASSP})
@String(ICME  =	{ICME})
@String(JMLR  = {JMLR})
@String(TMLR  = {TMLR})
@String(TOG   = {ACM TOG})
@String(TIP   = {IEEE TIP})
@String(TVCG  = {IEEE TVCG})
@String(TCSVT = {IEEE TCSVT})
@String(TMM   =	{IEEE TMM})
@String(ACMMM = {ACM MM})
@String(PR    = {PR})



@misc{Anonymous24,
 author = {Anonymous},
 title = {The frobnicatable foo filter},
 note = {{ECCV} submission ID 00324, supplied as supplemental material {\tt 00324.pdf}},
 year = 2024
}

@misc{Anonymous24b,
 author = {Anonymous},
 title = {Frobnication tutorial},
 note = {Supplied as supplemental material {\tt tr.pdf}},
 year = 2024
}

@article{Alpher02,
author = {FirstName Alpher},
title = {Frobnication},
journal = PAMI,
volume = 12,
number = 1,
pages = {234--778},
year = 2002
}

@article{Alpher03,
author = {FirstName Alpher and FirstName Fotheringham-Smythe},
title = {Frobnication revisited},
journal = {Journal of Foo},
volume = 13,
number = 1,
pages = {234--778},
year = 2003
}

@article{Alpher04,
author = {FirstName Alpher and FirstName Fotheringham-Smythe and FirstName Gamow},
title = {Can a machine frobnicate?},
journal = {Journal of Foo},
volume = 14,
number = 1,
pages = {234--778},
year = 2004
}

@inproceedings{Alpher05,
author = {FirstName Alpher and FirstName Gamow},
title = {Can a computer frobnicate?},
booktitle = CVPR,
pages = {234--778},
year = 2005
}

@book{ECCV2022,
    editor = {Shai Avidan and Gabriel Brostow and Moustapha Ciss√© and Giovanni Maria Farinella and Tal Hassner},
    title = {Computer Vision -- ECCV 2022},
    year = {2022},
    publisher = {Springer},
    doi = {10.1007/978-3-031-19769-7}
}



@article{Base,
  title={Unsupervised Statistical Learning for Die Analysis in Ancient Numismatics},
  author={Heinecke, Andreas and Mayer, Emanuel and Natarajan, Abhinav and Jung, Yoonju},
  journal={arXiv preprint arXiv:2112.00290},
  year={2021}
}

@article{Gaussian,
  title={Gaussian process landmarking on manifolds},
  author={Gao, Tingran and Kovalsky, Shahar Z and Daubechies, Ingrid},
  journal={SIAM Journal on Mathematics of Data Science},
  volume={1},
  number={1},
  pages={208--236},
  year={2019},
  publisher={SIAM}
}

@article{Brief,
  title={BRIEF: Computing a local binary descriptor very fast},
  author={Calonder, Michael and Lepetit, Vincent and Ozuysal, Mustafa and Trzcinski, Tomasz and Strecha, Christoph and Fua, Pascal},
  journal={IEEE transactions on pattern analysis and machine intelligence},
  volume={34},
  number={7},
  pages={1281--1298},
  year={2011},
  publisher={IEEE}
}

@article{Cohesion,
  title={Cohesion and repulsion in Bayesian distance clustering},
  author={Natarajan, Abhinav and De Iorio, Maria and Heinecke, Andreas and Mayer, Emanuel and Glenn, Simon},
  journal={Journal of the American Statistical Association},
  pages={1--11},
  year={2023},
  publisher={Taylor \& Francis}
}

@article{betancourt2022random,
  title={Random partition models for microclustering tasks},
  author={Betancourt, Brenda and Zanella, Giacomo and Steorts, Rebecca C},
  journal={Journal of the American Statistical Association},
  volume={117},
  number={539},
  pages={1215--1227},
  year={2022},
  publisher={Taylor \& Francis}
}

@article{chambolle2004algorithm,
  title={An algorithm for total variation minimization and applications},
  author={Chambolle, Antonin},
  journal={Journal of Mathematical imaging and vision},
  volume={20},
  pages={89--97},
  year={2004},
  publisher={Springer}
}

@article{pizer1987adaptive,
  title={Adaptive histogram equalization and its variations},
  author={Pizer, Stephen M and Amburn, E Philip and Austin, John D and Cromartie, Robert and Geselowitz, Ari and Greer, Trey and ter Haar Romeny, Bart and Zimmerman, John B and Zuiderveld, Karel},
  journal={Computer vision, graphics, and image processing},
  volume={39},
  number={3},
  pages={355--368},
  year={1987},
  publisher={Elsevier}
}

@inproceedings{noble2016comparison,
  title={Comparison of OpenCV's feature detectors and feature matchers},
  author={Noble, Frazer K},
  booktitle={2016 23rd International Conference on Mechatronics and Machine Vision in Practice (M2VIP)},
  pages={1--6},
  year={2016},
  organization={IEEE}
}

@article{al2013continuous,
  title={Continuous procrustes distance between two surfaces},
  author={Al-Aifari, Reema and Daubechies, Ingrid and Lipman, Yaron},
  journal={Communications on Pure and Applied Mathematics},
  volume={66},
  number={6},
  pages={934--964},
  year={2013},
  publisher={Wiley Online Library}
}


@InCollection{doyen2019big,
  author    = {Doyen, Jean-Marc},
  publisher = {EUT Edizioni Universit{\`a} di Trieste},
  title     = {Big is beautiful? Faut-il VRAIMENT {\'e}tudier les m{\'e}gad{\'e}p{\^o}ts mon{\'e}taires?},
  year      = {2019},
}

@article{wang2004image,
  title={Image quality assessment: from error visibility to structural similarity},
  author={Wang, Zhou and Bovik, Alan C and Sheikh, Hamid R and Simoncelli, Eero P},
  journal={IEEE transactions on image processing},
  volume={13},
  number={4},
  pages={600--612},
  year={2004},
  publisher={IEEE}
}

@article{taylor2020computer,
  title={The computer-aided die study (CADS): A tool for conducting numismatic die studies with computer vision and hierarchical clustering},
  author={Taylor, Zachary McCord},
  year={2020}
}

@article{brunet2011mathematical,
  title={On the mathematical properties of the structural similarity index},
  author={Brunet, Dominique and Vrscay, Edward R and Wang, Zhou},
  journal={IEEE Transactions on Image Processing},
  volume={21},
  number={4},
  pages={1488--1499},
  year={2011},
  publisher={IEEE}
}

@article{ding2020image,
  title={Image quality assessment: Unifying structure and texture similarity},
  author={Ding, Keyan and Ma, Kede and Wang, Shiqi and Simoncelli, Eero P},
  journal={IEEE transactions on pattern analysis and machine intelligence},
  volume={44},
  number={5},
  pages={2567--2581},
  year={2020},
  publisher={IEEE}
}

@article{nilsson2020understanding,
  title={Understanding ssim},
  author={Nilsson, Jim and Akenine-M{\"o}ller, Tomas},
  journal={arXiv preprint arXiv:2006.13846},
  year={2020}
}
@inproceedings{baraty2011impact,
  title={The impact of triangular inequality violations on medoid-based clustering},
  author={Baraty, Saaid and Simovici, Dan A and Zara, Catalin},
  booktitle={Foundations of Intelligent Systems: 19th International Symposium, ISMIS 2011, Warsaw, Poland, June 28-30, 2011. Proceedings 19},
  pages={280--289},
  year={2011},
  organization={Springer}
}

@article{saha2020non,
  title={Non-TI clustering in the context of social networks},
  author={Saha, Sanjit Kumar and Schmitt, Ingo},
  journal={Procedia Computer Science},
  volume={170},
  pages={1186--1191},
  year={2020},
  publisher={Elsevier}
}

@article{saha2024study,
  title={A Study of Triangle Inequality Violations in Social Network Clustering},
  author={Saha, Sanjit Kumar and Gosswami, Tapashi},
  journal={Journal of Computer and Communications},
  volume={12},
  number={01},
  pages={67--76},
  year={2024}
}

@inproceedings{lowe1999object,
  title={Object recognition from local scale-invariant features},
  author={Lowe, David G},
  booktitle={Proceedings of the seventh IEEE international conference on computer vision},
  volume={2},
  pages={1150--1157},
  year={1999},
  organization={Ieee}
}

@article{lowe2004distinctive,
  title={Distinctive image features from scale-invariant keypoints},
  author={Lowe, David G},
  journal={International journal of computer vision},
  volume={60},
  pages={91--110},
  year={2004},
  publisher={Springer}
}



@inproceedings{buades2005non,
  title={A non-local algorithm for image denoising},
  author={Buades, Antoni and Coll, Bartomeu and Morel, J-M},
  booktitle={2005 IEEE computer society conference on computer vision and pattern recognition (CVPR'05)},
  volume={2},
  pages={60--65},
  year={2005},
  organization={Ieee}
}

@inproceedings{rublee2011orb,
  title={ORB: An efficient alternative to SIFT or SURF},
  author={Rublee, Ethan and Rabaud, Vincent and Konolige, Kurt and Bradski, Gary},
  booktitle={2011 International conference on computer vision},
  pages={2564--2571},
  year={2011},
  organization={Ieee}
}

@inproceedings{horache2021riedones3d,
booktitle = {Eurographics Workshop on Graphics and Cultural Heritage},
editor = {Hulusic, Vedad and Chalmers, Alan},
title = {Riedones3D: a Celtic Coin Dataset for Registration and Fine-grained Clustering},
author = {Horache, Sofiane and Deschaud, Jean-Emmanuel and Goulette, Fran√ßois and Gruel, Katherine and Lejars, Thierry and Masson, Olivier},
year = {2021},
publisher = {The Eurographics Association},
ISBN = {978-3-03868-141-0},
pages = {83-92},
DOI = {10.2312/gch.20211410}
}

@article{aslan2020two,
  title={Two sides of the same coin: Improved ancient coin classification using Graph Transduction Games},
  author={Aslan, Sinem and Vascon, Sebastiano and Pelillo, Marcello},
  journal={Pattern Recognition Letters},
  volume={131},
  pages={158--165},
  year={2020},
  publisher={Elsevier}
}



@article{klein2023autarch,
  title={AutArch: An AI-assisted workflow for object detection and automated recording in archaeological catalogues},
  author={Klein, Kevin and Wohde, Alyssa and Gorelik, Alexander V and Heyd, Volker and Diekmann, Yoan and Brami, Maxime},
  journal={arXiv preprint arXiv:2311.17978},
  year={2023}
}




@incollection{pavlidis2023digital,
  title={From digital recording to advanced AI applications in archaeology and cultural heritage},
  author={Pavlidis, George},
  booktitle={‚ÄúAnd in Length of Days Understanding‚Äù(Job 12: 12) Essays on Archaeology in the Eastern Mediterranean and Beyond in Honor of Thomas E. Levy},
  pages={1627--1656},
  year={2023},
  publisher={Springer}
}


@article{mantovan2020computerization,
  title={The computerization of archaeology: Survey on artificial intelligence techniques},
  author={Mantovan, Lorenzo and Nanni, Loris},
  journal={SN Computer Science},
  volume={1},
  pages={1--32},
  year={2020},
  publisher={Springer}
}


@article{argyrou2022review,
  title={A Review of Artificial Intelligence and Remote Sensing for Archaeological Research},
  author={Argyrou, Argyro and Agapiou, Athos},
  journal={Remote Sensing},
  volume={14},
  number={23},
  pages={6000},
  year={2022},
  publisher={MDPI}
}

@article{barcelo2010visual,
  title={Visual analysis in archaeology. An artificial intelligence approach},
  author={Barcel{\'o}, Juan A},
  journal={Morphometrics for Nonmorphometricians},
  pages={93--156},
  year={2010},
  publisher={Springer}
}

@article{siddiqui2022metadata,
  title={Metadata archaeology: Unearthing data subsets by leveraging training dynamics},
  author={Siddiqui, Shoaib Ahmed and Rajkumar, Nitarshan and Maharaj, Tegan and Krueger, David and Hooker, Sara},
  journal={arXiv preprint arXiv:2209.10015},
  year={2022}
}

@article{esty1990theory,
  title={The theory of linkage},
  author={ESTY, WARREN W},
  journal={The Numismatic Chronicle (1966-)},
  pages={205--221},
  year={1990},
  publisher={JSTOR}
}


@article{sobel2014history,
  title={History and definition of the sobel operator},
  author={Sobel, Irwin},
  journal={Retrieved from the World Wide Web},
  volume={1505},
  year={2014}
}

@article{schonemann1966generalized,
  title={A generalized solution of the orthogonal procrustes problem},
  author={Sch{\"o}nemann, Peter H},
  journal={Psychometrika},
  volume={31},
  number={1},
  pages={1--10},
  year={1966},
  publisher={Springer}
}

@article{fischler1981random,
  title={Random sample consensus: a paradigm for model fitting with applications to image analysis and automated cartography},
  author={Fischler, Martin A and Bolles, Robert C},
  journal={Communications of the ACM},
  volume={24},
  number={6},
  pages={381--395},
  year={1981},
  publisher={ACM New York, NY, USA}
}

@article{opencvlibrary,
    author = {Bradski, G.},
    citeulike-article-id = {2236121},
    journal = {Dr. Dobb's Journal of Software Tools},
    keywords = {bibtex-import},
    posted-at = {2008-01-15 19:21:54},
    priority = {4},
    title = {{The OpenCV Library}},
    year = {2000}
}

@article{scikit-image,
 title = {scikit-image: image processing in {P}ython},
 author = {van der Walt, {S}t\'efan and {S}ch\"onberger, {J}ohannes {L}. and
           {Nunez-Iglesias}, {J}uan and {B}oulogne, {F}ran\c{c}ois and {W}arner,
           {J}oshua {D}. and {Y}ager, {N}eil and {G}ouillart, {E}mmanuelle and
           {Y}u, {T}ony and the scikit-image contributors},
 year = {2014},
 month = {6},
 keywords = {Image processing, Reproducible research, Education,
             Visualization, Open source, Python, Scientific programming},
 volume = {2},
 pages = {e453},
 journal = {PeerJ},
 issn = {2167-8359},
 url = {https://doi.org/10.7717/peerj.453},
 doi = {10.7717/peerj.453}
}



@article{scikit-learn,
  title={Scikit-learn: Machine Learning in {P}ython},
  author={Pedregosa, F. and Varoquaux, G. and Gramfort, A. and Michel, V.
          and Thirion, B. and Grisel, O. and Blondel, M. and Prettenhofer, P.
          and Weiss, R. and Dubourg, V. and Vanderplas, J. and Passos, A. and
          Cournapeau, D. and Brucher, M. and Perrot, M. and Duchesnay, E.},
  journal={Journal of Machine Learning Research},
  volume={12},
  pages={2825--2830},
  year={2011}
}

@article{betancourt2016flexible,
  title={Flexible models for microclustering with application to entity resolution},
  author={Betancourt, Brenda and Zanella, Giacomo and Miller, Jeffrey W and Wallach, Hanna and Zaidi, Abbas and Steorts, Rebecca C},
  journal={Advances in neural information processing systems},
  volume={29},
  year={2016}
}

@inproceedings{wang2003multiscale,
  title={Multiscale structural similarity for image quality assessment},
  author={Wang, Zhou and Simoncelli, Eero P and Bovik, Alan C},
  booktitle={The Thrity-Seventh Asilomar Conference on Signals, Systems \& Computers, 2003},
  volume={2},
  pages={1398--1402},
  year={2003},
  organization={Ieee}
}

@article{sampat2009complex,
  title={Complex wavelet structural similarity: A new image similarity index},
  author={Sampat, Mehul P and Wang, Zhou and Gupta, Shalini and Bovik, Alan Conrad and Markey, Mia K},
  journal={IEEE transactions on image processing},
  volume={18},
  number={11},
  pages={2385--2401},
  year={2009},
  publisher={IEEE}
}

@article{cooper2020learning,
  title={Learning to describe: a new approach to computer vision based ancient coin analysis},
  author={Cooper, Jessica and Arandjelovi{\'c}, Ognjen},
  journal={Sci},
  volume={2},
  number={2},
  pages={27},
  year={2020},
  publisher={MDPI}
}

@article{arandjelovic2020images,
  title={Images of Roman imperial denarii: A curated data set for the evaluation of computer vision algorithms applied to ancient numismatics, and an overview of challenges in the field},
  author={Arandjelovi{\'c}, Ognjen and Zachariou, Marios},
  journal={Sci},
  volume={2},
  number={4},
  pages={91},
  year={2020},
  publisher={MDPI}
}

@inproceedings{schlag2017ancient,
  title={Ancient Roman coin recognition in the wild using deep learning based recognition of artistically depicted face profiles},
  author={Schlag, Imanol and Arandjelovic, Ognjen},
  booktitle={Proceedings of the IEEE International Conference on Computer Vision Workshops},
  pages={2898--2906},
  year={2017}
}

@article{anwar2021deep,
  title={Deep ancient Roman Republican coin classification via feature fusion and attention},
  author={Anwar, Hafeez and Anwar, Saeed and Zambanini, Sebastian and Porikli, Fatih},
  journal={Pattern Recognition},
  volume={114},
  pages={107871},
  year={2021},
  publisher={Elsevier}
}

@inproceedings{vedaldi2010vlfeat,
  title={VLFeat: An open and portable library of computer vision algorithms},
  author={Vedaldi, Andrea and Fulkerson, Brian},
  booktitle={Proceedings of the 18th ACM international conference on Multimedia},
  pages={1469--1472},
  year={2010}
}

@article{lipman2014feature,
  title={Feature matching with bounded distortion},
  author={Lipman, Yaron and Yagev, Stav and Poranne, Roi and Jacobs, David W and Basri, Ronen},
  journal={ACM Transactions on Graphics (TOG)},
  volume={33},
  number={3},
  pages={1--14},
  year={2014},
  publisher={ACM New York, NY, USA}
}

@article{tolksdorf2017can,
  title={Can 3D scanning of countermarks on Roman coins help to reconstruct the movement of Varus and his legions},
  author={Tolksdorf, Johann Friedrich and Elburg, Rengert and Reuter, Thomas},
  journal={Journal of Archaeological Science: Reports},
  volume={11},
  pages={400--410},
  year={2017},
  publisher={Elsevier}
}

@inproceedings{pan2018image,
  title={Image analysis and deep learning for aiding professional coin grading},
  author={Pan, Xingyu and Tougne, Laure},
  booktitle={2018 International Conference on Image and Video Processing, and Artificial Intelligence},
  volume={10836},
  pages={21--25},
  year={2018},
  organization={SPIE}
}


@Article{guo2023siamese,
  author    = {Guo, Zhongliang and Arandjelovi{\'c}, Ognjen and Reid, David and Lei, Yaxiong and B{\"u}ttner, Jochen},
  journal   = {Journal of Imaging},
  title     = {A Siamese transformer network for zero-shot ancient coin classification},
  year      = {2023},
  number    = {6},
  pages     = {107},
  volume    = {9},
  publisher = {MDPI},
}

@Article{ma2020classification,
  author    = {Ma, Yuanyuan and Arandjelovi{\'c}, Ognjen},
  journal   = {Sci},
  title     = {Classification of ancient roman coins by denomination using colour, a forgotten feature in automatic ancient coin analysis},
  year      = {2020},
  number    = {2},
  pages     = {37},
  volume    = {2},
  publisher = {MDPI},
}


@InProceedings{arandjelovic2012reading,
  author       = {Arandjelovi{\'c}, Ognjen},
  booktitle    = {Computer Vision--ECCV 2012: 12th European Conference on Computer Vision, Florence, Italy, October 7-13, 2012, Proceedings, Part IV 12},
  title        = {Reading ancient coins: automatically identifying denarii using obverse legend seeded retrieval},
  year         = {2012},
  organization = {Springer},
  pages        = {317--330},
}

@article{reza2004realization,
  title={Realization of the contrast limited adaptive histogram equalization (CLAHE) for real-time image enhancement},
  author={Reza, Ali M},
  journal={Journal of VLSI signal processing systems for signal, image and video technology},
  volume={38},
  pages={35--44},
  year={2004},
  publisher={Springer}
}

@article{simonyan2014very,
  title={Very deep convolutional networks for large-scale image recognition},
  author={Simonyan, Karen and Zisserman, Andrew},
  journal={arXiv preprint arXiv:1409.1556},
  year={2014}
}

@article{zhang2011fsim,
  title={FSIM: A feature similarity index for image quality assessment},
  author={Zhang, Lin and Zhang, Lei and Mou, Xuanqin and Zhang, David},
  journal={IEEE transactions on Image Processing},
  volume={20},
  number={8},
  pages={2378--2386},
  year={2011},
  publisher={IEEE}
}

@article{paszke2019pytorch,
  title={Pytorch: An imperative style, high-performance deep learning library},
  author={Paszke, Adam and Gross, Sam and Massa, Francisco and Lerer, Adam and Bradbury, James and Chanan, Gregory and Killeen, Trevor and Lin, Zeming and Gimelshein, Natalia and Antiga, Luca and others},
  journal={Advances in neural information processing systems},
  volume={32},
  year={2019}
}


@data{AFRCBK_2024,
author = {LABEDAN, Patrice and DROUGARD, Nicolas and DIEULAFAIT, Francis},
publisher = {ISAE-SUPAERO Dataverse},
title = {{Datasets for Accadil (V1)}},
UNF = {UNF:6:ebhif5YiBJNoXgC7wqmdFg==},
year = {2024},
version = {V1},
doi = {10.34849/AFRCBK},
url = {https://doi.org/10.34849/AFRCBK},
note = {Available at \url{https://doi.org/10.34849/AFRCBK}}
}
