@article{Base,
  title={Unsupervised Statistical Learning for Die Analysis in Ancient Numismatics},
  author={Heinecke, Andreas and Mayer, Emanuel and Natarajan, Abhinav and Jung, Yoonju},
  journal={arXiv preprint arXiv:2112.00290},
  year={2021}
}

@article{Cohesion,
  title={Cohesion and repulsion in Bayesian distance clustering},
  author={Natarajan, Abhinav and De Iorio, Maria and Heinecke, Andreas and Mayer, Emanuel and Glenn, Simon},
  journal={Journal of the American Statistical Association},
  pages={1--11},
  year={2023},
  publisher={Taylor \& Francis}
}

@article{Gaussian,
  title={Gaussian process landmarking on manifolds},
  author={Gao, Tingran and Kovalsky, Shahar Z and Daubechies, Ingrid},
  journal={SIAM Journal on Mathematics of Data Science},
  volume={1},
  number={1},
  pages={208--236},
  year={2019},
  publisher={SIAM}
}

@article{lipman2014feature,
  title={Feature matching with bounded distortion},
  author={Lipman, Yaron and Yagev, Stav and Poranne, Roi and Jacobs, David W and Basri, Ronen},
  journal={ACM Transactions on Graphics (TOG)},
  volume={33},
  number={3},
  pages={1--14},
  year={2014},
  publisher={ACM New York, NY, USA}
}

@article{lowe2004distinctive,
  title={Distinctive image features from scale-invariant keypoints},
  author={Lowe, David G},
  journal={International journal of computer vision},
  volume={60},
  pages={91--110},
  year={2004},
  publisher={Springer}
}

@inproceedings{rublee2011orb,
  title={ORB: An efficient alternative to SIFT or SURF},
  author={Rublee, Ethan and Rabaud, Vincent and Konolige, Kurt and Bradski, Gary},
  booktitle={2011 International conference on computer vision},
  pages={2564--2571},
  year={2011},
  organization={Ieee}
}

@article{taylor2020computer,
  title={The computer-aided die study (CADS): A tool for conducting numismatic die studies with computer vision and hierarchical clustering},
  author={Taylor, Zachary McCord},
  year={2020}
}

@inproceedings{vedaldi2010vlfeat,
  title={VLFeat: An open and portable library of computer vision algorithms},
  author={Vedaldi, Andrea and Fulkerson, Brian},
  booktitle={Proceedings of the 18th ACM international conference on Multimedia},
  pages={1469--1472},
  year={2010}
}

