@article{aiolli2015easymkl,
  title={EasyMKL: a scalable multiple kernel learning algorithm},
  author={Aiolli, Fabio and Donini, Michele},
  journal={Neurocomputing},
  volume={169},
  pages={215--224},
  year={2015},
  publisher={Elsevier}
}

@article{alioscha2019svrg,
  title={Svrg-mkl: a fast and scalable multiple kernel learning solution for features combination in multi-class classification problems},
  author={Alioscha-Perez, Mitchel and Oveneke, Meshia C{\'e}dric and Sahli, Hichem},
  journal={IEEE transactions on neural networks and learning systems},
  volume={31},
  number={5},
  pages={1710--1723},
  year={2019},
  publisher={IEEE}
}

@article{belkin2006manifold,
  title={Manifold regularization: A geometric framework for learning from labeled and unlabeled examples.},
  author={Belkin, Mikhail and Niyogi, Partha and Sindhwani, Vikas},
  journal={Journal of machine learning research},
  volume={7},
  number={11},
  year={2006}
}

@article{bucak2013multiple,
  title={Multiple kernel learning for visual object recognition: A review},
  author={Bucak, Serhat S and Jin, Rong and Jain, Anil K},
  journal={IEEE Transactions on Pattern Analysis and Machine Intelligence},
  volume={36},
  number={7},
  pages={1354--1369},
  year={2013},
  publisher={IEEE}
}

@inproceedings{cai2007locality,
  title={Locality sensitive discriminant analysis.},
  author={Cai, Deng and He, Xiaofei and Zhou, Kun and Han, Jiawei and Bao, Hujun},
  booktitle={IJCAI},
  volume={2007},
  pages={1713--1726},
  year={2007}
}

@inproceedings{chen2005local,
  title={Local discriminant embedding and its variants},
  author={Chen, Hwann-Tzong and Chang, Huang-Wei and Liu, Tyng-Luh},
  booktitle={2005 IEEE computer society conference on computer vision and pattern recognition (CVPR'05)},
  volume={2},
  pages={846--853},
  year={2005},
  organization={IEEE}
}

@article{cortes2009learning,
  title={Learning non-linear combinations of kernels},
  author={Cortes, Corinna and Mohri, Mehryar and Rostamizadeh, Afshin},
  journal={Advances in neural information processing systems},
  volume={22},
  year={2009}
}

@article{fan2011local,
  title={Local linear discriminant analysis framework using sample neighbors},
  author={Fan, Zizhu and Xu, Yong and Zhang, David},
  journal={IEEE Transactions on Neural Networks},
  volume={22},
  number={7},
  pages={1119--1132},
  year={2011},
  publisher={IEEE}
}

@article{gonen2011multiple,
  title={Multiple kernel learning algorithms},
  author={G{\"o}nen, Mehmet and Alpayd{\i}n, Ethem},
  journal={The Journal of Machine Learning Research},
  volume={12},
  pages={2211--2268},
  year={2011},
  publisher={JMLR. org}
}

@article{han2013localized,
  title={Localized multiple kernel learning via sample-wise alternating optimization},
  author={Han, Yina and Yang, Kunde and Ma, Yuanliang and Liu, Guizhong},
  journal={IEEE transactions on cybernetics},
  volume={44},
  number={1},
  pages={137--148},
  year={2013},
  publisher={IEEE}
}

@article{li2008discriminant,
  title={Discriminant locally linear embedding with high-order tensor data},
  author={Li, Xuelong and Lin, Stephen and Yan, Shuicheng and Xu, Dong},
  journal={IEEE Transactions on Systems, Man, and Cybernetics, Part B (Cybernetics)},
  volume={38},
  number={2},
  pages={342--352},
  year={2008},
  publisher={IEEE}
}

@article{niazmardi2017multiple,
  title={Multiple kernel learning for remote sensing image classification},
  author={Niazmardi, Saeid and Demir, Beg{\"u}m and Bruzzone, Lorenzo and Safari, Abdolreza and Homayouni, Saeid},
  journal={IEEE Transactions on Geoscience and Remote Sensing},
  volume={56},
  number={3},
  pages={1425--1443},
  year={2017},
  publisher={IEEE}
}

@inproceedings{nie2013adaptive,
  title={Adaptive loss minimization for semi-supervised elastic embedding},
  author={Nie, Feiping and Wang, Hua and Huang, Heng and Ding, Chris},
  booktitle={Twenty-Third International Joint Conference on Artificial Intelligence},
  year={2013}
}

@article{rakotomamonjy2008simplemkl,
  title={SimpleMKL},
  author={Rakotomamonjy, Alain and Bach, Francis and Canu, St{\'e}phane and others},
  journal={Journal of Machine Learning Research},
  volume={9},
  pages={2491--2521},
  year={2008}
}

@article{sugiyama2007dimensionality,
  title={Dimensionality reduction of multimodal labeled data by local fisher discriminant analysis.},
  author={Sugiyama, Masashi},
  journal={Journal of machine learning research},
  volume={8},
  number={5},
  year={2007}
}

@inproceedings{varma2009more,
  title={More generality in efficient multiple kernel learning},
  author={Varma, Manik and Babu, Bodla Rakesh},
  booktitle={Proceedings of the 26th annual international conference on machine learning},
  pages={1065--1072},
  year={2009}
}

@inproceedings{xu2010smooth,
  title={Smooth optimization for effective multiple kernel learning},
  author={Xu, Zenglin and Jin, Rong and Zhu, Shenghuo and Lyu, Michael and King, Irwin},
  booktitle={Proceedings of the AAAI Conference on Artificial Intelligence},
  volume={24},
  number={1},
  pages={637--642},
  year={2010}
}

@article{yan2006graph,
  title={Graph embedding and extensions: A general framework for dimensionality reduction},
  author={Yan, Shuicheng and Xu, Dong and Zhang, Benyu and Zhang, Hong-Jiang and Yang, Qiang and Lin, Stephen},
  journal={IEEE transactions on pattern analysis and machine intelligence},
  volume={29},
  number={1},
  pages={40--51},
  year={2006},
  publisher={IEEE}
}

@inproceedings{zhou2016veto,
  title={Veto-consensus multiple kernel learning},
  author={Zhou, Yuxun and Hu, Ninghang and Spanos, Costas J},
  booktitle={Thirtieth AAAI Conference on Artificial Intelligence},
  year={2016}
}

