@article{sheng2022multi,
  title={Multi-view Contrastive Learning with Additive Margin for Adaptive Nasopharyngeal Carcinoma Radiotherapy Prediction},
  author={Sheng, Jiabao and Zhang, Yuanpeng and Cai, Jing and Lam, Sai-Kit and Li, Zhe and Zhang, Jiang and Teng, Xinzhi},
  journal={arXiv preprint arXiv:2210.15201},
  year={2022}
}
@article{al1998chemoradiotherapy,
  title={Chemoradiotherapy versus radiotherapy in patients with advanced nasopharyngeal cancer: phase III randomized Intergroup study 0099.},
  author={Al-Sarraf, Muhyi and LeBlanc, Michael and Giri, PG and Fu, Karen K and Cooper, Jay and Vuong, Te and Forastiere, Arlene A and Adams, George and Sakr, Wael A and Schuller, David E and others},
  journal={Journal of clinical oncology},
  volume={16},
  number={4},
  pages={1310--1317},
  year={1998}
}
@article{cooper2000improved,
  title={Improved outcome secondary to concurrent chemoradiotherapy for advanced carcinoma of the nasopharynx: preliminary corroboration of the intergroup experience},
  author={Cooper, Jay S and Lee, Heather and Torrey, Meg and Hochster, Howard},
  journal={International Journal of Radiation Oncology* Biology* Physics},
  volume={47},
  number={4},
  pages={861--866},
  year={2000},
  publisher={Elsevier}
}
@article{marks1982dose,
  title={Dose-response analysis for nasopharyngeal carcinoma. An historical perspective},
  author={Marks, James E and Bedwinek, John M and Lee, Fransiska and Purdy, James A and Perez, Carlos A},
  journal={Cancer},
  volume={50},
  number={6},
  pages={1042--1050},
  year={1982},
  publisher={Wiley Online Library}
}
@article{vikram1985patterns,
  title={Patterns of failure in carcinoma of the nasopharynx: I. Failure at the primary site},
  author={Vikram, Bhadrasain and Mishra, Uma B and Strong, Elliot W and Manolatos, Spero},
  journal={International Journal of Radiation Oncology* Biology* Physics},
  volume={11},
  number={8},
  pages={1455--1459},
  year={1985},
  publisher={Elsevier}
}
@article{liu2019treatment,
  title={Treatment of locally advanced nasopharyngeal carcinoma by helical tomotherapy: an observational, prospective analysis},
  author={Liu, Zhigang and Xu, Chenyang and Jiang, Rong and Liu, Guiyun and Liu, Qiaodan and Zhou, Jiao and Liu, Fengxin and Yao, Jijin and Wang, Siyang and Jiang, Wen},
  journal={Translational oncology},
  volume={12},
  number={5},
  pages={757--763},
  year={2019},
  publisher={Elsevier}
}
@article{lin2012combined,
  title={Combined high-dose radiation therapy and systemic chemotherapy improves survival in patients with newly diagnosed metastatic nasopharyngeal cancer},
  author={Lin, Shaojun and Tham, Ivan WK and Pan, Jianji and Han, Lu and Chen, Qisong and Lu, Jiade J},
  journal={American journal of clinical oncology},
  volume={35},
  number={5},
  pages={474--479},
  year={2012},
  publisher={LWW}
}
@article{zhao2018molecular,
  title={Molecular subtyping of nasopharyngeal carcinoma (NPC) and a microRNA-based prognostic model for distant metastasis},
  author={Zhao, Lan and Fong, Alvin HW and Liu, Na and Cho, William},
  journal={Journal of biomedical science},
  volume={25},
  number={1},
  pages={1--12},
  year={2018},
  publisher={BioMed Central}
}
@article{zhang2019development,
  title={Development and validation of a magnetic resonance imaging-based model for the prediction of distant metastasis before initial treatment of nasopharyngeal carcinoma: a retrospective cohort study},
  author={Zhang, Lu and Dong, Di and Li, Hailin and Tian, Jie and Ouyang, Fusheng and Mo, Xiaokai and Zhang, Bin and Luo, Xiaoning and Lian, Zhouyang and Pei, Shufang and others},
  journal={EBioMedicine},
  volume={40},
  pages={327--335},
  year={2019},
  publisher={Elsevier}
}
@article{chakraborty2018onco,
  title={Onco-multi-OMICS approach: a new frontier in cancer research},
  author={Chakraborty, Sajib and Hosen, Md Ismail and Ahmed, Musaddeque and Shekhar, Hossain Uddin},
  journal={BioMed research international},
  volume={2018},
  year={2018},
  publisher={Hindawi Limited}
}
@article{zeng2022mri,
  title={MRI-based radiomics models can improve prognosis prediction for nasopharyngeal carcinoma with neoadjuvant chemotherapy},
  author={Zeng, Fan and Lin, Kai-Rong and Jin, Ya-Bin and Li, Hao-Jiang and Quan, Qiang and Su, Jian-Chun and Chen, Kai and Zhang, Jing and Han, Chen and Zhang, Guo-Yi},
  journal={Magnetic Resonance Imaging},
  volume={88},
  pages={108--115},
  year={2022},
  publisher={Elsevier}
}
@inproceedings{zborayova2019early,
  title={Early changes in multiparametric imaging parameters during radiotherapy of squamous carcinoma},
  author={Zborayova, Katarina and Antti, Henrik and Blomqvist, L and Flygare, Lennart and Gebre-Medhin, M and Jonsson, Joakim and S{\"o}derkvist, Karin and Zackrisson, Bj{\"o}rn},
  booktitle={Radiotherapy and Oncology},
  volume={132},
  pages={63--63},
  year={2019},
  organization={Elsevier}
}
@article{xiang2012discriminative,
  title={Discriminative least squares regression for multiclass classification and feature selection},
  author={Xiang, Shiming and Nie, Feiping and Meng, Gaofeng and Pan, Chunhong and Zhang, Changshui},
  journal={IEEE transactions on neural networks and learning systems},
  volume={23},
  number={11},
  pages={1738--1754},
  year={2012},
  publisher={IEEE}
}
@inproceedings{nie2013adaptive,
  title={Adaptive loss minimization for semi-supervised elastic embedding},
  author={Nie, Feiping and Wang, Hua and Huang, Heng and Ding, Chris},
  booktitle={Twenty-Third International Joint Conference on Artificial Intelligence},
  year={2013}
}
@article{gonen2011multiple,
  title={Multiple kernel learning algorithms},
  author={G{\"o}nen, Mehmet and Alpayd{\i}n, Ethem},
  journal={The Journal of Machine Learning Research},
  volume={12},
  pages={2211--2268},
  year={2011},
  publisher={JMLR. org}
}
@article{bucak2013multiple,
  title={Multiple kernel learning for visual object recognition: A review},
  author={Bucak, Serhat S and Jin, Rong and Jain, Anil K},
  journal={IEEE Transactions on Pattern Analysis and Machine Intelligence},
  volume={36},
  number={7},
  pages={1354--1369},
  year={2013},
  publisher={IEEE}
}
@article{niazmardi2017multiple,
  title={Multiple kernel learning for remote sensing image classification},
  author={Niazmardi, Saeid and Demir, Beg{\"u}m and Bruzzone, Lorenzo and Safari, Abdolreza and Homayouni, Saeid},
  journal={IEEE Transactions on Geoscience and Remote Sensing},
  volume={56},
  number={3},
  pages={1425--1443},
  year={2017},
  publisher={IEEE}
}
@article{aiolli2015easymkl,
  title={EasyMKL: a scalable multiple kernel learning algorithm},
  author={Aiolli, Fabio and Donini, Michele},
  journal={Neurocomputing},
  volume={169},
  pages={215--224},
  year={2015},
  publisher={Elsevier}
}
@article{alioscha2019svrg,
  title={Svrg-mkl: a fast and scalable multiple kernel learning solution for features combination in multi-class classification problems},
  author={Alioscha-Perez, Mitchel and Oveneke, Meshia C{\'e}dric and Sahli, Hichem},
  journal={IEEE transactions on neural networks and learning systems},
  volume={31},
  number={5},
  pages={1710--1723},
  year={2019},
  publisher={IEEE}
}
@inproceedings{xu2010smooth,
  title={Smooth optimization for effective multiple kernel learning},
  author={Xu, Zenglin and Jin, Rong and Zhu, Shenghuo and Lyu, Michael and King, Irwin},
  booktitle={Proceedings of the AAAI Conference on Artificial Intelligence},
  volume={24},
  number={1},
  pages={637--642},
  year={2010}
}
@inproceedings{varma2009more,
  title={More generality in efficient multiple kernel learning},
  author={Varma, Manik and Babu, Bodla Rakesh},
  booktitle={Proceedings of the 26th annual international conference on machine learning},
  pages={1065--1072},
  year={2009}
}
@article{cortes2009learning,
  title={Learning non-linear combinations of kernels},
  author={Cortes, Corinna and Mohri, Mehryar and Rostamizadeh, Afshin},
  journal={Advances in neural information processing systems},
  volume={22},
  year={2009}
}
@inproceedings{zhou2016veto,
  title={Veto-consensus multiple kernel learning},
  author={Zhou, Yuxun and Hu, Ninghang and Spanos, Costas J},
  booktitle={Thirtieth AAAI Conference on Artificial Intelligence},
  year={2016}
}
@article{han2013localized,
  title={Localized multiple kernel learning via sample-wise alternating optimization},
  author={Han, Yina and Yang, Kunde and Ma, Yuanliang and Liu, Guizhong},
  journal={IEEE transactions on cybernetics},
  volume={44},
  number={1},
  pages={137--148},
  year={2013},
  publisher={IEEE}
}
@inproceedings{liu2014sample,
  title={Sample-adaptive multiple kernel learning},
  author={Liu, Xinwang and Wang, Lei and Zhang, Jian and Yin, Jianping},
  booktitle={Proceedings of the AAAI Conference on Artificial Intelligence},
  volume={28},
  number={1},
  year={2014}
}
@article{wang2007multik,
  title={MultiK-MHKS: a novel multiple kernel learning algorithm},
  author={Wang, Zhe and Chen, Songcan and Sun, Tingkai},
  journal={IEEE Transactions on Pattern Analysis and Machine Intelligence},
  volume={30},
  number={2},
  pages={348--353},
  year={2007},
  publisher={IEEE}
}
@article{fan2017mreklm,
  title={MREKLM: A fast multiple empirical kernel learning machine},
  author={Fan, Qi and Wang, Zhe and Zha, Hongyuan and Gao, Daqi},
  journal={Pattern Recognition},
  volume={61},
  pages={197--209},
  year={2017},
  publisher={Elsevier}
}
@article{kumar2012binary,
  title={A binary classification framework for two-stage multiple kernel learning},
  author={Kumar, Abhishek and Niculescu-Mizil, Alexandru and Kavukcuoglu, Koray and Daume III, Hal},
  journal={arXiv preprint arXiv:1206.6428},
  year={2012}
}
@article{cortes2012algorithms,
  title={Algorithms for learning kernels based on centered alignment},
  author={Cortes, Corinna and Mohri, Mehryar and Rostamizadeh, Afshin},
  journal={The Journal of Machine Learning Research},
  volume={13},
  pages={795--828},
  year={2012},
  publisher={JMLR. org}
}
@article{nazarpour2015two,
  title={Two-stage multiple kernel learning for supervised dimensionality reduction},
  author={Nazarpour, Abdollah and Adibi, Peyman},
  journal={Pattern Recognition},
  volume={48},
  number={5},
  pages={1854--1862},
  year={2015},
  publisher={Elsevier}
}
@article{wang2018two,
  title={Two-stage fuzzy multiple kernel learning based on Hilbert--Schmidt independence criterion},
  author={Wang, Tinghua and Lu, Jie and Zhang, Guangquan},
  journal={IEEE Transactions on Fuzzy Systems},
  volume={26},
  number={6},
  pages={3703--3714},
  year={2018},
  publisher={IEEE}
}
@article{kloft2011local,
  title={The local rademacher complexity of lp-norm multiple kernel learning},
  author={Kloft, Marius and Blanchard, Gilles},
  journal={Advances in Neural Information Processing Systems},
  volume={24},
  year={2011}
}
@article{sonnenburg2006large,
  title={Large scale multiple kernel learning},
  author={Sonnenburg, S{\"o}ren and R{\"a}tsch, Gunnar and Sch{\"a}fer, Christin and Sch{\"o}lkopf, Bernhard},
  journal={The Journal of Machine Learning Research},
  volume={7},
  pages={1531--1565},
  year={2006},
  publisher={JMLR. org}
}
@article{kloft2011lp,
  title={Lp-norm multiple kernel learning},
  author={Kloft, Marius and Brefeld, Ulf and Sonnenburg, S{\"o}ren and Zien, Alexander},
  journal={The Journal of Machine Learning Research},
  volume={12},
  pages={953--997},
  year={2011},
  publisher={JMLR. org}
}
@ARTICLE{8101572,
  author={Niazmardi, Saeid and Demir, Begüm and Bruzzone, Lorenzo and Safari, Abdolreza and Homayouni, Saeid},
  journal={IEEE Transactions on Geoscience and Remote Sensing}, 
  title={Multiple Kernel Learning for Remote Sensing Image Classification}, 
  year={2018},
  volume={56},
  number={3},
  pages={1425-1443},
  doi={10.1109/TGRS.2017.2762597}}



@article{zhang2011multimodal,
  title={Multimodal classification of Alzheimer's disease and mild cognitive impairment},
  author={Zhang, Daoqiang and Wang, Yaping and Zhou, Luping and Yuan, Hong and Shen, Dinggang and Alzheimer's Disease Neuroimaging Initiative and others},
  journal={Neuroimage},
  volume={55},
  number={3},
  pages={856--867},
  year={2011},
  publisher={Elsevier}
}
@article{rakotomamonjy2008simplemkl,
  title={SimpleMKL},
  author={Rakotomamonjy, Alain and Bach, Francis and Canu, St{\'e}phane and others},
  journal={Journal of Machine Learning Research},
  volume={9},
  pages={2491--2521},
  year={2008}
}
@article{li2008discriminant,
  title={Discriminant locally linear embedding with high-order tensor data},
  author={Li, Xuelong and Lin, Stephen and Yan, Shuicheng and Xu, Dong},
  journal={IEEE Transactions on Systems, Man, and Cybernetics, Part B (Cybernetics)},
  volume={38},
  number={2},
  pages={342--352},
  year={2008},
  publisher={IEEE}
}
@article{yan2006graph,
  title={Graph embedding and extensions: A general framework for dimensionality reduction},
  author={Yan, Shuicheng and Xu, Dong and Zhang, Benyu and Zhang, Hong-Jiang and Yang, Qiang and Lin, Stephen},
  journal={IEEE transactions on pattern analysis and machine intelligence},
  volume={29},
  number={1},
  pages={40--51},
  year={2006},
  publisher={IEEE}
}
@article{fan2011local,
  title={Local linear discriminant analysis framework using sample neighbors},
  author={Fan, Zizhu and Xu, Yong and Zhang, David},
  journal={IEEE Transactions on Neural Networks},
  volume={22},
  number={7},
  pages={1119--1132},
  year={2011},
  publisher={IEEE}
}
@article{sugiyama2007dimensionality,
  title={Dimensionality reduction of multimodal labeled data by local fisher discriminant analysis.},
  author={Sugiyama, Masashi},
  journal={Journal of machine learning research},
  volume={8},
  number={5},
  year={2007}
}
@inproceedings{cai2007locality,
  title={Locality sensitive discriminant analysis.},
  author={Cai, Deng and He, Xiaofei and Zhou, Kun and Han, Jiawei and Bao, Hujun},
  booktitle={IJCAI},
  volume={2007},
  pages={1713--1726},
  year={2007}
}
@inproceedings{chen2005local,
  title={Local discriminant embedding and its variants},
  author={Chen, Hwann-Tzong and Chang, Huang-Wei and Liu, Tyng-Luh},
  booktitle={2005 IEEE computer society conference on computer vision and pattern recognition (CVPR'05)},
  volume={2},
  pages={846--853},
  year={2005},
  organization={IEEE}
}
@article{belkin2006manifold,
  title={Manifold regularization: A geometric framework for learning from labeled and unlabeled examples.},
  author={Belkin, Mikhail and Niyogi, Partha and Sindhwani, Vikas},
  journal={Journal of machine learning research},
  volume={7},
  number={11},
  year={2006}
}
@book{simon1999neural,
  title={Neural networks: a comprehensive foundation},
  author={Simon, Haykin},
  year={1999},
  publisher={Prentice hall}
}
@article{gu2016nonlinear,
  title={Nonlinear multiple kernel learning with multiple-structure-element extended morphological profiles for hyperspectral image classification},
  author={Gu, Yanfeng and Liu, Tianzhu and Jia, Xiuping and Benediktsson, J{\'o}n Atli and Chanussot, Jocelyn},
  journal={IEEE Transactions on Geoscience and Remote Sensing},
  volume={54},
  number={6},
  pages={3235--3247},
  year={2016},
  publisher={IEEE}
}
@article{lehtomaki2015object,
  title={Object classification and recognition from mobile laser scanning point clouds in a road environment},
  author={Lehtom{\"a}ki, Matti and Jaakkola, Anttoni and Hyypp{\"a}, Juha and Lampinen, Jouko and Kaartinen, Harri and Kukko, Antero and Puttonen, Eetu and Hyypp{\"a}, Hannu},
  journal={IEEE Transactions on Geoscience and Remote Sensing},
  volume={54},
  number={2},
  pages={1226--1239},
  year={2015},
  publisher={IEEE}
}
@inproceedings{aftab2014novel,
  title={A novel kernel for RBF based neural networks},
  author={Aftab, Wasim and Moinuddin, Muhammad and Shaikh, Muhammad Shafique},
  booktitle={Abstract and Applied Analysis},
  volume={2014},
  year={2014},
  organization={Hindawi}
}
@article{atif2022multi,
  title={Multi-kernel fusion for RBF neural networks},
  author={Atif, Syed Muhammad and Khan, Shujaat and Naseem, Imran and Togneri, Roberto and Bennamoun, Mohammed},
  journal={Neural Processing Letters},
  pages={1--25},
  year={2022},
  publisher={Springer}
}
@article{deng2014generalized,
  title={Generalized hidden-mapping ridge regression, knowledge-leveraged inductive transfer learning for neural networks, fuzzy systems and kernel methods},
  author={Deng, Zhaohong and Choi, Kup-Sze and Jiang, Yizhang and Wang, Shitong},
  journal={IEEE transactions on cybernetics},
  volume={44},
  number={12},
  pages={2585--2599},
  year={2014},
  publisher={IEEE}
}
@article{xia2020tsk,
  title={TSK fuzzy system for multi-view data discovery underlying label relaxation and cross-rule \& cross-view sparsity regularizations},
  author={Xia, Kaijian and Zhang, Yuanpeng and Jiang, Yizhang and Qian, Pengjiang and Dong, Jiancheng and Yin, Hongsheng and Muzic, Raymond F},
  journal={IEEE Transactions on Industrial Informatics},
  volume={17},
  number={5},
  pages={3282--3291},
  year={2020},
  publisher={IEEE}
}
@article{ren2017hopx,
  title={HOPX hypermethylation promotes metastasis via activating SNAIL transcription in nasopharyngeal carcinoma},
  author={Ren, Xianyue and Yang, Xiaojing and Cheng, Bin and Chen, Xiaozhong and Zhang, Tianpeng and He, Qingmei and Li, Bin and Li, Yingqin and Tang, Xinran and Wen, Xin and others},
  journal={Nature communications},
  volume={8},
  number={1},
  pages={14053},
  year={2017},
  publisher={Nature Publishing Group UK London}
}
@article{wang2010plasma,
  title={Plasma EBV DNA clearance rate as a novel prognostic marker for metastatic/recurrent nasopharyngeal carcinoma},
  author={Wang, Wen-Yi and Twu, Chih-Wen and Chen, Hsin-Hong and Jan, Jian-Sheng and Jiang, Rong-San and Chao, Jeffrey YC and Liang, Kai-Li and Chen, Kuan-Wen and Wu, Ching-Te and Lin, Jin-Ching},
  journal={Clinical cancer research},
  volume={16},
  number={3},
  pages={1016--1024},
  year={2010},
  publisher={AACR}
}
@article{zhu2022deep,
  title={Deep Multi-Modal Discriminative and Interpretability Network for Alzheimer’s Disease Diagnosis},
  author={Zhu, Qi and Xu, Bingliang and Huang, Jiashuang and Wang, Heyang and Xu, Ruting and Shao, Wei and Zhang, Daoqiang},
  journal={IEEE Transactions on Medical Imaging},
  year={2022},
  publisher={IEEE}
}
@article{zhou2019latent,
  title={Latent representation learning for Alzheimer’s disease diagnosis with incomplete multi-modality neuroimaging and genetic data},
  author={Zhou, Tao and Liu, Mingxia and Thung, Kim-Han and Shen, Dinggang},
  journal={IEEE transactions on medical imaging},
  volume={38},
  number={10},
  pages={2411--2422},
  year={2019},
  publisher={IEEE}
}
@article{zwanenburg2020image,
  title={The image biomarker standardization initiative: standardized quantitative radiomics for high-throughput image-based phenotyping},
  author={Zwanenburg, Alex and Valli{\`e}res, Martin and Abdalah, Mahmoud A and Aerts, Hugo JWL and Andrearczyk, Vincent and Apte, Aditya and Ashrafinia, Saeed and Bakas, Spyridon and Beukinga, Roelof J and Boellaard, Ronald and others},
  journal={Radiology},
  volume={295},
  number={2},
  pages={328--338},
  year={2020},
  publisher={Radiological Society of North America}
}
@article{khan2017novel,
  title={A novel adaptive kernel for the rbf neural networks},
  author={Khan, Shujaat and Naseem, Imran and Togneri, Roberto and Bennamoun, Mohammed},
  journal={Circuits, Systems, and Signal Processing},
  volume={36},
  pages={1639--1653},
  year={2017},
  publisher={Springer}
}
@article{kurita2019principal,
  title={Principal component analysis (PCA)},
  author={Kurita, Takio},
  journal={Computer Vision: A Reference Guide},
  pages={1--4},
  year={2019},
  publisher={Springer}
}
@article{fang2017regularized,
  title={Regularized label relaxation linear regression},
  author={Fang, Xiaozhao and Xu, Yong and Li, Xuelong and Lai, Zhihui and Wong, Wai Keung and Fang, Bingwu},
  journal={IEEE transactions on neural networks and learning systems},
  volume={29},
  number={4},
  pages={1006--1018},
  year={2017},
  publisher={IEEE}
}
@article{mcdonald2009ridge,
  title={Ridge regression},
  author={McDonald, Gary C},
  journal={Wiley Interdisciplinary Reviews: Computational Statistics},
  volume={1},
  number={1},
  pages={93--100},
  year={2009},
  publisher={Wiley Online Library}
}
@article{batuwita2010fsvm,
  title={FSVM-CIL: fuzzy support vector machines for class imbalance learning},
  author={Batuwita, Rukshan and Palade, Vasile},
  journal={IEEE Transactions on Fuzzy Systems},
  volume={18},
  number={3},
  pages={558--571},
  year={2010},
  publisher={IEEE}
}
@article{lin2002fuzzy,
  title={Fuzzy support vector machines},
  author={Lin, Chun-Fu and Wang, Sheng-De},
  journal={IEEE transactions on neural networks},
  volume={13},
  number={2},
  pages={464--471},
  year={2002},
  publisher={Ieee}
}
@article{qu2020pattern,
  title={Pattern and prognosis of distant metastases in nasopharyngeal carcinoma: A large-population retrospective analysis},
  author={Qu, Weiling and Li, Sihan and Zhang, Miao and Qiao, Qiao},
  journal={Cancer medicine},
  volume={9},
  number={17},
  pages={6147--6158},
  year={2020},
  publisher={Wiley Online Library}
}
@article{long2019pre,
  title={Pre-treatment serum lactate dehydrogenase predicts distant metastasis and poor survival in nasopharyngeal carcinoma},
  author={Long, Guoxian and Tang, Wenhua and Fu, Xiugen and Liu, DongBo and Zhang, LinLi and Hu, Guangyuan and Hu, Guoqing and Sun, Wei},
  journal={Journal of Cancer},
  volume={10},
  number={16},
  pages={3657},
  year={2019},
  publisher={Ivyspring International Publisher}
}
@article{olivier2019need,
  title={The need for multi-omics biomarker signatures in precision medicine},
  author={Olivier, Michael and Asmis, Reto and Hawkins, Gregory A and Howard, Timothy D and Cox, Laura A},
  journal={International journal of molecular sciences},
  volume={20},
  number={19},
  pages={4781},
  year={2019},
  publisher={MDPI}
}
@article{hu2021multi,
  title={Multi-omics profiling: the way toward precision medicine in metabolic diseases},
  author={Hu, Cheng and Jia, Weiping},
  journal={Journal of Molecular Cell Biology},
  volume={13},
  number={8},
  pages={576--593},
  year={2021},
  publisher={Oxford University Press}
}
@article{jing2020adaptive,
  title={Adaptive component embedding for domain adaptation},
  author={Jing, Mengmeng and Zhao, Jidong and Li, Jingjing and Zhu, Lei and Yang, Yang and Shen, Heng Tao},
  journal={IEEE transactions on cybernetics},
  volume={51},
  number={7},
  pages={3390--3403},
  year={2020},
  publisher={IEEE}
}
@article{tian2021large,
  title={Large margin graph embedding-based discriminant dimensionality reduction},
  author={Tian, Yanjia and Feng, Xiang},
  journal={Scientific Programming},
  volume={2021},
  pages={1--12},
  year={2021},
  publisher={Hindawi Limited}
}
@article{song2022graph,
  title={Graph-based semi-supervised learning: A comprehensive review},
  author={Song, Zixing and Yang, Xiangli and Xu, Zenglin and King, Irwin},
  journal={IEEE Transactions on Neural Networks and Learning Systems},
  year={2022},
  publisher={IEEE}
}
@article{kang2021structured,
  title={Structured graph learning for clustering and semi-supervised classification},
  author={Kang, Zhao and Peng, Chong and Cheng, Qiang and Liu, Xinwang and Peng, Xi and Xu, Zenglin and Tian, Ling},
  journal={Pattern Recognition},
  volume={110},
  pages={107627},
  year={2021},
  publisher={Elsevier}
}
@article{wong2021nasopharyngeal,
  title={Nasopharyngeal carcinoma: an evolving paradigm},
  author={Wong, Kenneth CW and Hui, Edwin P and Lo, Kwok-Wai and Lam, Wai Kei Jacky and Johnson, David and Li, Lili and Tao, Qian and Chan, Kwan Chee Allen and To, Ka-Fai and King, Ann D and others},
  journal={Nature Reviews Clinical Oncology},
  volume={18},
  number={11},
  pages={679--695},
  year={2021},
  publisher={Nature Publishing Group UK London}
}
@article{lin2023evolutionary,
  title={Evolutionary route of nasopharyngeal carcinoma metastasis and its clinical significance},
  author={Lin, Mei and Zhang, Xiao-Long and You, Rui and Liu, You-Ping and Cai, Hong-Min and Liu, Li-Zhi and Liu, Xue-Fei and Zou, Xiong and Xie, Yu-Long and Zou, Ru-Hai and others},
  journal={Nature Communications},
  volume={14},
  number={1},
  pages={610},
  year={2023},
  publisher={Nature Publishing Group UK London}
}
@article{sun2019future,
  title={Future of radiotherapy in nasopharyngeal carcinoma},
  author={Sun, Xue-Song and Li, Xiao-Yun and Chen, Qiu-Yan and Tang, Lin-Quan and Mai, Hai-Qiang},
  journal={The British journal of radiology},
  volume={92},
  number={1102},
  pages={20190209},
  year={2019},
  publisher={The British Institute of Radiology.}
}
@article{dionisi2019clinical,
  title={Clinical results of proton therapy reirradiation for recurrent nasopharyngeal carcinoma},
  author={Dionisi, F and Croci, S and Giacomelli, I and Cianchetti, M and Caldara, A and Bertolin, M and Vanoni, V and Pertile, R and Widesott, L and Farace, P and others},
  journal={Acta Oncologica},
  volume={58},
  number={9},
  pages={1238--1245},
  year={2019},
  publisher={Taylor \& Francis}
}
@article{chen2022failure,
  title={Failure patterns of recurrence and metastasis after intensity-modulated radiotherapy in patients with nasopharyngeal carcinoma: results of a multicentric clinical study},
  author={Chen, Sixia and Yang, Dong and Liao, Xueyin and Lu, Ying and Yu, Bin and Xu, Meng and Bin, Ying and Zhou, Pingting and Yang, Zhendong and Liu, Kang and others},
  journal={Frontiers in Oncology},
  volume={11},
  pages={5730},
  year={2022},
  publisher={Frontiers}
}
@article{mcdermott2001aetiology,
  title={The aetiology of nasopharyngeal carcinoma},
  author={McDermott, AL and Dutt, SN and Watkinson, JC},
  journal={Clinical Otolaryngology \& Allied Sciences},
  volume={26},
  number={2},
  pages={82--92},
  year={2001},
  publisher={Wiley Online Library}
}
@article{wided2015nasopharyngeal,
  title={Nasopharyngeal carcinoma incidence in North Tunisia: negative trends in adults but not adolescents, 1994-2006},
  author={Wided, Ben Ayoub Hizem and Hamouda, Boussen and Hamadi, Hsairi and Mansour, Ben Abdallah},
  journal={Asian Pacific Journal of Cancer Prevention},
  volume={16},
  number={7},
  pages={2653--2657},
  year={2015},
  publisher={Asian Pacific Journal of Cancer Prevention}
}
@article{ahmad2021incidence,
  title={The Incidence of Nasopharyngeal Carcinoma in Pahang State of Malaysia from 2012 to 2017},
  author={Ahmad, Azmir and Yassin, Wardah Mohd and Rahman, Nor Azlina A and Leman, Wan Ishlah and Rosla, Luqman and Paul, Mark and Yussof, Sharifah Nor Ezura Syed and Mohamed, Kamariah and Abdullah, Kahairi and Kaderi, Mohd Arifin and others},
  journal={The Malaysian journal of medical sciences: MJMS},
  volume={28},
  number={1},
  pages={66},
  year={2021},
  publisher={School of Medical Sciences, Universiti Sains Malaysia}
}
@article{chen2019nasopharyngeal,
  title={Nasopharyngeal carcinoma},
  author={Chen, Yu-Pei and Chan, Anthony TC and Le, Quynh-Thu and Blanchard, Pierre and Sun, Ying and Ma, Jun},
  journal={The Lancet},
  volume={394},
  number={10192},
  pages={64--80},
  year={2019},
  publisher={Elsevier}
}
@article{lee2019current,
  title={Current perspectives on nasopharyngeal carcinoma},
  author={Lee, Hui Mei and Okuda, Kazuhida Shaun and Gonz{\'a}lez, Ferm{\'\i}n E and Patel, Vyomesh},
  journal={Human Cell Transformation: Advances in Cell Models for the Study of Cancer and Aging},
  pages={11--34},
  year={2019},
  publisher={Springer}
}
@article{linton2021nasopharyngeal,
  title={Nasopharyngeal carcinoma among the Bidayuh of Sarawak, Malaysia: History and risk factors},
  author={Linton, Reagan Entigu and Daker, Maelinda and Khoo, Alan Soo-Beng and Choo, Diana Chung Yiing and Viljoen, Mignon and Neilsen, Paul M},
  journal={Oncology letters},
  volume={22},
  number={1},
  pages={1--8},
  year={2021},
  publisher={Spandidos Publications}
}
@article{ho2012patterns,
  title={Patterns of regional lymph node metastasis of nasopharyngeal carcinoma: a meta-analysis of clinical evidence},
  author={Ho, Francis CH and Tham, Ivan WK and Earnest, Arul and Lee, Khai Mun and Lu, Jiade J},
  journal={BMC cancer},
  volume={12},
  pages={1--13},
  year={2012},
  publisher={Springer}
}
@article{bommert2020benchmark,
  title={Benchmark for filter methods for feature selection in high-dimensional classification data},
  author={Bommert, Andrea and Sun, Xudong and Bischl, Bernd and Rahnenf{\"u}hrer, J{\"o}rg and Lang, Michel},
  journal={Computational Statistics \& Data Analysis},
  volume={143},
  pages={106839},
  year={2020},
  publisher={Elsevier}
}
@article{gabrys2018design,
  title={Design and selection of machine learning methods using radiomics and dosiomics for normal tissue complication probability modeling of xerostomia},
  author={Gabry{\'s}, Hubert S and Buettner, Florian and Sterzing, Florian and Hauswald, Henrik and Bangert, Mark},
  journal={Frontiers in oncology},
  volume={8},
  pages={35},
  year={2018},
  publisher={Frontiers Media SA}
}
@article{cohen2009pearson,
  title={Pearson correlation coefficient},
  author={Cohen, Israel and Huang, Yiteng and Chen, Jingdong and Benesty, Jacob and Benesty, Jacob and Chen, Jingdong and Huang, Yiteng and Cohen, Israel},
  journal={Noise reduction in speech processing},
  pages={1--4},
  year={2009},
  publisher={Springer}
}
@book{bertsekas2003convex,
  title={Convex analysis and optimization},
  author={Bertsekas, Dimitri and Nedic, Angelia and Ozdaglar, Asuman},
  volume={1},
  year={2003},
  publisher={Athena Scientific}
}
@article{zhang2023radiomic,
  title={Radiomic feature repeatability and its impact on prognostic model generalizability: A multi-institutional study on nasopharyngeal carcinoma patients},
  author={Zhang, Jiang and Lam, Sai-Kit and Teng, Xinzhi and Ma, Zongrui and Han, Xinyang and Zhang, Yuanpeng and Cheung, Andy Lai-Yin and Chau, Tin-Ching and Ng, Sherry Chor-Yi and Lee, Francis Kar-Ho and others},
  journal={Radiotherapy and Oncology},
  volume={183},
  pages={109578},
  year={2023},
  publisher={Elsevier}
}
@article{chen2011novel,
  title={A novel bankruptcy prediction model based on an adaptive fuzzy k-nearest neighbor method},
  author={Chen, Hui-Ling and Yang, Bo and Wang, Gang and Liu, Jie and Xu, Xin and Wang, Su-Jing and Liu, Da-You},
  journal={Knowledge-Based Systems},
  volume={24},
  number={8},
  pages={1348--1359},
  year={2011},
  publisher={Elsevier}
}
@article{chen2011support,
  title={A support vector machine classifier with rough set-based feature selection for breast cancer diagnosis},
  author={Chen, Hui-Ling and Yang, Bo and Liu, Jie and Liu, Da-You},
  journal={Expert systems with applications},
  volume={38},
  number={7},
  pages={9014--9022},
  year={2011},
  publisher={Elsevier}
}
@article{zuo2013effective,
  title={Effective detection of Parkinson's disease using an adaptive fuzzy k-nearest neighbor approach},
  author={Zuo, Wan-Li and Wang, Zhi-Yan and Liu, Tong and Chen, Hui-Ling},
  journal={Biomedical Signal Processing and Control},
  volume={8},
  number={4},
  pages={364--373},
  year={2013},
  publisher={Elsevier}
}
@article{lam2022multi,
  title={Multi-organ multi-omics prediction of adaptive radiotherapy eligibility in patients with nasopharyngeal carcinoma},
  author={Lam, Sai Kit and others},
  year={2022},
  publisher={Hong Kong Polytechnic University}
}
@article{zhang2022integration,
  title={Integration of an imbalance framework with novel high-generalizable classifiers for radiomics-based distant metastases prediction of advanced nasopharyngeal carcinoma},
  author={Zhang, Yuanpeng and Lam, Saikit and Yu, Tingting and Teng, Xinzhi and Zhang, Jiang and Lee, Francis Kar-ho and Au, Kwok-hung and Yip, Celia Wai-yi and Wang, Shitong and Cai, Jing},
  journal={Knowledge-based systems},
  volume={235},
  pages={107649},
  year={2022},
  publisher={Elsevier}
}
@inproceedings{zhang2022repeatability,
  title={Repeatability of Radiomic Features Against Simulated Scanning Position Stochasticity Across Imaging Modalities and Cancer Subtypes: A Retrospective Multi-institutional Study on Head-and-Neck Cases},
  author={Zhang, Jiang and Lam, Saikit and Teng, Xinzhi and Zhang, Yuanpeng and Ma, Zongrui and Lee, Francis and Au, Kwok-hung and Yip, Wai Yi and Chang, Tien Yee Amy and Chan, Wing Chi Lawrence and others},
  booktitle={Computational Mathematics Modeling in Cancer Analysis: First International Workshop, CMMCA 2022, Held in Conjunction with MICCAI 2022, Singapore, September 18, 2022, Proceedings},
  pages={21--34},
  year={2022},
  organization={Springer}
}
@article{teng2022improving,
  title={Improving radiomic model reliability using robust features from perturbations for head-and-neck carcinoma},
  author={Teng, Xinzhi and Zhang, Jiang and Ma, Zongrui and Zhang, Yuanpeng and Lam, Saikit and Li, Wen and Xiao, Haonan and Li, Tian and Li, Bing and Zhou, Ta and others},
  journal={Frontiers in Oncology},
  volume={12},
  year={2022},
  publisher={Frontiers Media SA}
}
@article{teng2022building,
  title={Building reliable radiomic models using image perturbation},
  author={Teng, Xinzhi and Zhang, Jiang and Zwanenburg, Alex and Sun, Jiachen and Huang, Yuhua and Lam, Saikit and Zhang, Yuanpeng and Li, Bing and Zhou, Ta and Xiao, Haonan and others},
  journal={Scientific Reports},
  volume={12},
  number={1},
  pages={1--10},
  year={2022},
  publisher={Springer}
}
@article{dong2023multimodal,
  title={Multimodal Data Integration to Predict Severe Acute Oral Mucositis of Nasopharyngeal Carcinoma Patients Following Radiation Therapy},
  author={Dong, Yanjing and Zhang, Jiang and Lam, Saikt and Zhang, Xinyu and Liu, Anran and Teng, Xinzhi and Han, Xinyang and Cao, Jin and Li, Hongxiang and Lee, Francis Karho and others},
  journal={Cancers},
  volume={15},
  number={7},
  pages={2032},
  year={2023},
  publisher={MDPI}
}
@article{ho2023association,
  title={Association of Multi-Phasic MR-Based Radiomic and Dosimetric Features with Treatment Response in Unresectable Hepatocellular Carcinoma Patients following Novel Sequential TACE-SBRT-Immunotherapy},
  author={Ho, Lok-Man and Lam, Sai-Kit and Zhang, Jiang and Chiang, Chi-Leung and Chan, Albert Chi-Yan and Cai, Jing},
  journal={Cancers},
  volume={15},
  number={4},
  pages={1105},
  year={2023},
  publisher={MDPI}
}
@article{li2022function,
  title={Function-Wise Dual-Omics analysis for radiation pneumonitis prediction in lung cancer patients},
  author={Li, Bing and Ren, Ge and Guo, Wei and Zhang, Jiang and Lam, Sai-Kit and Zheng, Xiaoli and Teng, Xinzhi and Wang, Yunhan and Yang, Yang and Dan, Qinfu and others},
  journal={Computational Intelligence in Personalized Medicine},
  pages={110},
  year={2022},
  publisher={Frontiers Media SA}
}
@article{zheng2023multi,
  title={Multi-omics to predict acute radiation esophagitis in patients with lung cancer treated with intensity-modulated radiation therapy},
  author={Zheng, Xiaoli and Guo, Wei and Wang, Yunhan and Zhang, Jiang and Zhang, Yuanpeng and Cheng, Chen and Teng, Xinzhi and Lam, Saikit and Zhou, Ta and Ma, Zongrui and others},
  journal={European Journal of Medical Research},
  volume={28},
  number={1},
  pages={1--10},
  year={2023},
  publisher={BioMed Central}
}
@article{chen2013efficient,
  title={An efficient diagnosis system for detection of Parkinson’s disease using fuzzy k-nearest neighbor approach},
  author={Chen, Hui-Ling and Huang, Chang-Cheng and Yu, Xin-Gang and Xu, Xin and Sun, Xin and Wang, Gang and Wang, Su-Jing},
  journal={Expert systems with applications},
  volume={40},
  number={1},
  pages={263--271},
  year={2013},
  publisher={Elsevier}
}
@article{chen2016efficient,
  title={An efficient hybrid kernel extreme learning machine approach for early diagnosis of Parkinson's disease},
  author={Chen, Hui-Ling and Wang, Gang and Ma, Chao and Cai, Zhen-Nao and Liu, Wen-Bin and Wang, Su-Jing},
  journal={Neurocomputing},
  volume={184},
  pages={131--144},
  year={2016},
  publisher={Elsevier}
}
@article{chen2012support,
  title={Support vector machine based diagnostic system for breast cancer using swarm intelligence},
  author={Chen, Hui-Ling and Yang, Bo and Wang, Gang and Wang, Su-Jing and Liu, Jie and Liu, Da-You},
  journal={Journal of medical systems},
  volume={36},
  pages={2505--2519},
  year={2012},
  publisher={Springer}
}