@InProceedings{Alemi_2017_DVI,
  author    = {Alexander A. Alemi and Ian Fischer and Joshua V. Dillon and Kevin Murphy},
  booktitle = {Proc. Int. Conf. Learn. Represent.},
  title     = {Deep Variational Information Bottleneck},
  year      = {2017},
  url       = {https://openreview.net/forum?id=HyxQzBceg},
}

@Article{Arimoto_1972_Aaf,
  author  = {Arimoto, S.},
  journal = {IEEE Trans. Inf. Theory},
  title   = {An algorithm for computing the capacity of arbitrary discrete memoryless channels},
  year    = {1972},
  number  = {1},
  pages   = {14-20},
  volume  = {18},
  doi     = {10.1109/TIT.1972.1054753},
}

@Article{Blahut_1972_Coc,
  author  = {Blahut, R.},
  journal = {IEEE Trans. Inf. Theory},
  title   = {Computation of channel capacity and rate-distortion functions},
  year    = {1972},
  number  = {4},
  pages   = {460-473},
  volume  = {18},
  doi     = {10.1109/TIT.1972.1054855},
}

@Article{Bourtsoulatze_2019_DJS,
  author   = {Bourtsoulatze, Eirina and Burth Kurka, David and Gündüz, Deniz},
  journal  = {IEEE Trans. on Cogn. Commun. Netw.},
  title    = {Deep Joint Source-Channel Coding for Wireless Image Transmission},
  year     = {2019},
  number   = {3},
  pages    = {567-579},
  volume   = {5},
  doi      = {10.1109/TCCN.2019.2919300},
  keywords = {Image coding;Decoding;Transform coding;Wireless communication;Channel coding;Signal to noise ratio;Fading channels;Joint source-channel coding;deep neural networks;image communications},
}

@Article{Chaccour_2024_LDM,
  author   = {Chaccour, Christina and Saad, Walid and Debbah, Mérouane and Han, Zhu and Poor, H. Vincent},
  journal  = {IEEE Commun. Surv. Tut.},
  title    = {Less Data, More Knowledge: Building Next Generation Semantic Communication Networks},
  year     = {2024},
  pages    = {1-1},
  doi      = {10.1109/COMST.2024.3412852},
  keywords = {Semantics;Transmitters;Receivers;Artificial intelligence;Wireless networks;Cognition;Knowledge engineering;Semantic communications;Semantic language;Causality;Knowledge;Reasoning;6G;AI-Native;Machine Learning;Beyond 6G},
}

@InProceedings{Choi_2019_NJS,
  author    = {Choi, Kristy and Tatwawadi, Kedar and Grover, Aditya and Weissman, Tsachy and Ermon, Stefano},
  booktitle = {Proc. Int. Conf. Mach. Learn.},
  title     = {Neural Joint Source-Channel Coding},
  year      = {2019},
  editor    = {Chaudhuri, Kamalika and Salakhutdinov, Ruslan},
  pages     = {1182--1192},
  publisher = {PMLR},
  series    = {Proceedings of Machine Learning Research},
  volume    = {97},
}

@Book{Cover_1991_EoI,
  author    = {Cover, Thomas M and Thomas, Joy A.},
  editor    = {Joy A. Thomas},
  publisher = {Wiley-Interscience},
  title     = {Elements of Information Theory},
  year      = {1991},
  address   = {New York, NY, USA},
  edition   = {Second edition},
  isbn      = {9780471241959},
}

@InProceedings{Diao_2024_TOS,
  author    = {Diao, Yufeng and Meng, Zhen and Xu, Xiangmin and She, Changyang and Zhao, Philip G.},
  booktitle = {Proc. IEEE Conf. Comput. Commun. Workshops},
  title     = {Task-Oriented Source-Channel Coding Enabled Autonomous Driving Based on Edge Computing},
  year      = {2024},
  pages     = {1-6},
  doi       = {10.1109/INFOCOMWKSHPS61880.2024.10620735},
  keywords  = {Training;Source coding;Machine vision;Conferences;Mission critical systems;Bandwidth;Task analysis;Joint source-channel coding;AI-driven communication;autonomous driving;edge computing},
}

@InProceedings{Diao_2024_TTG,
  author    = {Diao, Yufeng and Zhang, Yichi and Zhao, Philip G. and De Martini, Daniele},
  booktitle = {Proc. IEEE Conf. Comput. Commun. Workshops},
  title     = {{TAGIC}: Task-Guided Image Communication Framework for Seamless Teleoperation},
  year      = {2024},
  pages     = {1-2},
  doi       = {10.1109/INFOCOMWKSHPS61880.2024.10620864},
  keywords  = {Resistance;Knowledge engineering;Image coding;Image communication;Conferences;Bandwidth;Reliability;Joint source-channel coding;teleoperated driving},
}

@InProceedings{Dubois_2021_LCf,
  author    = {Dubois, Yann and Bloem-Reddy, Benjamin and Ullrich, Karen and Maddison, Chris J},
  booktitle = {Proc. Adv. Neural Inf. Process. Syst.},
  title     = {Lossy Compression for Lossless Prediction},
  year      = {2021},
  editor    = {M. Ranzato and A. Beygelzimer and Y. Dauphin and P.S. Liang and J. Wortman Vaughan},
  pages     = {14014--14028},
  publisher = {Curran Associates, Inc.},
  volume    = {34},
  url       = {https://proceedings.neurips.cc/paper_files/paper/2021/file/7535bbb91c8fde347ad861f293126633-Paper.pdf},
}

@InProceedings{Farsad_2018_DLf,
  author    = {Farsad, Nariman and Rao, Milind and Goldsmith, Andrea},
  booktitle = {Proc. IEEE Int. Conf. Acoust., Speech, Signal Process.},
  title     = {Deep Learning for Joint Source-Channel Coding of Text},
  year      = {2018},
  pages     = {2326-2330},
  doi       = {10.1109/ICASSP.2018.8461983},
  keywords  = {Decoding;Channel coding;Machine learning;Source coding;Image coding;Training;deep learning;natural language processing;Joint source-channel coding},
}

@Article{Gallager_1962_Ldp,
  author   = {Gallager, R.},
  journal  = {IRE Trans. Inf. Theory},
  title    = {Low-density parity-check codes},
  year     = {1962},
  number   = {1},
  pages    = {21-28},
  volume   = {8},
  doi      = {10.1109/TIT.1962.1057683},
  keywords = {Parity check codes;Maximum likelihood decoding;Equations;Channel capacity;Information theory;Error probability;Linear approximation;Data communication;Error correction codes;Communication systems},
}

@InProceedings{Hu_2022_RSC,
  author    = {Hu, Qiyu and Zhang, Guangyi and Qin, Zhijin and Cai, Yunlong and Yu, Guanding and Li, Geoffrey Ye},
  booktitle = {Proc. IEEE Veh. Technol. Conf.},
  title     = {Robust Semantic Communications Against Semantic Noise},
  year      = {2022},
  pages     = {1-6},
  doi       = {10.1109/VTC2022-Fall57202.2022.10012843},
  keywords  = {Training;Vehicular and wireless technologies;Communication systems;Transmitters;Simulation;Semantics;Symbols},
}

@InProceedings{Hu_2024_DTO,
  author    = {Hu, Wuxia and Yang, Yang and Eldar, Yonina C. and Feng, Chunyan and Guo, Caili},
  booktitle = {Proc. IEEE Int. Conf. Acoust., Speech, Signal Process.},
  title     = {Digital Task-Oriented Communication with Hardware-Limited Task-Based Quantization},
  year      = {2024},
  pages     = {171-175},
  doi       = {10.1109/ICASSP48485.2024.10447281},
  keywords  = {Quantization (signal);Closed-form solutions;Simulation;Receivers;Digital communication;Decoding;Internet of Things;Hardware-limited quantization;task-oriented communication;task-based quantization},
}

@Article{Huang_2020_DCR,
  author   = {Huang, Xiufeng and Zhou, Sheng},
  journal  = {IEEE Internet Things J.},
  title    = {Dynamic Compression Ratio Selection for Edge Inference Systems With Hard Deadlines},
  year     = {2020},
  number   = {9},
  pages    = {8800-8810},
  volume   = {7},
  doi      = {10.1109/JIOT.2020.2997128},
  keywords = {Task analysis;Servers;Performance evaluation;Internet of Things;Machine learning;Machine learning algorithms;Wireless communication;Data compression;edge computing;edge inference;machine learning;Markov decision process (MDP)},
}

@InProceedings{Jankowski_2020_JDE,
  author    = {Jankowski, Mikolaj and Gündüz, Deniz and Mikolajczyk, Krystian},
  booktitle = {Proc. IEEE Int. Workshop Signal Process. Adv. Wireless Commun.},
  title     = {Joint Device-Edge Inference over Wireless Links with Pruning},
  year      = {2020},
  pages     = {1-5},
  doi       = {10.1109/SPAWC48557.2020.9154306},
  keywords  = {Wireless communication;Servers;Training;Performance evaluation;Computer architecture;Convolutional codes;Convolution;Joint source-channel coding;image classification;IoT;pruning;deep learning},
}

@Article{Jankowski_2021_WIR,
  author   = {Jankowski, Mikolaj and Gündüz, Deniz and Mikolajczyk, Krystian},
  journal  = {IEEE J. Sel. Areas Commun.},
  title    = {Wireless Image Retrieval at the Edge},
  year     = {2021},
  number   = {1},
  pages    = {89-100},
  volume   = {39},
  doi      = {10.1109/JSAC.2020.3036955},
  keywords = {Image edge detection;Servers;Task analysis;Wireless communication;Performance evaluation;Image coding;Feature extraction;Deep learning;Internet of Things;image retrieval;joint source-channel coding;person re-identification},
}

@Article{Kang_2023_PSi,
  author   = {Kang, Jiawen and Du, Hongyang and Li, Zonghang and Xiong, Zehui and Ma, Shiyao and Niyato, Dusit and Li, Yuan},
  journal  = {IEEE J. Sel. Areas Commun.},
  title    = {Personalized Saliency in Task-Oriented Semantic Communications: Image Transmission and Performance Analysis},
  year     = {2023},
  number   = {1},
  pages    = {186-201},
  volume   = {41},
  doi      = {10.1109/JSAC.2022.3221990},
  keywords = {Task analysis;Semantics;Resource management;Autonomous aerial vehicles;Semantic communication;personalized saliency;resource allocation;unmanned aerial vehicle},
}

@InProceedings{Kurka_2019_SRo,
  author    = {Kurka, David Burth and Gündüz, Deniz},
  booktitle = {Proc. IEEE Int. Workshop Signal Process. Adv. Wireless Commun.},
  title     = {Successive Refinement of Images with Deep Joint Source-Channel Coding},
  year      = {2019},
  pages     = {1-5},
  doi       = {10.1109/SPAWC.2019.8815416},
}

@Article{Kurka_2020_DfD,
  author   = {Kurka, David Burth and Gündüz, Deniz},
  journal  = {IEEE J. Sel. Areas Inf. Theory},
  title    = {{DeepJSCC}-f: Deep Joint Source-Channel Coding of Images With Feedback},
  year     = {2020},
  number   = {1},
  pages    = {178-193},
  volume   = {1},
  doi      = {10.1109/JSAIT.2020.2987203},
  keywords = {Channel coding;Image coding;Output feedback;Noise measurement;Decoding;Feedback channel;joint source-channel coding;deep neural networks;image communications},
}

@InProceedings{Li_2018_EIO,
  author    = {Li, En and Zhou, Zhi and Chen, Xu},
  booktitle = {Proc. Workshop Mobile Edge Commun.},
  title     = {Edge Intelligence: On-Demand Deep Learning Model Co-Inference with Device-Edge Synergy},
  year      = {2018},
  address   = {New York, NY, USA},
  pages     = {31–36},
  publisher = {Association for Computing Machinery},
  series    = {MECOMM'18},
  doi       = {10.1145/3229556.3229562},
  isbn      = {9781450359061},
  keywords  = {Computation Offloading, Deep Learning, Edge Computing, Edge Intelligence},
  location  = {Budapest, Hungary},
  numpages  = {6},
  url       = {https://doi.org/10.1145/3229556.3229562},
}

@Article{Li_2020_EAO,
  author   = {Li, En and Zeng, Liekang and Zhou, Zhi and Chen, Xu},
  journal  = {IEEE Trans. Wireless Commun.},
  title    = {Edge {AI}: On-Demand Accelerating Deep Neural Network Inference via Edge Computing},
  year     = {2020},
  number   = {1},
  pages    = {447-457},
  volume   = {19},
  doi      = {10.1109/TWC.2019.2946140},
  keywords = {Computational modeling;Mobile handsets;Bandwidth;Image edge detection;Performance evaluation;Edge computing;Wireless communication;Edge intelligence;edge computing;deep learning;computation offloading},
}

@InProceedings{Pandey_2023_GOC,
  author    = {Pandey, Shashi Raj and Bui, Van Phuc and Popovski, Petar},
  booktitle = {Proc. IEEE Int. Symp. Pers. Indoor Mob. Radio Commun.},
  title     = {Goal-Oriented Communications in Federated Learning via Feedback on Risk-Averse Participation},
  year      = {2023},
  pages     = {1-6},
  doi       = {10.1109/PIMRC56721.2023.10293926},
  keywords  = {Performance evaluation;Training;Costs;Federated learning;Simulation;Semantics;Propagation losses;goal-oriented communication;federated learning;risk analysis;semantic feedback;multi-arm bandit (MAB);personalization},
}

@Article{Qin_2021_ScP,
  author  = {Qin, Zhijin and Tao, Xiaoming and Lu, Jianhua and Tong, Wen and Li, Geoffrey Ye},
  journal = {arXiv preprint arXiv:2201.01389},
  title   = {Semantic communications: Principles and challenges},
  year    = {2021},
}

@InProceedings{Shao_2020_BAE,
  author    = {Shao, Jiawei and Zhang, Jun},
  booktitle = {Proc. IEEE Int. Conf. Commun. Workshops},
  title     = {{BottleNet}++: An End-to-End Approach for Feature Compression in Device-Edge Co-Inference Systems},
  year      = {2020},
  pages     = {1-6},
  doi       = {10.1109/ICCWorkshops49005.2020.9145068},
  keywords  = {Decoding;Channel coding;Fault tolerance;Fault tolerant systems;Convolutional codes;Computational modeling;Deep Learning;Device-Edge Co-Inference;Network Compression;Joint Source-Chanel Coding},
}

@Article{Shao_2020_CCT,
  author   = {Shao, Jiawei and Zhang, Jun},
  journal  = {IEEE Commun. Mag.},
  title    = {Communication-Computation Trade-off in Resource-Constrained Edge Inference},
  year     = {2020},
  number   = {12},
  pages    = {20-26},
  volume   = {58},
  doi      = {10.1109/MCOM.001.2000373},
  keywords = {Computational modeling;Neural networks;Encoding;Servers;Artificial intelligence;Resource management;Edge computing},
}

@InProceedings{Shao_2021_BGA,
  author    = {Shao, Jiawei and Zhang, Haowei and Mao, Yuyi and Zhang, Jun},
  booktitle = {Proc. IEEE Int. Conf. Acoust., Speech, Signal Process.},
  title     = {{Branchy-GNN}: A Device-Edge Co-Inference Framework for Efficient Point Cloud Processing},
  year      = {2021},
  pages     = {8488-8492},
  doi       = {10.1109/ICASSP39728.2021.9414831},
  keywords  = {Three-dimensional displays;Speech coding;Signal processing;Feature extraction;Data processing;Mobile handsets;Graph neural networks;Point cloud;graph neural network (GNN);joint source-channel coding (JSCC);edge inference},
}

@Article{Shao_2022_LTO,
  author   = {Shao, Jiawei and Mao, Yuyi and Zhang, Jun},
  journal  = {IEEE J. Sel. Areas Commun.},
  title    = {Learning Task-Oriented Communication for Edge Inference: An Information Bottleneck Approach},
  year     = {2022},
  number   = {1},
  pages    = {197-211},
  volume   = {40},
  doi      = {10.1109/JSAC.2021.3126087},
  keywords = {Task analysis;Servers;Mutual information;Image coding;Feature extraction;Dynamic scheduling;Mobile handsets;Task-oriented communication;edge inference;information bottleneck;variational inference},
}

@Article{Shao_2023_SCW,
  author   = {Shao, Yulin and Gunduz, Deniz},
  journal  = {IEEE Wireless Commun. Lett.},
  title    = {Semantic Communications With Discrete-Time Analog Transmission: A {PAPR} Perspective},
  year     = {2023},
  number   = {3},
  pages    = {510-514},
  volume   = {12},
  doi      = {10.1109/LWC.2022.3232946},
  keywords = {Peak to average power ratio;Semantics;Symbols;OFDM;Passband;Radio frequency;Image reconstruction;Semantic communication;DeepJSCC;discrete-time analog transmission;PAPR},
}

@Article{Shao_2023_TOC,
  author   = {Shao, Jiawei and Mao, Yuyi and Zhang, Jun},
  journal  = {IEEE Trans. Wireless Commun.},
  title    = {Task-Oriented Communication for Multidevice Cooperative Edge Inference},
  year     = {2023},
  number   = {1},
  pages    = {73-87},
  volume   = {22},
  doi      = {10.1109/TWC.2022.3191118},
  keywords = {Feature extraction;Task analysis;Encoding;Servers;Distributed databases;Performance evaluation;Image edge detection;Task-oriented communication;information bottleneck (IB);distributed information bottleneck (DIB);variational inference},
}

@InProceedings{Shi_2019_IDE,
  author    = {Shi, Wenqi and Hou, Yunzhong and Zhou, Sheng and Niu, Zhisheng and Zhang, Yang and Geng, Lu},
  booktitle = {Proc. IEEE Conf. Comput. Commun. Workshops},
  title     = {Improving Device-Edge Cooperative Inference of Deep Learning via 2-Step Pruning},
  year      = {2019},
  pages     = {1-6},
  doi       = {10.1109/INFOCOMWKSHPS47286.2019.9093772},
  keywords  = {Mobile handsets;Computational modeling;Servers;Wireless communication;Encoding;Machine learning;Training},
}

@Article{Shi_2020_CEE,
  author   = {Shi, Yuanming and Yang, Kai and Jiang, Tao and Zhang, Jun and Letaief, Khaled B.},
  journal  = {IEEE Commun. Surv. Tut.},
  title    = {Communication-Efficient Edge {AI}: Algorithms and Systems},
  year     = {2020},
  number   = {4},
  pages    = {2167-2191},
  volume   = {22},
  doi      = {10.1109/COMST.2020.3007787},
  keywords = {Artificial intelligence;Training data;Computational modeling;Data models;Servers;Task analysis;Neural networks;Wireless communication;Artificial intelligence;edge AI;edge intelligence;communication efficiency},
}

@InProceedings{Song_2020_Inj,
  author    = {Song, Yuxuan and Xu, Minkai and Yu, Lantao and Zhou, Hao and Shao, Shuo and Yu, Yong},
  booktitle = {Proc. AAAI Conf. Artif. Intell.},
  title     = {Infomax neural joint source-channel coding via adversarial bit flip},
  year      = {2020},
  number    = {04},
  pages     = {5834--5841},
  volume    = {34},
}

@Article{Strinati_2024_GOa,
  author  = {Strinati, Emilio Calvanese and Di Lorenzo, Paolo and Sciancalepore, Vincenzo and Aijaz, Adnan and Kountouris, Marios and G{\"u}nd{\"u}z, Deniz and Popovski, Petar and Sana, Mohamed and Stavrou, Photios A and Soret, Beatriz and others},
  journal = {arXiv preprint arXiv:2402.07573},
  title   = {Goal-Oriented and Semantic Communication in {6G} {AI}-Native Networks: The {6G-GOALS} Approach},
  year    = {2024},
}

@Article{Sun_2024_DIB,
  author   = {Sun, Lunan and Yang, Yang and Chen, Mingzhe and Guo, Caili},
  journal  = {IEEE Trans. Commun.},
  title    = {Disentangled Information Bottleneck guided Privacy-Protective Joint Source and Channel Coding for Image Transmission},
  year     = {2024},
  pages    = {1-1},
  doi      = {10.1109/TCOMM.2024.3406381},
  keywords = {Image reconstruction;Neural networks;Image communication;Encryption;Distortion;Protection;Noise measurement;Joint source and channel coding;information bottleneck;semantic communication;privacy protection},
}

@Article{Taubman_2002_JIc,
  author    = {Taubman, David S and Marcellin, Michael W and Rabbani, Majid},
  journal   = {J. Electron. Imag.},
  title     = {{JPEG2000}: Image compression fundamentals, standards and practice},
  year      = {2002},
  number    = {2},
  pages     = {286--287},
  volume    = {11},
  publisher = {Society of Photo-Optical Instrumentation Engineers},
}

@InProceedings{Tishby_1999_TIB,
  author    = {Tishby, Naftali and Pereira, Fernando C and Bialek, William},
  booktitle = {Proc. Annu. Allerton Conf. Commun. Control Comput.},
  title     = {The Information Bottleneck Method},
  year      = {1999},
  pages     = {368–377},
}

@InProceedings{Tishby_2015_Dla,
  author    = {Tishby, Naftali and Zaslavsky, Noga},
  booktitle = {Proc. IEEE Inf. Theory Workshop},
  title     = {Deep learning and the information bottleneck principle},
  year      = {2015},
  pages     = {1-5},
  doi       = {10.1109/ITW.2015.7133169},
  keywords  = {Distortion;Complexity theory;Mutual information;Bifurcation;Computer architecture;Feature extraction;Training},
}

@InProceedings{Tung_2022_DLA,
  author    = {Tung, Tze-Yang and Gündüz, Deniz},
  booktitle = {Proc. IEEE Int. Workshop Signal Process. Adv. Wireless Commun.},
  title     = {Deep-Learning-Aided Wireless Video Transmission},
  year      = {2022},
  pages     = {1-5},
  doi       = {10.1109/SPAWC51304.2022.9833990},
  keywords  = {Wireless communication;Degradation;Visualization;Bandwidth;Transforms;Channel allocation;Video compression;Joint source-channel coding;wireless video transmission;deep learning;reinforcement learning},
}

@Article{Tung_2022_DQC,
  author  = {Tung, Tze-Yang and Kurka, David Burth and Jankowski, Mikolaj and Gündüz, Deniz},
  journal = {IEEE J. Sel. Areas Inf. Theory},
  title   = {Deep{JSCC-Q}: Constellation Constrained Deep Joint Source-Channel Coding},
  year    = {2022},
  number  = {4},
  pages   = {720-731},
  volume  = {3},
  doi     = {10.1109/JSAIT.2022.3231042},
}

@InProceedings{Tung_2022_DQCa,
  author    = {Tung, Tze-Yang and Kurka, David Burth and Jankowski, Mikolaj and Gündüz, Deniz},
  booktitle = {Proc. IEEE Int. Conf. Commun.},
  title     = {{DeepJSCC-Q}: Channel Input Constrained Deep Joint Source-Channel Coding},
  year      = {2022},
  pages     = {3880-3885},
  doi       = {10.1109/ICC45855.2022.9838671},
  keywords  = {Wireless communication;Image quality;Training;Protocols;Image coding;Image communication;Modulation;Joint source-channel coding;wireless image transmission;deep neural networks},
}

@Article{Wallace_1992_TJs,
  author   = {Wallace, G.K.},
  journal  = {IEEE Trans. Consum. Electron.},
  title    = {The {JPEG} still picture compression standard},
  year     = {1992},
  number   = {1},
  pages    = {18-34},
  volume   = {38},
  doi      = {10.1109/30.125072},
  keywords = {Transform coding;Image coding;Digital images;Image storage;Standards development;ISO standards;Gray-scale;Displays;Costs;Facsimile},
}

@Article{Wei_2023_FSL,
  author   = {Wei, Hao and Ni, Wanli and Xu, Wenjun and Wang, Fengyu and Niyato, Dusit and Zhang, Ping},
  journal  = {IEEE Commun. Lett.},
  title    = {Federated Semantic Learning Driven by Information Bottleneck for Task-Oriented Communications},
  year     = {2023},
  number   = {10},
  pages    = {2652-2656},
  volume   = {27},
  doi      = {10.1109/LCOMM.2023.3307096},
  keywords = {Semantics;Task analysis;Transmitters;Receivers;Training;Feature extraction;Decoding;Federated semantic learning;information bottleneck;semantic knowledge graph;task-oriented communications},
}

@Article{Xie_2021_DLE,
  author   = {Xie, Huiqiang and Qin, Zhijin and Li, Geoffrey Ye and Juang, Biing-Hwang},
  journal  = {IEEE Trans. Signal Process.},
  title    = {Deep Learning Enabled Semantic Communication Systems},
  year     = {2021},
  pages    = {2663-2675},
  volume   = {69},
  doi      = {10.1109/TSP.2021.3071210},
  keywords = {Semantics;Communication systems;Receivers;Transmitters;Task analysis;Encoding;Training;Deep learning;end-to-end communication;semantic communication;transfer learning;Transformer},
}

@Article{Yang_2022_OGD,
  author   = {Yang, Mingyu and Bian, Chenghong and Kim, Hun-Seok},
  journal  = {IEEE Trans. Cogn. Commun. Netw.},
  title    = {{OFDM}-Guided Deep Joint Source Channel Coding for Wireless Multipath Fading Channels},
  year     = {2022},
  number   = {2},
  pages    = {584-599},
  volume   = {8},
  doi      = {10.1109/TCCN.2022.3151935},
  keywords = {OFDM;Fading channels;Deep learning;Channel estimation;Channel coding;Wireless communication;Training;Joint source channel coding;deep neural networks;OFDM;model-driven machine learning},
}

@Article{Yang_2023_SCf,
  author   = {Yang, Wanting and Du, Hongyang and Liew, Zi Qin and Lim, Wei Yang Bryan and Xiong, Zehui and Niyato, Dusit and Chi, Xuefen and Shen, Xuemin and Miao, Chunyan},
  journal  = {IEEE Commun. Surv. Tut.},
  title    = {Semantic Communications for Future Internet: Fundamentals, Applications, and Challenges},
  year     = {2023},
  number   = {1},
  pages    = {213-250},
  volume   = {25},
  doi      = {10.1109/COMST.2022.3223224},
  keywords = {6G mobile communication;Semantics;Measurement;Internet;Electronic mail;Channel coding;Metaverse;Semantic communication;sixth-generation Internet;goal-oriented communication;effectiveness coding;artificial intelligence},
}

@Article{_2020_ISf,
  journal  = {IEEE Standard 802.15.4-2020},
  title    = {{IEEE} Standard for Low-Rate Wireless Networks},
  year     = {2020},
  pages    = {1-800},
  doi      = {10.1109/IEEESTD.2020.9144691},
  keywords = {IEEE Standards;Wireless networks;Wireless persaonal area networks;Radio frequency;Personal area networks;Ad hoc networks;Low power electronics;ad hoc network;IEEE 802.15.4;low data rate;low power;LR-WPAN;mobility;PAN;personal area network;radio frequency;RF;short range;wireless;wireless network;wireless personal area network;WPAN},
}

