@article{Costanzino2024TestTT,
  title={Test Time Training for Industrial Anomaly Segmentation},
  author={Alex Costanzino and Pierluigi Zama Ramirez and Mirko Del Moro and Agostino Aiezzo and Giuseppe Lisanti and Samuele Salti and Luigi Di Stefano},
  journal={2024 IEEE/CVF Conference on Computer Vision and Pattern Recognition Workshops (CVPRW)},
  year={2024},
  pages={3910-3920},
  url={https://api.semanticscholar.org/CorpusID:268987537}
}

@article{Kim2022DiffusionDM,
  title={Diffusion Deformable Model for 4D Temporal Medical Image Generation},
  author={Boah Kim and Jong-Chul Ye},
  journal={ArXiv},
  year={2022},
  volume={abs/2206.13295},
  url={https://api.semanticscholar.org/CorpusID:250072903}
}

@article{balakrishnan2019voxelmorph,
  title={VoxelMorph: A Learning Framework for Deformable Medical Image Registration},
  author={Guha Balakrishnan and Amy Zhao and Mert Rory Sabuncu and John V. Guttag and Adrian V. Dalca},
  journal={IEEE Transactions on Medical Imaging},
  year={2018},
  volume={38},
  pages={1788-1800},
  url={https://api.semanticscholar.org/CorpusID:52281312}
}

@article{chen2019self,
  title={Self-supervised learning for medical image analysis using image context restoration},
  author={Chen, Liang and Bentley, Paul and Mori, Kensaku and Misawa, Kazunari and Fujiwara, Michitaka and Rueckert, Daniel},
  journal={Medical image analysis},
  volume={58},
  pages={101539},
  year={2019},
  publisher={Elsevier}
}

@inproceedings{chen2020simple,
  title={A simple framework for contrastive learning of visual representations},
  author={Chen, Ting and Kornblith, Simon and Norouzi, Mohammad and Hinton, Geoffrey},
  booktitle={International conference on machine learning},
  pages={1597--1607},
  year={2020},
  organization={PMLR}
}

@article{doersch2015unsupervised,
  title={Unsupervised Visual Representation Learning by Context Prediction},
  author={Carl Doersch and Abhinav Kumar Gupta and Alexei A. Efros},
  journal={2015 IEEE International Conference on Computer Vision (ICCV)},
  year={2015},
  pages={1422-1430},
  url={https://api.semanticscholar.org/CorpusID:9062671}
}

@article{gandelsman2022test,
  title={Test-time training with masked autoencoders},
  author={Gandelsman, Yossi and Sun, Yu and Chen, Xinlei and Efros, Alexei},
  journal={Advances in Neural Information Processing Systems},
  volume={35},
  pages={29374--29385},
  year={2022}
}

@article{gidaris2018unsupervised,
  title={Unsupervised representation learning by predicting image rotations},
  author={Gidaris, Spyros and Singh, Praveer and Komodakis, Nikos},
  journal={arXiv preprint arXiv:1803.07728},
  year={2018}
}

@inproceedings{kim2024data,
  title={Data-Efficient Unsupervised Interpolation Without Any Intermediate Frame for 4D Medical Images},
  author={Kim, JungEun and Yoon, Hangyul and Park, Geondo and Kim, Kyungsu and Yang, Eunho},
  booktitle={Proceedings of the IEEE/CVF Conference on Computer Vision and Pattern Recognition},
  pages={11353--11364},
  year={2024}
}

@article{liang2024comprehensive,
  title={A comprehensive survey on test-time adaptation under distribution shifts},
  author={Liang, Jian and He, Ran and Tan, Tieniu},
  journal={International Journal of Computer Vision},
  pages={1--34},
  year={2024},
  publisher={Springer}
}

@inproceedings{noroozi2016unsupervised,
  title={Unsupervised learning of visual representations by solving jigsaw puzzles},
  author={Noroozi, Mehdi and Favaro, Paolo},
  booktitle={European conference on computer vision},
  pages={69--84},
  year={2016},
  organization={Springer}
}

@article{sun2019unsupervised,
  title={Unsupervised domain adaptation through self-supervision},
  author={Sun, Yu and Tzeng, Eric and Darrell, Trevor and Efros, Alexei A},
  journal={arXiv preprint arXiv:1909.11825},
  year={2019}
}

@inproceedings{sun2020test,
  title={Test-time training with self-supervision for generalization under distribution shifts},
  author={Sun, Yu and Wang, Xiaolong and Liu, Zhuang and Miller, John and Efros, Alexei and Hardt, Moritz},
  booktitle={International conference on machine learning},
  pages={9229--9248},
  year={2020},
  organization={PMLR}
}

@inproceedings{taleb2021multimodal,
  title={Multimodal self-supervised learning for medical image analysis},
  author={Taleb, Aiham and Lippert, Christoph and Klein, Tassilo and Nabi, Moin},
  booktitle={International conference on information processing in medical imaging},
  pages={661--673},
  year={2021},
  organization={Springer}
}

