% Use this file for citations not found in the ACL Anthology (contained in "anthology.bib").

@inproceedings{liu2024emollms,
  title={Emollms: A series of emotional large language models and annotation tools for comprehensive affective analysis},
  author={Liu, Zhiwei and Yang, Kailai and Xie, Qianqian and Zhang, Tianlin and Ananiadou, Sophia},
  booktitle={Proceedings of the 30th ACM SIGKDD Conference on Knowledge Discovery and Data Mining},
  pages={5487--5496},
  year={2024}
}

@article{Liu2024CALFAL,
      title={CALF: Aligning LLMs for Time Series Forecasting via Cross-modal Fine-Tuning}, 
      author={Liu, Peiyuan and Guo, Hang and Dai, Tao and Li, Naiqi and Bao, Jigang and Ren, Xudong and Jiang, Yong and Xia, Shu-Tao},
      journal={arXiv preprint arXiv:2403.07300},
      year={2024},
      arxiv={2403.07300}
}

@article{yin2023survey,
  title={A survey on multimodal large language models},
  author={Yin, Shukang and Fu, Chaoyou and Zhao, Sirui and Li, Ke and Sun, Xing and Xu, Tong and Chen, Enhong},
  journal={arXiv preprint arXiv:2306.13549},
  year={2023}
}

@article{tsimpoukelli2021multimodal,
  title={Multimodal few-shot learning with frozen language models},
  author={Tsimpoukelli, Maria and Menick, Jacob L and Cabi, Serkan and Eslami, SM and Vinyals, Oriol and Hill, Felix},
  journal={Advances in Neural Information Processing Systems},
  volume={34},
  pages={200--212},
  year={2021}
}


@inproceedings{jin2023time,
  title={{Time-LLM}: Time series forecasting by reprogramming large language models},
  author={Jin, Ming and Wang, Shiyu and Ma, Lintao and Chu, Zhixuan and Zhang, James Y and Shi, Xiaoming and Chen, Pin-Yu and Liang, Yuxuan and Li, Yuan-Fang and Pan, Shirui and Wen, Qingsong},
  booktitle={International Conference on Learning Representations (ICLR)},
  year={2024}
}

@article{zubiaga2016analysing,
  title={Analysing how people orient to and spread rumours in social media by looking at conversational threads},
  author={Zubiaga, Arkaitz and Liakata, Maria and Procter, Rob and Wong Sak Hoi, Geraldine and Tolmie, Peter},
  journal={PloS one},
  volume={11},
  number={3},
  pages={e0150989},
  year={2016},
  publisher={Public Library of Science San Francisco, CA USA}
}

@article{kochkina2018all,
  title={All-in-one: Multi-task learning for rumour verification},
  author={Kochkina, Elena and Liakata, Maria and Zubiaga, Arkaitz},
  journal={arXiv preprint arXiv:1806.03713},
  year={2018}
}

@inproceedings{gorrell2019semeval,
  title={Semeval-2019 task 7: Rumoureval 2019: Determining rumour veracity and support for rumours},
  author={Gorrell, Genevieve and Kochkina, Elena and Liakata, Maria and Aker, Ahmet and Zubiaga, Arkaitz and Bontcheva, Kalina and Derczynski, Leon},
  booktitle={Proceedings of the 13th International Workshop on Semantic Evaluation: NAACL HLT 2019},
  pages={845--854},
  year={2019},
  organization={Association for Computational Linguistics}
}

@article{liu2024emotion,
  title={Emotion detection for misinformation: A review},
  author={Liu, Zhiwei and Zhang, Tianlin and Yang, Kailai and Thompson, Paul and Yu, Zeping and Ananiadou, Sophia},
  journal={Information Fusion},
  pages={102300},
  year={2024},
  publisher={Elsevier}
}

@inproceedings{ghanem2021fakeflow,
  title={FakeFlow: Fake News Detection by Modeling the Flow of Affective Information},
  author={Ghanem, Bilal and Ponzetto, Simone Paolo and Rosso, Paolo and Rangel, Francisco},
  booktitle={Proceedings of the 16th Conference of the European Chapter of the Association for Computational Linguistics: Main Volume},
  pages={679--689},
  year={2021}
}

@inproceedings{Liu2024ConspEmoLLMCT,
  title={ConspEmoLLM: Conspiracy Theory Detection Using an Emotion-Based Large Language Model},
  author={Zhiwei Liu and Boyang Liu and Paul Thompson and Kailai Yang and Sophia Ananiadou},
  booktitle={European Conference on Artificial Intelligence},
  year={2024},
  url={https://api.semanticscholar.org/CorpusID:268349061}
}

@article{liu2024raemollm,
  title={RAEmoLLM: Retrieval Augmented LLMs for Cross-Domain Misinformation Detection Using In-Context Learning based on Emotional Information},
  author={Liu, Zhiwei and Yang, Kailai and Xie, Qianqian and de Kock, Christine and Ananiadou, Sophia and Hovy, Eduard},
  journal={arXiv preprint arXiv:2406.11093},
  year={2024}
}

@article{luvembe2023dual,
  title={Dual emotion based fake news detection: A deep attention-weight update approach},
  author={Luvembe, Alex Munyole and Li, Weimin and Li, Shaohua and Liu, Fangfang and Xu, Guiqiong},
  journal={Information Processing \& Management},
  volume={60},
  number={4},
  pages={103354},
  year={2023},
  publisher={Elsevier}
}

@inproceedings{zhang2021mining,
  title={Mining dual emotion for fake news detection},
  author={Zhang, Xueyao and Cao, Juan and Li, Xirong and Sheng, Qiang and Zhong, Lei and Shu, Kai},
  booktitle={Proceedings of the web conference 2021},
  pages={3465--3476},
  year={2021}
}

@article{wang2024multimodal,
  title={Multimodal dual emotion with fusion of visual sentiment for rumor detection},
  author={Wang, Ge and Tan, Li and Shang, Ziliang and Liu, He},
  journal={Multimedia Tools and Applications},
  volume={83},
  number={10},
  pages={29805--29826},
  year={2024},
  publisher={Springer}
}

@article{qu2024temporal,
  title={Temporal Enhanced Multimodal Graph Neural Networks for Fake News Detection},
  author={Qu, Zhibo and Zhou, Fuhui and Song, Xi and Ding, Rui and Yuan, Lu and Wu, Qihui},
  journal={IEEE Transactions on Computational Social Systems},
  year={2024},
  publisher={IEEE}
}

@article{guo2022temporal,
  title={A temporal-and-spatial flow based multimodal fake news detection by pooling and attention blocks},
  author={Guo, Ying and Song, Wei},
  journal={IEEE Access},
  volume={10},
  pages={131498--131508},
  year={2022},
  publisher={IEEE}
}

@inproceedings{wakamiya2020fake,
  title={Fake news detection using temporal features extracted via point process},
  author={Wakamiya, Taichi Murayama Shoko and Aramaki, Eiji},
  booktitle={Proceedings of the workshop on cyber social threats},
  year={2020}
}

@article{cavalcante2024early,
  title={Early detection of fake news on virtual social networks: A time-aware approach based on crowd signals},
  author={Cavalcante, Argus Antonio Barbosa and Freire, Paulo M{\'a}rcio Souza and Goldschmidt, Ronaldo Ribeiro and Justel, Claudia Marcela},
  journal={Expert Systems with Applications},
  volume={247},
  pages={123350},
  year={2024},
  publisher={Elsevier}
}

@inproceedings{nie2021early,
  title={Early Rumour Detection with Temporal Bidirectional Graph Convolutional Networks},
  author={Nie, H Ruda and Zhang, Xiuzhen and Li, Minyi and Baglin, James and Dolgun, Anil},
  booktitle={Proceedings of Twenty-fifth Pacific Asia Conference on Information Systems (PACIS'2021)},
  pages={1--14},
  year={2021},
  organization={Association for Information Systems}
}

@article{choudhry2022emotion,
  title={An emotion-aware multitask approach to fake news and rumor detection using transfer learning},
  author={Choudhry, Arjun and Khatri, Inder and Jain, Minni and Vishwakarma, Dinesh Kumar},
  journal={IEEE Transactions on Computational Social Systems},
  volume={11},
  number={1},
  pages={588--599},
  year={2022},
  publisher={IEEE}
}

@inproceedings{chakraborty2023emotion,
  title={An emotion-guided approach to domain adaptive fake news detection using adversarial learning (student abstract)},
  author={Chakraborty, Arkajyoti and Khatri, Inder and Choudhry, Arjun and Gupta, Pankaj and Vishwakarma, Dinesh Kumar and Prasad, Mukesh},
  booktitle={Proceedings of the AAAI Conference on Artificial Intelligence},
  volume={37},
  pages={16178--16179},
  year={2023}
}

@inproceedings{kumari2021multitask,
  title={A multitask learning approach for fake news detection: Novelty, emotion, and sentiment lend a helping hand},
  author={Kumari, Rina and Ashok, Nischal and Ghosal, Tirthankar and Ekbal, Asif},
  booktitle={2021 International Joint Conference on Neural Networks (IJCNN)},
  pages={1--8},
  year={2021},
  organization={IEEE}
}

@incollection{ekbal2024multitasking,
  title={Multitasking for Misinformation Detection},
  author={Ekbal, Asif and Kumari, Rina},
  booktitle={Dive into Misinformation Detection: From Unimodal to Multimodal and Multilingual Misinformation Detection},
  pages={67--82},
  year={2024},
  publisher={Springer}
}

@article{jiang2024makes,
  title={What makes sentiment signals work? Sentiment and stance multi-task learning for fake news detection},
  author={Jiang, Siqi and Guo, Zeqi and Ouyang, Jihong},
  journal={Knowledge-Based Systems},
  volume={303},
  pages={112395},
  year={2024},
  publisher={Elsevier}
}

@article{kumari2024emotion,
  title={Emotion aided multi-task framework for video embedded misinformation detection},
  author={Kumari, Rina and Gupta, Vipin and Ashok, Nischal and Ghosal, Tirthankar and Ekbal, Asif},
  journal={Multimedia Tools and Applications},
  volume={83},
  number={12},
  pages={37161--37185},
  year={2024},
  publisher={Springer}
}

@article{augenstein2024factuality,
  title={Factuality challenges in the era of large language models and opportunities for fact-checking},
  author={Augenstein, Isabelle and Baldwin, Timothy and Cha, Meeyoung and Chakraborty, Tanmoy and Ciampaglia, Giovanni Luca and Corney, David and DiResta, Renee and Ferrara, Emilio and Hale, Scott and Halevy, Alon and others},
  journal={Nature Machine Intelligence},
  pages={1--12},
  year={2024},
  publisher={Nature Publishing Group UK London}
}

@inproceedings{hu2024bad,
  title={Bad actor, good advisor: Exploring the role of large language models in fake news detection},
  author={Hu, Beizhe and Sheng, Qiang and Cao, Juan and Shi, Yuhui and Li, Yang and Wang, Danding and Qi, Peng},
  booktitle={Proceedings of the AAAI Conference on Artificial Intelligence},
  volume={38},
  pages={22105--22113},
  year={2024}
}

@article{wang2024llm,
  title={LLM-GAN: Construct Generative Adversarial Network Through Large Language Models For Explainable Fake News Detection},
  author={Wang, Yifeng and Gu, Zhouhong and Zhang, Siwei and Zheng, Suhang and Wang, Tao and Li, Tianyu and Feng, Hongwei and Xiao, Yanghua},
  journal={arXiv preprint arXiv:2409.01787},
  year={2024}
}

@inproceedings{cheung2023factllama,
  title={Factllama: Optimizing instruction-following language models with external knowledge for automated fact-checking},
  author={Cheung, Tsun-Hin and Lam, Kin-Man},
  booktitle={2023 Asia Pacific Signal and Information Processing Association Annual Summit and Conference (APSIPA ASC)},
  pages={846--853},
  year={2023},
  organization={IEEE}
}

@inproceedings{liu2024fka,
  title={Fka-owl: Advancing multimodal fake news detection through knowledge-augmented lvlms},
  author={Liu, Xuannan and Li, Peipei and Huang, Huaibo and Li, Zekun and Cui, Xing and Liang, Jiahao and Qin, Lixiong and Deng, Weihong and He, Zhaofeng},
  booktitle={Proceedings of the 32nd ACM International Conference on Multimedia},
  pages={10154--10163},
  year={2024}
}

@article{liu2024can,
  title={Can Large Language Models Detect Rumors on Social Media?},
  author={Liu, Qiang and Tao, Xiang and Wu, Junfei and Wu, Shu and Wang, Liang},
  journal={arXiv preprint arXiv:2402.03916},
  year={2024}
}

@article{difonzo2007rumor,
  title={Rumor, gossip and urban legends},
  author={DiFonzo, Nicholas and Bordia, Prashant},
  journal={Diogenes},
  volume={54},
  number={1},
  pages={19--35},
  year={2007},
  publisher={Cambridge University Press \& Assessment}
}

@article{cao2018automatic,
  title={Automatic rumor detection on microblogs: A survey},
  author={Cao, Juan and Guo, Junbo and Li, Xirong and Jin, Zhiwei and Guo, Han and Li, Jintao},
  journal={arXiv preprint arXiv:1807.03505},
  year={2018}
}

@inproceedings{reshi2019rumor,
  title={Rumor proliferation and detection in Social Media: A Review},
  author={Reshi, Junaid Ali and Ali, Rashid},
  booktitle={2019 5th international conference on advanced computing \& communication systems (ICACCS)},
  pages={1156--1160},
  year={2019},
  organization={IEEE}
}


@inproceedings{lester2021power,
  title={The Power of Scale for Parameter-Efficient Prompt Tuning},
  author={Lester, Brian and Al-Rfou, Rami and Constant, Noah},
  booktitle={Proceedings of the 2021 Conference on Empirical Methods in Natural Language Processing},
  pages={3045--3059},
  year={2021}
}

@inproceedings{li2021prefix,
  title={Prefix-Tuning: Optimizing Continuous Prompts for Generation},
  author={Li, Xiang Lisa and Liang, Percy},
  booktitle={Proceedings of the 59th Annual Meeting of the Association for Computational Linguistics and the 11th International Joint Conference on Natural Language Processing (Volume 1: Long Papers)},
  pages={4582--4597},
  year={2021}
}

@article{peng2024model,
  title={Model tuning or prompt Tuning? a study of large language models for clinical concept and relation extraction},
  author={Peng, Cheng and Yang, XI and Smith, Kaleb E and Yu, Zehao and Chen, Aokun and Bian, Jiang and Wu, Yonghui},
  journal={Journal of biomedical informatics},
  volume={153},
  pages={104630},
  year={2024},
  publisher={Elsevier}
}

@article{he2024prompt,
  title={Prompt Tuning in Biomedical Relation Extraction},
  author={He, Jianping and Li, Fang and Li, Jianfu and Hu, Xinyue and Nian, Yi and Xiang, Yang and Wang, Jingqi and Wei, Qiang and Li, Yiming and Xu, Hua and others},
  journal={Journal of Healthcare Informatics Research},
  volume={8},
  number={2},
  pages={206--224},
  year={2024},
  publisher={Springer}
}

@article{fischer2024prompt,
  title={Prompt tuning for parameter-efficient medical image segmentation},
  author={Fischer, Marc and Bartler, Alexander and Yang, Bin},
  journal={Medical Image Analysis},
  volume={91},
  pages={103024},
  year={2024},
  publisher={Elsevier}
}

@article{ma2024focused,
  title={Focused prefix tuning for controllable text generation},
  author={Ma, Congda and Zhao, Tianyu and Shing, Makoto and Sawada, Kei and Okumura, Manabu},
  journal={Journal of Natural Language Processing},
  volume={31},
  number={1},
  pages={250--265},
  year={2024},
  publisher={The Association for Natural Language Processing}
}

@inproceedings{wu2024apt,
  title={APT: Adaptive Prefix-Tuning on Pretrained Models for Code Intelligence},
  author={Wu, Yue and Yu, Yaoxiang and Yuan, Zhengming and Huang, Siwei and Cai, Bo},
  booktitle={2024 International Joint Conference on Neural Networks (IJCNN)},
  pages={1--10},
  year={2024},
  organization={IEEE}
}

@article{ma2024image,
  title={Image super-resolution: prefix-tuning transformer from large to small datasets},
  author={Ma, Hui and Jia, Dongli and Xiao, Jiejie and Su, Xu},
  journal={Signal, Image and Video Processing},
  volume={18},
  number={3},
  pages={2753--2761},
  year={2024},
  publisher={Springer}
}

@article{JIANG2024112395,
title = {What makes sentiment signals work? Sentiment and stance multi-task learning for fake news detection},
journal = {Knowledge-Based Systems},
volume = {303},
pages = {112395},
year = {2024},
issn = {0950-7051},
doi = {https://doi.org/10.1016/j.knosys.2024.112395},
author = {Siqi Jiang and Zeqi Guo and Jihong Ouyang},
}

@inproceedings{Radford2019LanguageMA,
  title={Language Models are Unsupervised Multitask Learners},
  author={Alec Radford and Jeff Wu and Rewon Child and David Luan and Dario Amodei and Ilya Sutskever},
  year={2019},
  url={https://api.semanticscholar.org/CorpusID:160025533}
}

@article{team2024gemma1,
  title={Gemma: Open models based on gemini research and technology},
  author={Team, Gemma and Mesnard, Thomas and Hardin, Cassidy and Dadashi, Robert and Bhupatiraju, Surya and Pathak, Shreya and Sifre, Laurent and Rivi{\`e}re, Morgane and Kale, Mihir Sanjay and Love, Juliette and others},
  journal={arXiv preprint arXiv:2403.08295},
  year={2024}
}

@article{devlin2018bert6,
  title={Bert: Pre-training of deep bidirectional transformers for language understanding},
  author={Devlin, Jacob and Chang, Ming-Wei and Lee, Kenton and Toutanova, Kristina},
  journal={arXiv preprint arXiv:1810.04805},
  year={2018}
}

@article{liu2019roberta7,
  title={Roberta: A robustly optimized bert pretraining approach},
  author={Liu, Yinhan and Ott, Myle and Goyal, Naman and Du, Jingfei and Joshi, Mandar and Chen, Danqi and Levy, Omer and Lewis, Mike and Zettlemoyer, Luke and Stoyanov, Veselin},
  journal={arXiv preprint arXiv:1907.11692},
  year={2019}
}

@article{loshchilov2017decoupled4,
  title={Decoupled weight decay regularization},
  author={Loshchilov, Ilya and Hutter, Frank},
  journal={arXiv preprint arXiv:1711.05101},
  year={2017}
}

@article{dodge2020fine1,
  title={Fine-tuning pretrained language models: Weight initializations, data orders, and early stopping},
  author={Dodge, Jesse and Ilharco, Gabriel and Schwartz, Roy and Farhadi, Ali and Hajishirzi, Hannaneh and Smith, Noah},
  journal={arXiv preprint arXiv:2002.06305},
  year={2020}
}

@article{liashchynskyi2019grid,
  title={Grid search, random search, genetic algorithm: a big comparison for NAS},
  author={Liashchynskyi, Petro and Liashchynskyi, Pavlo},
  journal={arXiv preprint arXiv:1912.06059},
  year={2019}
}

@inproceedings{pennington2014glove,
  title={Glove: Global vectors for word representation},
  author={Pennington, Jeffrey and Socher, Richard and Manning, Christopher D},
  booktitle={Proceedings of the 2014 conference on empirical methods in natural language processing (EMNLP)},
  pages={1532--1543},
  year={2014}
}

@inproceedings{enayet2017niletmrg,
  title={NileTMRG at SemEval-2017 task 8: Determining rumour and veracity support for rumours on Twitter.},
  author={Enayet, Omar and El-Beltagy, Samhaa R},
  booktitle={Proceedings of the 11th international workshop on semantic evaluation (SemEval-2017)},
  pages={470--474},
  year={2017}
}

@inproceedings{ajao2019sentiment,
  title={Sentiment aware fake news detection on online social networks},
  author={Ajao, Oluwaseun and Bhowmik, Deepayan and Zargari, Shahrzad},
  booktitle={ICASSP 2019-2019 IEEE International Conference on Acoustics, Speech and Signal Processing (ICASSP)},
  pages={2507--2511},
  year={2019},
  organization={IEEE}
}

@inproceedings{giachanou2019leveraging,
  title={Leveraging emotional signals for credibility detection},
  author={Giachanou, Anastasia and Rosso, Paolo and Crestani, Fabio},
  booktitle={Proceedings of the 42nd international ACM SIGIR conference on research and development in information retrieval},
  pages={877--880},
  year={2019}
}

@article{li2021joint,
  title={Joint stance and rumor detection in hierarchical heterogeneous graph},
  author={Li, Chen and Peng, Hao and Li, Jianxin and Sun, Lichao and Lyu, Lingjuan and Wang, Lihong and Philip, S Yu and He, Lifang},
  journal={IEEE transactions on neural networks and learning systems},
  volume={33},
  number={6},
  pages={2530--2542},
  year={2021},
  publisher={IEEE}
}

@article{kim2023detecting,
  title={Detecting Rumor veracity with only textual information by double-channel structure},
  author={Kim, Alex and Yoon, Sangwon},
  journal={arXiv preprint arXiv:2312.03195},
  year={2023}
}


@article{su2020motivations3,
  title={Motivations, methods and metrics of misinformation detection: an NLP perspective},
  author={Su, Qi and Wan, Mingyu and Liu, Xiaoqian and Huang, Chu-Ren},
  journal={Natural Language Processing Research},
  volume={1},
  number={1-2},
  pages={1--13},
  year={2020},
  publisher={Athena Publishing}
}

@inproceedings{nguyen2012predicting,
  title={Predicting collective sentiment dynamics from time-series social media},
  author={Nguyen, Le T and Wu, Pang and Chan, William and Peng, Wei and Zhang, Ying},
  booktitle={Proceedings of the first international workshop on issues of sentiment discovery and opinion mining},
  pages={1--8},
  year={2012}
}

@article{chawla2002smote,
  title={SMOTE: synthetic minority over-sampling technique},
  author={Chawla, Nitesh V and Bowyer, Kevin W and Hall, Lawrence O and Kegelmeyer, W Philip},
  journal={Journal of artificial intelligence research},
  volume={16},
  pages={321--357},
  year={2002}
}

@inproceedings{li2019eventai,
  title={eventAI at SemEval-2019 task 7: Rumor detection on social media by exploiting content, user credibility and propagation information},
  author={Li, Quanzhi and Zhang, Qiong and Si, Luo},
  booktitle={Proceedings of the 13th international workshop on semantic evaluation},
  pages={855--859},
  year={2019}
}

@article{wang2018using,
  title={Using a stacked residual LSTM model for sentiment intensity prediction},
  author={Wang, Jin and Peng, Bo and Zhang, Xuejie},
  journal={Neurocomputing},
  volume={322},
  pages={93--101},
  year={2018},
  publisher={Elsevier}
}

@inproceedings{hutto2014vader,
  title={Vader: A parsimonious rule-based model for sentiment analysis of social media text},
  author={Hutto, Clayton and Gilbert, Eric},
  booktitle={Proceedings of the international AAAI conference on web and social media},
  volume={8},
  number={1},
  pages={216--225},
  year={2014}
}

@article{achiam2023gpt,
  title={Gpt-4 technical report},
  author={Achiam, Josh and Adler, Steven and Agarwal, Sandhini and Ahmad, Lama and Akkaya, Ilge and Aleman, Florencia Leoni and Almeida, Diogo and Altenschmidt, Janko and Altman, Sam and Anadkat, Shyamal and others},
  journal={arXiv preprint arXiv:2303.08774},
  year={2023}
}

@article{chang2024efficient,
  title={Efficient Prompting Methods for Large Language Models: A Survey},
  author={Chang, Kaiyan and Xu, Songcheng and Wang, Chenglong and Luo, Yingfeng and Xiao, Tong and Zhu, Jingbo},
  journal={arXiv preprint arXiv:2404.01077},
  year={2024}
}

@inproceedings{ma2017detect,
  title={Detect rumors in microblog posts using propagation structure via kernel learning},
  author={Ma, Jing and Gao, Wei and Wong, Kam-Fai},
  year={2017},
  organization={Association for Computational Linguistics}
}

@inproceedings{bian2020rumor,
  title={Rumor detection on social media with bi-directional graph convolutional networks},
  author={Bian, Tian and Xiao, Xi and Xu, Tingyang and Zhao, Peilin and Huang, Wenbing and Rong, Yu and Huang, Junzhou},
  booktitle={Proceedings of the AAAI conference on artificial intelligence},
  volume={34},
  number={01},
  pages={549--556},
  year={2020}
}

@inproceedings{lin2023zero,
  title={Zero-shot rumor detection with propagation structure via prompt learning},
  author={Lin, Hongzhan and Yi, Pengyao and Ma, Jing and Jiang, Haiyun and Luo, Ziyang and Shi, Shuming and Liu, Ruifang},
  booktitle={Proceedings of the AAAI Conference on Artificial Intelligence},
  volume={37},
  number={4},
  pages={5213--5221},
  year={2023}
}

@inproceedings{ma-etal-2018-rumor,
    title = "Rumor Detection on {T}witter with Tree-structured Recursive Neural Networks",
    author = "Ma, Jing  and
      Gao, Wei  and
      Wong, Kam-Fai",
    editor = "Gurevych, Iryna  and
      Miyao, Yusuke",
    booktitle = "Proceedings of the 56th Annual Meeting of the Association for Computational Linguistics (Volume 1: Long Papers)",
    month = jul,
    year = "2018",
    address = "Melbourne, Australia",
    publisher = "Association for Computational Linguistics",
    url = "https://aclanthology.org/P18-1184/",
    doi = "10.18653/v1/P18-1184",
    pages = "1980--1989"
}

@inproceedings{khoo2020interpretable,
  title={Interpretable rumor detection in microblogs by attending to user interactions},
  author={Khoo, Ling Min Serena and Chieu, Hai Leong and Qian, Zhong and Jiang, Jing},
  booktitle={Proceedings of the AAAI conference on artificial intelligence},
  volume={34},
  number={05},
  pages={8783--8790},
  year={2020}
}

@inproceedings{yang-etal-2023-rumor,
    title = "Rumor Detection on Social Media with Crowd Intelligence and {C}hat{GPT}-Assisted Networks",
    author = "Yang, Chang  and
      Zhang, Peng  and
      Qiao, Wenbo  and
      Gao, Hui  and
      Zhao, Jiaming",
    editor = "Bouamor, Houda  and
      Pino, Juan  and
      Bali, Kalika",
    booktitle = "Proceedings of the 2023 Conference on Empirical Methods in Natural Language Processing",
    month = dec,
    year = "2023",
    address = "Singapore",
    publisher = "Association for Computational Linguistics",
    url = "https://aclanthology.org/2023.emnlp-main.347/",
    doi = "10.18653/v1/2023.emnlp-main.347",
    pages = "5705--5717"
}