@inproceedings{Liu2024ConspEmoLLMCT,
  title={ConspEmoLLM: Conspiracy Theory Detection Using an Emotion-Based Large Language Model},
  author={Zhiwei Liu and Boyang Liu and Paul Thompson and Kailai Yang and Sophia Ananiadou},
  booktitle={European Conference on Artificial Intelligence},
  year={2024},
  url={https://api.semanticscholar.org/CorpusID:268349061}
}

@article{augenstein2024factuality,
  title={Factuality challenges in the era of large language models and opportunities for fact-checking},
  author={Augenstein, Isabelle and Baldwin, Timothy and Cha, Meeyoung and Chakraborty, Tanmoy and Ciampaglia, Giovanni Luca and Corney, David and DiResta, Renee and Ferrara, Emilio and Hale, Scott and Halevy, Alon and others},
  journal={Nature Machine Intelligence},
  pages={1--12},
  year={2024},
  publisher={Nature Publishing Group UK London}
}

@inproceedings{bian2020rumor,
  title={Rumor detection on social media with bi-directional graph convolutional networks},
  author={Bian, Tian and Xiao, Xi and Xu, Tingyang and Zhao, Peilin and Huang, Wenbing and Rong, Yu and Huang, Junzhou},
  booktitle={Proceedings of the AAAI conference on artificial intelligence},
  volume={34},
  number={01},
  pages={549--556},
  year={2020}
}

@article{cavalcante2024early,
  title={Early detection of fake news on virtual social networks: A time-aware approach based on crowd signals},
  author={Cavalcante, Argus Antonio Barbosa and Freire, Paulo M{\'a}rcio Souza and Goldschmidt, Ronaldo Ribeiro and Justel, Claudia Marcela},
  journal={Expert Systems with Applications},
  volume={247},
  pages={123350},
  year={2024},
  publisher={Elsevier}
}

@inproceedings{chakraborty2023emotion,
  title={An emotion-guided approach to domain adaptive fake news detection using adversarial learning (student abstract)},
  author={Chakraborty, Arkajyoti and Khatri, Inder and Choudhry, Arjun and Gupta, Pankaj and Vishwakarma, Dinesh Kumar and Prasad, Mukesh},
  booktitle={Proceedings of the AAAI Conference on Artificial Intelligence},
  volume={37},
  pages={16178--16179},
  year={2023}
}

@inproceedings{cheung2023factllama,
  title={Factllama: Optimizing instruction-following language models with external knowledge for automated fact-checking},
  author={Cheung, Tsun-Hin and Lam, Kin-Man},
  booktitle={2023 Asia Pacific Signal and Information Processing Association Annual Summit and Conference (APSIPA ASC)},
  pages={846--853},
  year={2023},
  organization={IEEE}
}

@article{choudhry2022emotion,
  title={An emotion-aware multitask approach to fake news and rumor detection using transfer learning},
  author={Choudhry, Arjun and Khatri, Inder and Jain, Minni and Vishwakarma, Dinesh Kumar},
  journal={IEEE Transactions on Computational Social Systems},
  volume={11},
  number={1},
  pages={588--599},
  year={2022},
  publisher={IEEE}
}

@incollection{ekbal2024multitasking,
  title={Multitasking for Misinformation Detection},
  author={Ekbal, Asif and Kumari, Rina},
  booktitle={Dive into Misinformation Detection: From Unimodal to Multimodal and Multilingual Misinformation Detection},
  pages={67--82},
  year={2024},
  publisher={Springer}
}

@inproceedings{enayet2017niletmrg,
  title={NileTMRG at SemEval-2017 task 8: Determining rumour and veracity support for rumours on Twitter.},
  author={Enayet, Omar and El-Beltagy, Samhaa R},
  booktitle={Proceedings of the 11th international workshop on semantic evaluation (SemEval-2017)},
  pages={470--474},
  year={2017}
}

@article{fischer2024prompt,
  title={Prompt tuning for parameter-efficient medical image segmentation},
  author={Fischer, Marc and Bartler, Alexander and Yang, Bin},
  journal={Medical Image Analysis},
  volume={91},
  pages={103024},
  year={2024},
  publisher={Elsevier}
}

@inproceedings{ghanem2021fakeflow,
  title={FakeFlow: Fake News Detection by Modeling the Flow of Affective Information},
  author={Ghanem, Bilal and Ponzetto, Simone Paolo and Rosso, Paolo and Rangel, Francisco},
  booktitle={Proceedings of the 16th Conference of the European Chapter of the Association for Computational Linguistics: Main Volume},
  pages={679--689},
  year={2021}
}

@article{guo2022temporal,
  title={A temporal-and-spatial flow based multimodal fake news detection by pooling and attention blocks},
  author={Guo, Ying and Song, Wei},
  journal={IEEE Access},
  volume={10},
  pages={131498--131508},
  year={2022},
  publisher={IEEE}
}

@inproceedings{hu2024bad,
  title={Bad actor, good advisor: Exploring the role of large language models in fake news detection},
  author={Hu, Beizhe and Sheng, Qiang and Cao, Juan and Shi, Yuhui and Li, Yang and Wang, Danding and Qi, Peng},
  booktitle={Proceedings of the AAAI Conference on Artificial Intelligence},
  volume={38},
  pages={22105--22113},
  year={2024}
}

@article{jiang2024makes,
  title={What makes sentiment signals work? Sentiment and stance multi-task learning for fake news detection},
  author={Jiang, Siqi and Guo, Zeqi and Ouyang, Jihong},
  journal={Knowledge-Based Systems},
  volume={303},
  pages={112395},
  year={2024},
  publisher={Elsevier}
}

@inproceedings{khoo2020interpretable,
  title={Interpretable rumor detection in microblogs by attending to user interactions},
  author={Khoo, Ling Min Serena and Chieu, Hai Leong and Qian, Zhong and Jiang, Jing},
  booktitle={Proceedings of the AAAI conference on artificial intelligence},
  volume={34},
  number={05},
  pages={8783--8790},
  year={2020}
}

@inproceedings{kumari2021multitask,
  title={A multitask learning approach for fake news detection: Novelty, emotion, and sentiment lend a helping hand},
  author={Kumari, Rina and Ashok, Nischal and Ghosal, Tirthankar and Ekbal, Asif},
  booktitle={2021 International Joint Conference on Neural Networks (IJCNN)},
  pages={1--8},
  year={2021},
  organization={IEEE}
}

@article{kumari2024emotion,
  title={Emotion aided multi-task framework for video embedded misinformation detection},
  author={Kumari, Rina and Gupta, Vipin and Ashok, Nischal and Ghosal, Tirthankar and Ekbal, Asif},
  journal={Multimedia Tools and Applications},
  volume={83},
  number={12},
  pages={37161--37185},
  year={2024},
  publisher={Springer}
}

@inproceedings{lester2021power,
  title={The Power of Scale for Parameter-Efficient Prompt Tuning},
  author={Lester, Brian and Al-Rfou, Rami and Constant, Noah},
  booktitle={Proceedings of the 2021 Conference on Empirical Methods in Natural Language Processing},
  pages={3045--3059},
  year={2021}
}

@article{li2021joint,
  title={Joint stance and rumor detection in hierarchical heterogeneous graph},
  author={Li, Chen and Peng, Hao and Li, Jianxin and Sun, Lichao and Lyu, Lingjuan and Wang, Lihong and Philip, S Yu and He, Lifang},
  journal={IEEE transactions on neural networks and learning systems},
  volume={33},
  number={6},
  pages={2530--2542},
  year={2021},
  publisher={IEEE}
}

@inproceedings{li2021prefix,
  title={Prefix-Tuning: Optimizing Continuous Prompts for Generation},
  author={Li, Xiang Lisa and Liang, Percy},
  booktitle={Proceedings of the 59th Annual Meeting of the Association for Computational Linguistics and the 11th International Joint Conference on Natural Language Processing (Volume 1: Long Papers)},
  pages={4582--4597},
  year={2021}
}

@inproceedings{lin2023zero,
  title={Zero-shot rumor detection with propagation structure via prompt learning},
  author={Lin, Hongzhan and Yi, Pengyao and Ma, Jing and Jiang, Haiyun and Luo, Ziyang and Shi, Shuming and Liu, Ruifang},
  booktitle={Proceedings of the AAAI Conference on Artificial Intelligence},
  volume={37},
  number={4},
  pages={5213--5221},
  year={2023}
}

@article{liu2024can,
  title={Can Large Language Models Detect Rumors on Social Media?},
  author={Liu, Qiang and Tao, Xiang and Wu, Junfei and Wu, Shu and Wang, Liang},
  journal={arXiv preprint arXiv:2402.03916},
  year={2024}
}

@article{liu2024emotion,
  title={Emotion detection for misinformation: A review},
  author={Liu, Zhiwei and Zhang, Tianlin and Yang, Kailai and Thompson, Paul and Yu, Zeping and Ananiadou, Sophia},
  journal={Information Fusion},
  pages={102300},
  year={2024},
  publisher={Elsevier}
}

@inproceedings{liu2024fka,
  title={Fka-owl: Advancing multimodal fake news detection through knowledge-augmented lvlms},
  author={Liu, Xuannan and Li, Peipei and Huang, Huaibo and Li, Zekun and Cui, Xing and Liang, Jiahao and Qin, Lixiong and Deng, Weihong and He, Zhaofeng},
  booktitle={Proceedings of the 32nd ACM International Conference on Multimedia},
  pages={10154--10163},
  year={2024}
}

@article{liu2024raemollm,
  title={RAEmoLLM: Retrieval Augmented LLMs for Cross-Domain Misinformation Detection Using In-Context Learning based on Emotional Information},
  author={Liu, Zhiwei and Yang, Kailai and Xie, Qianqian and de Kock, Christine and Ananiadou, Sophia and Hovy, Eduard},
  journal={arXiv preprint arXiv:2406.11093},
  year={2024}
}

@article{luvembe2023dual,
  title={Dual emotion based fake news detection: A deep attention-weight update approach},
  author={Luvembe, Alex Munyole and Li, Weimin and Li, Shaohua and Liu, Fangfang and Xu, Guiqiong},
  journal={Information Processing \& Management},
  volume={60},
  number={4},
  pages={103354},
  year={2023},
  publisher={Elsevier}
}

@inproceedings{ma-etal-2018-rumor,
    title = "Rumor Detection on {T}witter with Tree-structured Recursive Neural Networks",
    author = "Ma, Jing  and
      Gao, Wei  and
      Wong, Kam-Fai",
    editor = "Gurevych, Iryna  and
      Miyao, Yusuke",
    booktitle = "Proceedings of the 56th Annual Meeting of the Association for Computational Linguistics (Volume 1: Long Papers)",
    month = jul,
    year = "2018",
    address = "Melbourne, Australia",
    publisher = "Association for Computational Linguistics",
    url = "https://aclanthology.org/P18-1184/",
    doi = "10.18653/v1/P18-1184",
    pages = "1980--1989"
}

@article{ma2024focused,
  title={Focused prefix tuning for controllable text generation},
  author={Ma, Congda and Zhao, Tianyu and Shing, Makoto and Sawada, Kei and Okumura, Manabu},
  journal={Journal of Natural Language Processing},
  volume={31},
  number={1},
  pages={250--265},
  year={2024},
  publisher={The Association for Natural Language Processing}
}

@article{ma2024image,
  title={Image super-resolution: prefix-tuning transformer from large to small datasets},
  author={Ma, Hui and Jia, Dongli and Xiao, Jiejie and Su, Xu},
  journal={Signal, Image and Video Processing},
  volume={18},
  number={3},
  pages={2753--2761},
  year={2024},
  publisher={Springer}
}

@inproceedings{nie2021early,
  title={Early Rumour Detection with Temporal Bidirectional Graph Convolutional Networks},
  author={Nie, H Ruda and Zhang, Xiuzhen and Li, Minyi and Baglin, James and Dolgun, Anil},
  booktitle={Proceedings of Twenty-fifth Pacific Asia Conference on Information Systems (PACIS'2021)},
  pages={1--14},
  year={2021},
  organization={Association for Information Systems}
}

@article{peng2024model,
  title={Model tuning or prompt Tuning? a study of large language models for clinical concept and relation extraction},
  author={Peng, Cheng and Yang, XI and Smith, Kaleb E and Yu, Zehao and Chen, Aokun and Bian, Jiang and Wu, Yonghui},
  journal={Journal of biomedical informatics},
  volume={153},
  pages={104630},
  year={2024},
  publisher={Elsevier}
}

@article{qu2024temporal,
  title={Temporal Enhanced Multimodal Graph Neural Networks for Fake News Detection},
  author={Qu, Zhibo and Zhou, Fuhui and Song, Xi and Ding, Rui and Yuan, Lu and Wu, Qihui},
  journal={IEEE Transactions on Computational Social Systems},
  year={2024},
  publisher={IEEE}
}

@inproceedings{wakamiya2020fake,
  title={Fake news detection using temporal features extracted via point process},
  author={Wakamiya, Taichi Murayama Shoko and Aramaki, Eiji},
  booktitle={Proceedings of the workshop on cyber social threats},
  year={2020}
}

@article{wang2024llm,
  title={LLM-GAN: Construct Generative Adversarial Network Through Large Language Models For Explainable Fake News Detection},
  author={Wang, Yifeng and Gu, Zhouhong and Zhang, Siwei and Zheng, Suhang and Wang, Tao and Li, Tianyu and Feng, Hongwei and Xiao, Yanghua},
  journal={arXiv preprint arXiv:2409.01787},
  year={2024}
}

@article{wang2024multimodal,
  title={Multimodal dual emotion with fusion of visual sentiment for rumor detection},
  author={Wang, Ge and Tan, Li and Shang, Ziliang and Liu, He},
  journal={Multimedia Tools and Applications},
  volume={83},
  number={10},
  pages={29805--29826},
  year={2024},
  publisher={Springer}
}

@inproceedings{wu2024apt,
  title={APT: Adaptive Prefix-Tuning on Pretrained Models for Code Intelligence},
  author={Wu, Yue and Yu, Yaoxiang and Yuan, Zhengming and Huang, Siwei and Cai, Bo},
  booktitle={2024 International Joint Conference on Neural Networks (IJCNN)},
  pages={1--10},
  year={2024},
  organization={IEEE}
}

@inproceedings{yang-etal-2023-rumor,
    title = "Rumor Detection on Social Media with Crowd Intelligence and {C}hat{GPT}-Assisted Networks",
    author = "Yang, Chang  and
      Zhang, Peng  and
      Qiao, Wenbo  and
      Gao, Hui  and
      Zhao, Jiaming",
    editor = "Bouamor, Houda  and
      Pino, Juan  and
      Bali, Kalika",
    booktitle = "Proceedings of the 2023 Conference on Empirical Methods in Natural Language Processing",
    month = dec,
    year = "2023",
    address = "Singapore",
    publisher = "Association for Computational Linguistics",
    url = "https://aclanthology.org/2023.emnlp-main.347/",
    doi = "10.18653/v1/2023.emnlp-main.347",
    pages = "5705--5717"
}

@inproceedings{zhang2021mining,
  title={Mining dual emotion for fake news detection},
  author={Zhang, Xueyao and Cao, Juan and Li, Xirong and Sheng, Qiang and Zhong, Lei and Shu, Kai},
  booktitle={Proceedings of the web conference 2021},
  pages={3465--3476},
  year={2021}
}

