@inproceedings{DBLP:conf/cvpr/HuI0WCSSRF23,
  author       = {Ziniu Hu and
                  Ahmet Iscen and
                  Chen Sun and
                  Zirui Wang and
                  Kai{-}Wei Chang and
                  Yizhou Sun and
                  Cordelia Schmid and
                  David A. Ross and
                  Alireza Fathi},
  title        = {Reveal: Retrieval-Augmented Visual-Language Pre-Training with Multi-Source
                  Multimodal Knowledge Memory},
  booktitle    = {{CVPR}},
  pages        = {23369--23379},
  year         = {2023}
}

@inproceedings{gao2021rcd,
  title={RCD: Relation map driven cognitive diagnosis for intelligent education systems},
  author={Gao, Weibo and Liu, Qi and Huang, Zhenya and Yin, Yu and Bi, Haoyang and Wang, Mu-Chun and Ma, Jianhui and Wang, Shijin and Su, Yu},
  booktitle={Proceedings of the 44th international ACM SIGIR conference on research and development in information retrieval},
  pages={501--510},
  year={2021}
}

@inproceedings{luo2023end,
author       = {Man Luo and
                  Zhiyuan Fang and
                  Tejas Gokhale and
                  Yezhou Yang and
                  Chitta Baral},
  title        = {End-to-end Knowledge Retrieval with Multi-modal Queries},
  booktitle    = {{ACL} {(1)}},
  pages        = {8573--8589},
  year         = {2023}
}

@inproceedings{DBLP:conf/emnlp/XenosSPT23,
author       = {Alexandros Xenos and
                  Themos Stafylakis and
                  Ioannis Patras and
                  Georgios Tzimiropoulos},
  title        = {A Simple Baseline for Knowledge-Based Visual Question Answering},
  booktitle    = {{EMNLP}},
  pages        = {14871--14877},
  year         = {2023}
}

@inproceedings{DBLP:conf/nips/LinX0X0Y22,
  author       = {Yuanze Lin and
                  Yujia Xie and
                  Dongdong Chen and
                  Yichong Xu and
                  Chenguang Zhu and
                  Lu Yuan},
  title        = {{REVIVE:} Regional Visual Representation Matters in Knowledge-Based
                  Visual Question Answering},
  booktitle    = {NeurIPS},
  year         = {2022}
}

@inproceedings{khademi2023mm,
  author       = {Mahmoud Khademi and
                  Ziyi Yang and
                  Felipe Frujeri and
                  Chenguang Zhu},
  title        = {MM-Reasoner: {A} Multi-Modal Knowledge-Aware Framework for Knowledge-Based
                  Visual Question Answering},
  booktitle    = {{EMNLP} (Findings)},
  pages        = {6571--6581},
  year         = {2023}
}

@article{wang2023filling,
  author       = {Ziyue Wang and
                  Chi Chen and
                  Peng Li and
                  Yang Liu},
  title        = {Filling the Image Information Gap for {VQA:} Prompting Large Language
                  Models to Proactively Ask Questions},
  booktitle    = {{EMNLP} (Findings)},
  pages        = {2874--2890},
  year         = {2023}
}

@article{DBLP:journals/corr/abs-2403-10037,
  author       = {Dongze Hao and
                  Jian Jia and
                  Longteng Guo and
                  Qunbo Wang and
                  Te Yang and
                  Yan Li and
                  Yanhua Cheng and
                  Bo Wang and
                  Quan Chen and
                  Han Li and
                  Jing Liu},
  title        = {Knowledge Condensation and Reasoning for Knowledge-based {VQA}},
  journal      = {CoRR},
  volume       = {abs/2403.10037},
  year         = {2024}
}

@article{DBLP:journals/corr/abs-2311-07536,
  author       = {Yunxin Li and
                  Longyue Wang and
                  Baotian Hu and
                  Xinyu Chen and
                  Wanqi Zhong and
                  Chenyang Lyu and
                  Min Zhang},
  title        = {A Comprehensive Evaluation of {GPT-4V} on Knowledge-Intensive Visual
                  Question Answering},
  journal      = {CoRR},
  volume       = {abs/2311.07536},
  year         = {2023}
}

@inproceedings{si2023combo,
  author       = {Qingyi Si and
                  Yuchen Mo and
                  Zheng Lin and
                  Huishan Ji and
                  Weiping Wang},
  title        = {Combo of Thinking and Observing for Outside-Knowledge {VQA}},
  booktitle    = {{ACL} {(1)}},
  pages        = {10959--10975},
  year         = {2023}
}



@inproceedings{DBLP:conf/nips/LinCMCB23,
  author       = {Weizhe Lin and
                  Jinghong Chen and
                  Jingbiao Mei and
                  Alexandru Coca and
                  Bill Byrne},
  title        = {Fine-grained Late-interaction Multi-modal Retrieval for Retrieval
                  Augmented Visual Question Answering},
  booktitle    = {NeurIPS},
  year         = {2023}
}

@inproceedings{chen2024benchmarking,
  author       = {Jiawei Chen and
                  Hongyu Lin and
                  Xianpei Han and
                  Le Sun},
  title        = {Benchmarking Large Language Models in Retrieval-Augmented Generation},
  booktitle    = {{AAAI}},
  pages        = {17754--17762},
  year         = {2024}
}

@article{chan2024rq,
  title={Rq-rag: Learning to refine queries for retrieval augmented generation},
  author={Chan, Chi-Min and Xu, Chunpu and Yuan, Ruibin and Luo, Hongyin and Xue, Wei and Guo, Yike and Fu, Jie},
  journal={arXiv preprint arXiv:2404.00610},
  year={2024}
}

@inproceedings{chen2023unified,
  author       = {Jiangui Chen and
                  Ruqing Zhang and
                  Jiafeng Guo and
                  Maarten de Rijke and
                  Yiqun Liu and
                  Yixing Fan and
                  Xueqi Cheng},
  title        = {A Unified Generative Retriever for Knowledge-Intensive Language Tasks
                  via Prompt Learning},
  booktitle    = {{SIGIR}},
  pages        = {1448--1457},
  year         = {2023}
}

@inproceedings{zhou2023enhancing,
  author       = {Yujia Zhou and
                  Zhicheng Dou and
                  Ji{-}Rong Wen},
  title        = {Enhancing Generative Retrieval with Reinforcement Learning from Relevance
                  Feedback},
  booktitle    = {{EMNLP}},
  pages        = {12481--12490},
  year         = {2023}
}

@article{ziems2023large,
  title={Large language models are built-in autoregressive search engines},
  author={Ziems, Noah and Yu, Wenhao and Zhang, Zhihan and Jiang, Meng},
  journal={arXiv preprint arXiv:2305.09612},
  year={2023}
}

@article{li2023multiview,
  title={Multiview identifiers enhanced generative retrieval},
  author={Li, Yongqi and Yang, Nan and Wang, Liang and Wei, Furu and Li, Wenjie},
  journal={arXiv preprint arXiv:2305.16675},
  year={2023}
}

@inproceedings{jain-etal-2024-rag,
   author       = {Palak Jain and
                  Livio Baldini Soares and
                  Tom Kwiatkowski},
  title        = {From {RAG} to Riches: Retrieval Interlaced with Sequence Generation},
  booktitle    = {{EMNLP}},
  pages        = {8887--8904},
  year         = {2024}
}

@article{bevilacqua2022autoregressive,
  author       = {Michele Bevilacqua and
                  Giuseppe Ottaviano and
                  Patrick S. H. Lewis and
                  Scott Yih and
                  Sebastian Riedel and
                  Fabio Petroni},
  title        = {Autoregressive Search Engines: Generating Substrings as Document Identifiers},
  booktitle    = {NeurIPS},
  year         = {2022}
}

@article{li2024matching,
  title={From matching to generation: A survey on generative information retrieval},
  author={Li, Xiaoxi and Jin, Jiajie and Zhou, Yujia and Zhang, Yuyao and Zhang, Peitian and Zhu, Yutao and Dou, Zhicheng},
  journal={arXiv preprint arXiv:2404.14851},
  year={2024}
}

@article{wang2022neural,
author       = {Yujing Wang and
                  Yingyan Hou and
                  Haonan Wang and
                  Ziming Miao and
                  Shibin Wu and
                  Qi Chen and
                  Yuqing Xia and
                  Chengmin Chi and
                  Guoshuai Zhao and
                  Zheng Liu and
                  Xing Xie and
                  Hao Sun and
                  Weiwei Deng and
                  Qi Zhang and
                  Mao Yang},
  title        = {A Neural Corpus Indexer for Document Retrieval},
  booktitle    = {NeurIPS},
  year         = {2022}
}

@article{li2024survey,
  title={A survey of generative search and recommendation in the era of large language models},
  author={Li, Yongqi and Lin, Xinyu and Wang, Wenjie and Feng, Fuli and Pang, Liang and Li, Wenjie and Nie, Liqiang and He, Xiangnan and Chua, Tat-Seng},
  journal={arXiv preprint arXiv:2404.16924},
  year={2024}
}

@article{lin2022retrieval,
  title={Retrieval augmented visual question answering with outside knowledge},
  author={Lin, Weizhe and Byrne, Bill},
  journal={arXiv preprint arXiv:2210.03809},
  year={2022}
}

@inproceedings{shao2023prompting,
  author       = {Zhenwei Shao and
                  Zhou Yu and
                  Meng Wang and
                  Jun Yu},
  title        = {Prompting Large Language Models with Answer Heuristics for Knowledge-Based
                  Visual Question Answering},
  booktitle    = {{CVPR}},
  pages        = {14974--14983},
  year         = {2023}
}

@inproceedings{hu2023promptcap,
  author       = {Yushi Hu and
                  Hang Hua and
                  Zhengyuan Yang and
                  Weijia Shi and
                  Noah A. Smith and
                  Jiebo Luo},
  title        = {PromptCap: Prompt-Guided Image Captioning for {VQA} with {GPT-3}},
  booktitle    = {{ICCV}},
  pages        = {2951--2963},
  year         = {2023}
}

@article{zhu2023minigpt,
  title={Minigpt-4: Enhancing vision-language understanding with advanced large language models},
  author={Zhu, Deyao and Chen, Jun and Shen, Xiaoqian and Li, Xiang and Elhoseiny, Mohamed},
  journal={arXiv preprint arXiv:2304.10592},
  year={2023}
}

@article{hu2021lora,
  title={Lora: Low-rank adaptation of large language models},
  author={Hu, Edward J and Shen, Yelong and Wallis, Phillip and Allen-Zhu, Zeyuan and Li, Yuanzhi and Wang, Shean and Wang, Lu and Chen, Weizhu},
  journal={arXiv preprint arXiv:2106.09685},
  year={2021}
}

@article{achiam2023gpt,
  title={Gpt-4 technical report},
  author={Achiam, Josh and Adler, Steven and Agarwal, Sandhini and Ahmad, Lama and Akkaya, Ilge and Aleman, Florencia Leoni and Almeida, Diogo and Altenschmidt, Janko and Altman, Sam and Anadkat, Shyamal and others},
  journal={arXiv preprint arXiv:2303.08774},
  year={2023}
}

@article{brown2020language,
  title={Language models are few-shot learners},
  author={Brown, Tom and Mann, Benjamin and Ryder, Nick and Subbiah, Melanie and Kaplan, Jared D and Dhariwal, Prafulla and Neelakantan, Arvind and Shyam, Pranav and Sastry, Girish and Askell, Amanda and others},
  booktitle    = {NeurIPS},
  year         = {2020}
}
@inproceedings{chenpali,
  title={PaLI: A Jointly-Scaled Multilingual Language-Image Model},
  author={Chen, Xi and Wang, Xiao and Changpinyo, Soravit and Piergiovanni, AJ and Padlewski, Piotr and Salz, Daniel and Goodman, Sebastian and Grycner, Adam and Mustafa, Basil and Beyer, Lucas and others},
  booktitle={The Eleventh International Conference on Learning Representations},
  year={2023}
}
@article{liu2024visual,
  author       = {Haotian Liu and
                  Chunyuan Li and
                  Qingyang Wu and
                  Yong Jae Lee},
  title        = {Visual Instruction Tuning},
  booktitle    = {NeurIPS},
  year         = {2023}
}

@article{chen2023minigpt,
  title={Minigpt-v2: large language model as a unified interface for vision-language multi-task learning},
  author={Chen, Jun and Zhu, Deyao and Shen, Xiaoqian and Li, Xiang and Liu, Zechun and Zhang, Pengchuan and Krishnamoorthi, Raghuraman and Chandra, Vikas and Xiong, Yunyang and Elhoseiny, Mohamed},
  journal={arXiv preprint arXiv:2310.09478},
  year={2023}
}

@article{lin2024preflmr,
  title={PreFLMR: Scaling Up Fine-Grained Late-Interaction Multi-modal Retrievers},
  author={Lin, Weizhe and Mei, Jingbiao and Chen, Jinghong and Byrne, Bill},
  journal={arXiv preprint arXiv:2402.08327},
  year={2024}
}

@misc{dai2023instructblipgeneralpurposevisionlanguagemodels,
      author       = {Wenliang Dai and
                  Junnan Li and
                  Dongxu Li and
                  Anthony Meng Huat Tiong and
                  Junqi Zhao and
                  Weisheng Wang and
                  Boyang Li and
                  Pascale Fung and
                  Steven C. H. Hoi},
  title        = {InstructBLIP: Towards General-purpose Vision-Language Models with
                  Instruction Tuning},
  booktitle    = {NeurIPS},
  year         = {2023}
}

@inproceedings{li2023blip,
 author       = {Junnan Li and
                  Dongxu Li and
                  Silvio Savarese and
                  Steven C. H. Hoi},
  title        = {{BLIP-2:} Bootstrapping Language-Image Pre-training with Frozen Image
                  Encoders and Large Language Models},
  booktitle    = {{ICML}},
  series       = {Proceedings of Machine Learning Research},
  volume       = {202},
  pages        = {19730--19742},
  year         = {2023}
}

@inproceedings{DBLP:conf/emnlp/LinB22,
   author       = {Weizhe Lin and
                  Bill Byrne},
  title        = {Retrieval Augmented Visual Question Answering with Outside Knowledge},
  booktitle    = {{EMNLP}},
  pages        = {11238--11254},
  year         = {2022}
}

@article{karpukhin2020dense,
  title={Dense passage retrieval for open-domain question answering},
  author={Karpukhin, Vladimir and O{\u{g}}uz, Barlas and Min, Sewon and Lewis, Patrick and Wu, Ledell and Edunov, Sergey and Chen, Danqi and Yih, Wen-tau},
  journal={arXiv preprint arXiv:2004.04906},
  year={2020}
}

@article{rafailov2024direct,
 author       = {Rafael Rafailov and
                  Archit Sharma and
                  Eric Mitchell and
                  Christopher D. Manning and
                  Stefano Ermon and
                  Chelsea Finn},
  title        = {Direct Preference Optimization: Your Language Model is Secretly a
                  Reward Model},
  booktitle    = {NeurIPS},
  year         = {2023}
}

@article{gui2021kat,
  title={Kat: A knowledge augmented transformer for vision-and-language},
  author={Gui, Liangke and Wang, Borui and Huang, Qiuyuan and Hauptmann, Alex and Bisk, Yonatan and Gao, Jianfeng},
  journal={arXiv preprint arXiv:2112.08614},
  year={2021}
}

@article{pan2024unifying,
  author       = {Shirui Pan and
                  Linhao Luo and
                  Yufei Wang and
                  Chen Chen and
                  Jiapu Wang and
                  Xindong Wu},
  title        = {Unifying Large Language Models and Knowledge Graphs: {A} Roadmap},
  journal      = {{IEEE} Trans. Knowl. Data Eng.},
  volume       = {36},
  number       = {7},
  pages        = {3580--3599},
  year         = {2024}
}

@article{hao2024boter,
  title={Boter: Bootstrapping Knowledge Selection and Question Answering for Knowledge-based VQA},
  author={Hao, Dongze and Wang, Qunbo and Guo, Longteng and Jiang, Jie and Liu, Jing},
  journal={arXiv preprint arXiv:2404.13947},
  year={2024}
}


@inproceedings{DBLP:conf/cvpr/0013PTRWN22,
  author       = {Feng Gao and
                  Qing Ping and
                  Govind Thattai and
                  Aishwarya N. Reganti and
                  Ying Nian Wu and
                  Prem Natarajan},
  title        = {Transform-Retrieve-Generate: Natural Language-Centric Outside-Knowledge
                  Visual Question Answering},
  booktitle    = {{CVPR}},
  pages        = {5057--5067},
  year         = {2022}
}

@article{xenos2023simple,
  title={A simple baseline for knowledge-based visual question answering},
  author={Xenos, Alexandros and Stafylakis, Themos and Patras, Ioannis and Tzimiropoulos, Georgios},
  journal={arXiv preprint arXiv:2310.13570},
  year={2023}
}

@article{chen2024large,
author       = {Liangyu Chen and
                  Bo Li and
                  Sheng Shen and
                  Jingkang Yang and
                  Chunyuan Li and
                  Kurt Keutzer and
                  Trevor Darrell and
                  Ziwei Liu},
  title        = {Large Language Models are Visual Reasoning Coordinators},
  booktitle    = {NeurIPS},
  year         = {2023}
}

@inproceedings{DBLP:conf/emnlp/LuoZBB21,
author       = {Man Luo and
                  Yankai Zeng and
                  Pratyay Banerjee and
                  Chitta Baral},
  title        = {Weakly-Supervised Visual-Retriever-Reader for Knowledge-based Question
                  Answering},
  booktitle    = {{EMNLP} {(1)}},
  pages        = {6417--6431},
  year         = {2021}
}

@inproceedings{johnson2017clevr,
  author       = {Justin Johnson and
                  Bharath Hariharan and
                  Laurens van der Maaten and
                  Li Fei{-}Fei and
                  C. Lawrence Zitnick and
                  Ross B. Girshick},
  title        = {{CLEVR:} {A} Diagnostic Dataset for Compositional Language and Elementary
                  Visual Reasoning},
  booktitle    = {{CVPR}},
  pages        = {1988--1997},
  year         = {2017}
}

@article{chen2023see,
  title={See, think, confirm: Interactive prompting between vision and language models for knowledge-based visual reasoning},
  author={Chen, Zhenfang and Zhou, Qinhong and Shen, Yikang and Hong, Yining and Zhang, Hao and Gan, Chuang},
  journal={arXiv preprint arXiv:2301.05226},
  year={2023}
}

@inproceedings{DBLP:conf/acl/LiGNXLL0020,
  author       = {Wei Li and
                  Can Gao and
                  Guocheng Niu and
                  Xinyan Xiao and
                  Hao Liu and
                  Jiachen Liu and
                  Hua Wu and
                  Haifeng Wang},
  title        = {{UNIMO:} Towards Unified-Modal Understanding and Generation via Cross-Modal
                  Contrastive Learning},
  booktitle    = {{ACL/IJCNLP} {(1)}},
  pages        = {2592--2607},
  year         = {2021}
}

@inproceedings{DBLP:conf/naacl/GuiWH0BG22,
  author       = {Liangke Gui and
                  Borui Wang and
                  Qiuyuan Huang and
                  Alexander Hauptmann and
                  Yonatan Bisk and
                  Jianfeng Gao},
  title        = {{KAT:} {A} Knowledge Augmented Transformer for Vision-and-Language},
  booktitle    = {Proceedings of
                  {NAACL}},
  year         = {2022},
}



@inproceedings{DBLP:conf/aaai/YangGW0L0W22,
 author       = {Zhengyuan Yang and
                  Zhe Gan and
                  Jianfeng Wang and
                  Xiaowei Hu and
                  Yumao Lu and
                  Zicheng Liu and
                  Lijuan Wang},
  title        = {An Empirical Study of {GPT-3} for Few-Shot Knowledge-Based {VQA}},
  booktitle    = {{AAAI}},
  pages        = {3081--3089},
  year         = {2022}
}

@inproceedings{DBLP:conf/cvpr/MarinoCP0R21,
  author       = {Kenneth Marino and
                  Xinlei Chen and
                  Devi Parikh and
                  Abhinav Gupta and
                  Marcus Rohrbach},
  title        = {{KRISP:} Integrating Implicit and Symbolic Knowledge for Open-Domain
                  Knowledge-Based {VQA}},
  booktitle    = {{CVPR}},
  pages        = {14111--14121},
  year         = {2021}
}

@inproceedings{DBLP:conf/emnlp/ChenHCVC22,
author       = {Wenhu Chen and
                  Hexiang Hu and
                  Xi Chen and
                  Pat Verga and
                  William W. Cohen},
  title        = {MuRAG: Multimodal Retrieval-Augmented Generator for Open Question
                  Answering over Images and Text},
  booktitle    = {{EMNLP}},
  pages        = {5558--5570},
  year         = {2022}
}
@inproceedings{deautoregressive,
 author       = {Nicola De Cao and
                  Gautier Izacard and
                  Sebastian Riedel and
                  Fabio Petroni},
  title        = {Autoregressive Entity Retrieval},
  booktitle    = {{ICLR}},
  year         = {2021}
}

@misc{vonwerra2022trl,
  author = {Leandro von Werra and Younes Belkada and Lewis Tunstall and Edward Beeching and Tristan Thrush and Nathan Lambert and Shengyi Huang},
  title = {TRL: Transformer Reinforcement Learning},
  year = {2020},
  publisher = {GitHub},
  journal = {GitHub repository},
  howpublished = {\url{https://github.com/huggingface/trl}}
}

@inproceedings{gbmp2014sea,
  title     = {From Theory to Practice: Plug and Play with Succinct Data Structures},
  author    = {Gog, Simon and Beller, Timo and Moffat, Alistair and Petri, Matthias},
  booktitle = {13th International Symposium on Experimental Algorithms, (SEA 2014)},
  year      = {2014},
  pages     = {326-337},
  ee        = {http://dx.doi.org/10.1007/978-3-319-07959-2_28}
}

@inproceedings{DBLP:conf/acl/LongZMZZ24,
  author       = {Xinwei Long and
                  Jiali Zeng and
                  Fandong Meng and
                  Jie Zhou and
                  Bowen Zhou},
  title        = {Trust in Internal or External Knowledge? Generative Multi-Modal Entity
                  Linking with Knowledge Retriever},
  booktitle    = {{ACL} (Findings)},
  pages        = {7559--7569},
  year         = {2024}
}

@article{fenwick1996burrows,
  title={The Burrows--Wheeler transform for block sorting text compression: principles and improvements},
  author={Fenwick, Peter M.},
  journal={The computer journal},
  volume={39},
  number={9},
  pages={731--740},
  year={1996},
  publisher={Oxford University Press}
}

@inproceedings{DBLP:conf/eccv/SchwenkKCMM22,
author       = {Dustin Schwenk and
                  Apoorv Khandelwal and
                  Christopher Clark and
                  Kenneth Marino and
                  Roozbeh Mottaghi},
  title        = {{A-OKVQA:} {A} Benchmark for Visual Question Answering Using World
                  Knowledge},
  booktitle    = {{ECCV} {(8)}},
  series       = {Lecture Notes in Computer Science},
  volume       = {13668},
  pages        = {146--162},
  year         = {2022}
}

@inproceedings{mensink2023encyclopedic,
  author       = {Thomas Mensink and
                  Jasper R. R. Uijlings and
                  Llu{\'{\i}}s Castrej{\'{o}}n and
                  Arushi Goel and
                  Felipe Cadar and
                  Howard Zhou and
                  Fei Sha and
                  Andr{\'{e}} Ara{\'{u}}jo and
                  Vittorio Ferrari},
  title        = {Encyclopedic {VQA:} Visual questions about detailed properties of
                  fine-grained categories},
  booktitle    = {{ICCV}},
  pages        = {3090--3101},
  year         = {2023}
}

@article{ishmam2024image,
 author       = {Md Farhan Ishmam and
                  Md Sakib Hossain Shovon and
                  Muhammad Firoz Mridha and
                  Nilanjan Dey},
  title        = {From image to language: {A} critical analysis of Visual Question Answering
                  {(VQA)} approaches, challenges, and opportunities},
  journal      = {Inf. Fusion},
  volume       = {106},
  pages        = {102270},
  year         = {2024}
}

@inproceedings{hudson2019gqa,
  author       = {Drew A. Hudson and
                  Christopher D. Manning},
  title        = {{GQA:} {A} New Dataset for Real-World Visual Reasoning and Compositional
                  Question Answering},
  booktitle    = {{CVPR}},
  pages        = {6700--6709},
  year         = {2019}
}

@inproceedings{mishra2019ocr,
 author       = {Anand Mishra and
                  Shashank Shekhar and
                  Ajeet Kumar Singh and
                  Anirban Chakraborty},
  title        = {{OCR-VQA:} Visual Question Answering by Reading Text in Images},
  booktitle    = {{ICDAR}},
  pages        = {947--952},
  year         = {2019}
}

@article{DBLP:journals/pami/WangWSDH18,
  author       = {Peng Wang and
                  Qi Wu and
                  Chunhua Shen and
                  Anthony R. Dick and
                  Anton van den Hengel},
  title        = {{FVQA:} Fact-Based Visual Question Answering},
  journal      = {{IEEE} Trans. Pattern Anal. Mach. Intell.},
  volume       = {40},
  number       = {10},
  pages        = {2413--2427},
  year         = {2018},
}

@inproceedings{DBLP:conf/emnlp/ChenHLSCRC23,
  author       = {Yang Chen and
                  Hexiang Hu and
                  Yi Luan and
                  Haitian Sun and
                  Soravit Changpinyo and
                  Alan Ritter and
                  Ming{-}Wei Chang},
  title        = {Can Pre-trained Vision and Language Models Answer Visual Information-Seeking
                  Questions?},
  booktitle    = {{EMNLP}},
  pages        = {14948--14968},
  year         = {2023}
}

@inproceedings{DBLP:conf/iclr/HuSWALWWC22,
  author       = {Edward J. Hu and
                  Yelong Shen and
                  Phillip Wallis and
                  Zeyuan Allen{-}Zhu and
                  Yuanzhi Li and
                  Shean Wang and
                  Lu Wang and
                  Weizhu Chen},
  title        = {LoRA: Low-Rank Adaptation of Large Language Models},
  booktitle    = {{ICLR}},
  year         = {2022}
}

@inproceedings{gupta2023visual,
  author       = {Tanmay Gupta and
                  Aniruddha Kembhavi},
  title        = {Visual Programming: Compositional visual reasoning without training},
  booktitle    = {{CVPR}},
  pages        = {14953--14962},
  year         = {2023}
}

@inproceedings{gao2019dynamic,
  author       = {Peng Gao and
                  Zhengkai Jiang and
                  Haoxuan You and
                  Pan Lu and
                  Steven C. H. Hoi and
                  Xiaogang Wang and
                  Hongsheng Li},
  title        = {Dynamic Fusion With Intra- and Inter-Modality Attention Flow for Visual
                  Question Answering},
  booktitle    = {{CVPR}},
  pages        = {6639--6648},
  year         = {2019}
}

@inproceedings{mascharka2018transparency,
author       = {David Mascharka and
                  Philip Tran and
                  Ryan Soklaski and
                  Arjun Majumdar},
  title        = {Transparency by Design: Closing the Gap Between Performance and Interpretability
                  in Visual Reasoning},
  booktitle    = {{CVPR}},
  pages        = {4942--4950},
  year         = {2018}
}

@inproceedings{hu2018explainable,
  author       = {Ronghang Hu and
                  Jacob Andreas and
                  Trevor Darrell and
                  Kate Saenko},
  title        = {Explainable Neural Computation via Stack Neural Module Networks},
  booktitle    = {{ECCV} {(7)}},
  series       = {Lecture Notes in Computer Science},
  volume       = {11211},
  pages        = {55--71},
  year         = {2018}
}

@inproceedings{hu2017learning,
  author       = {Ronghang Hu and
                  Jacob Andreas and
                  Marcus Rohrbach and
                  Trevor Darrell and
                  Kate Saenko},
  title        = {Learning to Reason: End-to-End Module Networks for Visual Question
                  Answering},
  booktitle    = {{ICCV}},
  pages        = {804--813},
  year         = {2017}
}

@inproceedings{DBLP:conf/cvpr/MarinoRFM19,
author       = {Kenneth Marino and
                  Mohammad Rastegari and
                  Ali Farhadi and
                  Roozbeh Mottaghi},
  title        = {{OK-VQA:} {A} Visual Question Answering Benchmark Requiring External
                  Knowledge},
  booktitle    = {{CVPR}},
  pages        = {3195--3204},
  year         = {2019}
}

@inproceedings{DBLP:conf/cvpr/Shao0W023,
  author       = {Zhenwei Shao and
                  Zhou Yu and
                  Meng Wang and
                  Jun Yu},
  title        = {Prompting Large Language Models with Answer Heuristics for Knowledge-Based
                  Visual Question Answering},
  booktitle    = {{CVPR}},
  pages        = {14974--14983},
  year         = {2023}
}

@article{driess2023palm,
  title={Palm-e: An embodied multimodal language model},
  author={Driess, Danny and Xia, Fei and Sajjadi, Mehdi SM and Lynch, Corey and Chowdhery, Aakanksha and Ichter, Brian and Wahid, Ayzaan and Tompson, Jonathan and Vuong, Quan and Yu, Tianhe and others},
  journal={arXiv preprint arXiv:2303.03378},
  year={2023}
}

@article{alayrac2022flamingo,
  title={Flamingo: a visual language model for few-shot learning},
  author={Alayrac, Jean-Baptiste and Donahue, Jeff and Luc, Pauline and Miech, Antoine and Barr, Iain and Hasson, Yana and Lenc, Karel and Mensch, Arthur and Millican, Katherine and Reynolds, Malcolm and others},
  booktitle    = {NeurIPS},
  year         = {2022}
}

@inproceedings{DBLP:journals/corr/KingmaB14,
  author       = {Diederik P. Kingma and
                  Jimmy Ba},
  title        = {Adam: {A} Method for Stochastic Optimization},
  booktitle    = {{ICLR} (Poster)},
  year         = {2015}
}
@inproceedings{DBLP:conf/aaai/00010WWL24,
  author       = {Yongqi Li and
                  Nan Yang and
                  Liang Wang and
                  Furu Wei and
                  Wenjie Li},
  title        = {Learning to Rank in Generative Retrieval},
  booktitle    = {{AAAI}},
  pages        = {8716--8723},
  year         = {2024}
}

@inproceedings{DBLP:conf/acl/0001YWWL23,
  author       = {Yongqi Li and
                  Nan Yang and
                  Liang Wang and
                  Furu Wei and
                  Wenjie Li},
  title        = {Multiview Identifiers Enhanced Generative Retrieval},
  booktitle    = {{ACL} {(1)}},
  pages        = {6636--6648},
  year         = {2023}
}

@inproceedings{ferragina2000opportunistic,
  author       = {Paolo Ferragina and
                  Giovanni Manzini},
  title        = {Opportunistic Data Structures with Applications},
  booktitle    = {{FOCS}},
  pages        = {390--398},
  year         = {2000}
}

@article{touvron2023llama,
  title={Llama 2: Open foundation and fine-tuned chat models},
  author={Touvron, Hugo and Martin, Louis and Stone, Kevin and Albert, Peter and Almahairi, Amjad and Babaei, Yasmine and Bashlykov, Nikolay and Batra, Soumya and Bhargava, Prajjwal and Bhosale, Shruti and others},
  journal={arXiv preprint arXiv:2307.09288},
  year={2023}
}

@article{li2024generative,
  title={Generative cross-modal retrieval: Memorizing images in multimodal language models for retrieval and beyond},
  author={Li, Yongqi and Wang, Wenjie and Qu, Leigang and Nie, Liqiang and Li, Wenjie and Chua, Tat-Seng},
  journal={arXiv preprint arXiv:2402.10805},
  year={2024}
}

@inproceedings{long2024generative,
  title={Generative multi-modal knowledge retrieval with large language models},
  author={Long, Xinwei and Zeng, Jiali and Meng, Fandong and Ma, Zhiyuan and Zhang, Kaiyan and Zhou, Bowen and Zhou, Jie},
  booktitle={Proceedings of the AAAI Conference on Artificial Intelligence},
  volume={38},
  number={17},
  pages={18733--18741},
  year={2024}
}

@inproceedings{DBLP:conf/nips/Tay00NBM000GSCM22,
 author       = {Yi Tay and
                  Vinh Tran and
                  Mostafa Dehghani and
                  Jianmo Ni and
                  Dara Bahri and
                  Harsh Mehta and
                  Zhen Qin and
                  Kai Hui and
                  Zhe Zhao and
                  Jai Prakash Gupta and
                  Tal Schuster and
                  William W. Cohen and
                  Donald Metzler},
  title        = {Transformer Memory as a Differentiable Search Index},
  booktitle    = {NeurIPS},
  year         = {2022}
}

@inproceedings{DBLP:conf/nips/WangHWMWCXCZL0022,
    author       = {Yujing Wang and
                  Yingyan Hou and
                  Haonan Wang and
                  Ziming Miao and
                  Shibin Wu and
                  Qi Chen and
                  Yuqing Xia and
                  Chengmin Chi and
                  Guoshuai Zhao and
                  Zheng Liu and
                  Xing Xie and
                  Hao Sun and
                  Weiwei Deng and
                  Qi Zhang and
                  Mao Yang},
  title        = {A Neural Corpus Indexer for Document Retrieval},
  booktitle    = {NeurIPS},
  year         = {2022}
}

@inproceedings{DBLP:conf/aaai/LongZMMZZ024,
  author       = {Xinwei Long and
                  Jiali Zeng and
                  Fandong Meng and
                  Zhiyuan Ma and
                  Kaiyan Zhang and
                  Bowen Zhou and
                  Jie Zhou},
  editor       = {Michael J. Wooldridge and
                  Jennifer G. Dy and
                  Sriraam Natarajan},
  title        = {Generative Multi-Modal Knowledge Retrieval with Large Language Models},
  booktitle    = {Thirty-Eighth {AAAI} Conference on Artificial Intelligence, {AAAI}
                  2024, Thirty-Sixth Conference on Innovative Applications of Artificial
                  Intelligence, {IAAI} 2024, Fourteenth Symposium on Educational Advances
                  in Artificial Intelligence, {EAAI} 2014, February 20-27, 2024, Vancouver,
                  Canada},
  pages        = {18733--18741},
  year         = {2024},
  url          = {https://doi.org/10.1609/aaai.v38i17.29837},
  doi          = {10.1609/AAAI.V38I17.29837},
  timestamp    = {Tue, 02 Apr 2024 16:32:09 +0200},
  biburl       = {https://dblp.org/rec/conf/aaai/LongZMMZZ024.bib},
  bibsource    = {dblp computer science bibliography, https://dblp.org}
}

@article{DBLP:journals/corr/abs-2310-09478,
  author       = {Jun Chen and
                  Deyao Zhu and
                  Xiaoqian Shen and
                  Xiang Li and
                  Zechun Liu and
                  Pengchuan Zhang and
                  Raghuraman Krishnamoorthi and
                  Vikas Chandra and
                  Yunyang Xiong and
                  Mohamed Elhoseiny},
  title        = {MiniGPT-v2: large language model as a unified interface for vision-language
                  multi-task learning},
  journal      = {CoRR},
  volume       = {abs/2310.09478},
  year         = {2023}
}

@InProceedings{Antol_2015_ICCV,
 author       = {Stanislaw Antol and
                  Aishwarya Agrawal and
                  Jiasen Lu and
                  Margaret Mitchell and
                  Dhruv Batra and
                  C. Lawrence Zitnick and
                  Devi Parikh},
  title        = {{VQA:} Visual Question Answering},
  booktitle    = {{ICCV}},
  pages        = {2425--2433},
  year         = {2015}
}

@inproceedings{shen2023pbsl,
  title={Pedestrian-specific Bipartite-aware Similarity Learning for Text-based Person Retrieval},
  author={Shen, Fei and Shu, Xiangbo and Du, Xiaoyu  and Tang, Jinhui},
  booktitle={Proceedings of the 31th ACM International Conference on Multimedia},
  year={2023}
}

@article{shen2023git,
  title={Git: Graph interactive transformer for vehicle re-identification},
  author={Shen, Fei and Xie, Yi and Zhu, Jianqing and Zhu, Xiaobin and Zeng, Huanqiang},
  journal={IEEE Transactions on Image Processing},
  volume={32},
  pages={1039--1051},
  year={2023},
}

@article{shen2023triplet,
  title={Triplet Contrastive Learning for Unsupervised Vehicle Re-identification},
  author={Shen, Fei and Du, Xiaoyu and Zhang, Liyan and Tang, Jinhui},
  journal={arXiv preprint arXiv:2301.09498},
  year={2023}
}

@inproceedings{DBLP:conf/naacl/ZhuQZLLZ24,
  author       = {Xuekai Zhu and
                  Biqing Qi and
                  Kaiyan Zhang and
                  Xinwei Long and
                  Zhouhan Lin and
                  Bowen Zhou},
  title        = {PaD: Program-aided Distillation Can Teach Small Models Reasoning Better
                  than Chain-of-thought Fine-tuning},
  booktitle    = {{NAACL-HLT}},
  pages        = {2571--2597},
  year         = {2024}
}

@inproceedings{sunprogram,
  title={PROGRAM: PROtotype GRAph Model based Pseudo-Label Learning for Test-Time Adaptation},
  author={Sun, Haopeng and Xu, Lumin and Jin, Sheng and Luo, Ping and Qian, Chen and Liu, Wentao},
  booktitle={The Twelfth International Conference on Learning Representations},
 year={2024}
}

@article{Shah_Mishra_Yadati_Talukdar_2019, title={KVQA: Knowledge-Aware Visual Question Answering}, volume={33}, number={01}, journal={Proceedings of the AAAI Conference on Artificial Intelligence}, author={Shah, Sanket and Mishra, Anand and Yadati, Naganand and Talukdar, Partha Pratim}, year={2019}, month={Jul.}, pages={8876-8884} }

