@inproceedings{DBLP:conf/acl/LongZMZZ24,
  author       = {Xinwei Long and
                  Jiali Zeng and
                  Fandong Meng and
                  Jie Zhou and
                  Bowen Zhou},
  title        = {Trust in Internal or External Knowledge? Generative Multi-Modal Entity
                  Linking with Knowledge Retriever},
  booktitle    = {{ACL} (Findings)},
  pages        = {7559--7569},
  year         = {2024}
}

@inproceedings{DBLP:conf/cvpr/0013PTRWN22,
  author       = {Feng Gao and
                  Qing Ping and
                  Govind Thattai and
                  Aishwarya N. Reganti and
                  Ying Nian Wu and
                  Prem Natarajan},
  title        = {Transform-Retrieve-Generate: Natural Language-Centric Outside-Knowledge
                  Visual Question Answering},
  booktitle    = {{CVPR}},
  pages        = {5057--5067},
  year         = {2022}
}

@inproceedings{DBLP:conf/cvpr/HuI0WCSSRF23,
  author       = {Ziniu Hu and
                  Ahmet Iscen and
                  Chen Sun and
                  Zirui Wang and
                  Kai{-}Wei Chang and
                  Yizhou Sun and
                  Cordelia Schmid and
                  David A. Ross and
                  Alireza Fathi},
  title        = {Reveal: Retrieval-Augmented Visual-Language Pre-Training with Multi-Source
                  Multimodal Knowledge Memory},
  booktitle    = {{CVPR}},
  pages        = {23369--23379},
  year         = {2023}
}

@inproceedings{DBLP:conf/cvpr/MarinoRFM19,
author       = {Kenneth Marino and
                  Mohammad Rastegari and
                  Ali Farhadi and
                  Roozbeh Mottaghi},
  title        = {{OK-VQA:} {A} Visual Question Answering Benchmark Requiring External
                  Knowledge},
  booktitle    = {{CVPR}},
  pages        = {3195--3204},
  year         = {2019}
}

@inproceedings{DBLP:conf/eccv/SchwenkKCMM22,
author       = {Dustin Schwenk and
                  Apoorv Khandelwal and
                  Christopher Clark and
                  Kenneth Marino and
                  Roozbeh Mottaghi},
  title        = {{A-OKVQA:} {A} Benchmark for Visual Question Answering Using World
                  Knowledge},
  booktitle    = {{ECCV} {(8)}},
  series       = {Lecture Notes in Computer Science},
  volume       = {13668},
  pages        = {146--162},
  year         = {2022}
}

@inproceedings{DBLP:conf/emnlp/ChenHLSCRC23,
  author       = {Yang Chen and
                  Hexiang Hu and
                  Yi Luan and
                  Haitian Sun and
                  Soravit Changpinyo and
                  Alan Ritter and
                  Ming{-}Wei Chang},
  title        = {Can Pre-trained Vision and Language Models Answer Visual Information-Seeking
                  Questions?},
  booktitle    = {{EMNLP}},
  pages        = {14948--14968},
  year         = {2023}
}

@inproceedings{DBLP:conf/emnlp/LinB22,
   author       = {Weizhe Lin and
                  Bill Byrne},
  title        = {Retrieval Augmented Visual Question Answering with Outside Knowledge},
  booktitle    = {{EMNLP}},
  pages        = {11238--11254},
  year         = {2022}
}

@inproceedings{DBLP:conf/emnlp/LuoZBB21,
author       = {Man Luo and
                  Yankai Zeng and
                  Pratyay Banerjee and
                  Chitta Baral},
  title        = {Weakly-Supervised Visual-Retriever-Reader for Knowledge-based Question
                  Answering},
  booktitle    = {{EMNLP} {(1)}},
  pages        = {6417--6431},
  year         = {2021}
}

@inproceedings{DBLP:conf/emnlp/XenosSPT23,
author       = {Alexandros Xenos and
                  Themos Stafylakis and
                  Ioannis Patras and
                  Georgios Tzimiropoulos},
  title        = {A Simple Baseline for Knowledge-Based Visual Question Answering},
  booktitle    = {{EMNLP}},
  pages        = {14871--14877},
  year         = {2023}
}

@inproceedings{DBLP:conf/nips/LinCMCB23,
  author       = {Weizhe Lin and
                  Jinghong Chen and
                  Jingbiao Mei and
                  Alexandru Coca and
                  Bill Byrne},
  title        = {Fine-grained Late-interaction Multi-modal Retrieval for Retrieval
                  Augmented Visual Question Answering},
  booktitle    = {NeurIPS},
  year         = {2023}
}

@inproceedings{DBLP:conf/nips/LinX0X0Y22,
  author       = {Yuanze Lin and
                  Yujia Xie and
                  Dongdong Chen and
                  Yichong Xu and
                  Chenguang Zhu and
                  Lu Yuan},
  title        = {{REVIVE:} Regional Visual Representation Matters in Knowledge-Based
                  Visual Question Answering},
  booktitle    = {NeurIPS},
  year         = {2022}
}

@inproceedings{DBLP:conf/nips/Tay00NBM000GSCM22,
 author       = {Yi Tay and
                  Vinh Tran and
                  Mostafa Dehghani and
                  Jianmo Ni and
                  Dara Bahri and
                  Harsh Mehta and
                  Zhen Qin and
                  Kai Hui and
                  Zhe Zhao and
                  Jai Prakash Gupta and
                  Tal Schuster and
                  William W. Cohen and
                  Donald Metzler},
  title        = {Transformer Memory as a Differentiable Search Index},
  booktitle    = {NeurIPS},
  year         = {2022}
}

@article{DBLP:journals/corr/abs-2403-10037,
  author       = {Dongze Hao and
                  Jian Jia and
                  Longteng Guo and
                  Qunbo Wang and
                  Te Yang and
                  Yan Li and
                  Yanhua Cheng and
                  Bo Wang and
                  Quan Chen and
                  Han Li and
                  Jing Liu},
  title        = {Knowledge Condensation and Reasoning for Knowledge-based {VQA}},
  journal      = {CoRR},
  volume       = {abs/2403.10037},
  year         = {2024}
}

@article{achiam2023gpt,
  title={Gpt-4 technical report},
  author={Achiam, Josh and Adler, Steven and Agarwal, Sandhini and Ahmad, Lama and Akkaya, Ilge and Aleman, Florencia Leoni and Almeida, Diogo and Altenschmidt, Janko and Altman, Sam and Anadkat, Shyamal and others},
  journal={arXiv preprint arXiv:2303.08774},
  year={2023}
}

@article{bevilacqua2022autoregressive,
  author       = {Michele Bevilacqua and
                  Giuseppe Ottaviano and
                  Patrick S. H. Lewis and
                  Scott Yih and
                  Sebastian Riedel and
                  Fabio Petroni},
  title        = {Autoregressive Search Engines: Generating Substrings as Document Identifiers},
  booktitle    = {NeurIPS},
  year         = {2022}
}

@article{brown2020language,
  title={Language models are few-shot learners},
  author={Brown, Tom and Mann, Benjamin and Ryder, Nick and Subbiah, Melanie and Kaplan, Jared D and Dhariwal, Prafulla and Neelakantan, Arvind and Shyam, Pranav and Sastry, Girish and Askell, Amanda and others},
  booktitle    = {NeurIPS},
  year         = {2020}
}

@article{chen2023see,
  title={See, think, confirm: Interactive prompting between vision and language models for knowledge-based visual reasoning},
  author={Chen, Zhenfang and Zhou, Qinhong and Shen, Yikang and Hong, Yining and Zhang, Hao and Gan, Chuang},
  journal={arXiv preprint arXiv:2301.05226},
  year={2023}
}

@article{gui2021kat,
  title={Kat: A knowledge augmented transformer for vision-and-language},
  author={Gui, Liangke and Wang, Borui and Huang, Qiuyuan and Hauptmann, Alex and Bisk, Yonatan and Gao, Jianfeng},
  journal={arXiv preprint arXiv:2112.08614},
  year={2021}
}

@inproceedings{jain-etal-2024-rag,
   author       = {Palak Jain and
                  Livio Baldini Soares and
                  Tom Kwiatkowski},
  title        = {From {RAG} to Riches: Retrieval Interlaced with Sequence Generation},
  booktitle    = {{EMNLP}},
  pages        = {8887--8904},
  year         = {2024}
}

@inproceedings{johnson2017clevr,
  author       = {Justin Johnson and
                  Bharath Hariharan and
                  Laurens van der Maaten and
                  Li Fei{-}Fei and
                  C. Lawrence Zitnick and
                  Ross B. Girshick},
  title        = {{CLEVR:} {A} Diagnostic Dataset for Compositional Language and Elementary
                  Visual Reasoning},
  booktitle    = {{CVPR}},
  pages        = {1988--1997},
  year         = {2017}
}

@article{li2023multiview,
  title={Multiview identifiers enhanced generative retrieval},
  author={Li, Yongqi and Yang, Nan and Wang, Liang and Wei, Furu and Li, Wenjie},
  journal={arXiv preprint arXiv:2305.16675},
  year={2023}
}

@article{li2024generative,
  title={Generative cross-modal retrieval: Memorizing images in multimodal language models for retrieval and beyond},
  author={Li, Yongqi and Wang, Wenjie and Qu, Leigang and Nie, Liqiang and Li, Wenjie and Chua, Tat-Seng},
  journal={arXiv preprint arXiv:2402.10805},
  year={2024}
}

@article{li2024survey,
  title={A survey of generative search and recommendation in the era of large language models},
  author={Li, Yongqi and Lin, Xinyu and Wang, Wenjie and Feng, Fuli and Pang, Liang and Li, Wenjie and Nie, Liqiang and He, Xiangnan and Chua, Tat-Seng},
  journal={arXiv preprint arXiv:2404.16924},
  year={2024}
}

@article{lin2022retrieval,
  title={Retrieval augmented visual question answering with outside knowledge},
  author={Lin, Weizhe and Byrne, Bill},
  journal={arXiv preprint arXiv:2210.03809},
  year={2022}
}

@article{lin2024preflmr,
  title={PreFLMR: Scaling Up Fine-Grained Late-Interaction Multi-modal Retrievers},
  author={Lin, Weizhe and Mei, Jingbiao and Chen, Jinghong and Byrne, Bill},
  journal={arXiv preprint arXiv:2402.08327},
  year={2024}
}

@inproceedings{long2024generative,
  title={Generative multi-modal knowledge retrieval with large language models},
  author={Long, Xinwei and Zeng, Jiali and Meng, Fandong and Ma, Zhiyuan and Zhang, Kaiyan and Zhou, Bowen and Zhou, Jie},
  booktitle={Proceedings of the AAAI Conference on Artificial Intelligence},
  volume={38},
  number={17},
  pages={18733--18741},
  year={2024}
}

@inproceedings{luo2023end,
author       = {Man Luo and
                  Zhiyuan Fang and
                  Tejas Gokhale and
                  Yezhou Yang and
                  Chitta Baral},
  title        = {End-to-end Knowledge Retrieval with Multi-modal Queries},
  booktitle    = {{ACL} {(1)}},
  pages        = {8573--8589},
  year         = {2023}
}

@inproceedings{mishra2019ocr,
 author       = {Anand Mishra and
                  Shashank Shekhar and
                  Ajeet Kumar Singh and
                  Anirban Chakraborty},
  title        = {{OCR-VQA:} Visual Question Answering by Reading Text in Images},
  booktitle    = {{ICDAR}},
  pages        = {947--952},
  year         = {2019}
}

@inproceedings{shen2023pbsl,
  title={Pedestrian-specific Bipartite-aware Similarity Learning for Text-based Person Retrieval},
  author={Shen, Fei and Shu, Xiangbo and Du, Xiaoyu  and Tang, Jinhui},
  booktitle={Proceedings of the 31th ACM International Conference on Multimedia},
  year={2023}
}

@article{ziems2023large,
  title={Large language models are built-in autoregressive search engines},
  author={Ziems, Noah and Yu, Wenhao and Zhang, Zhihan and Jiang, Meng},
  journal={arXiv preprint arXiv:2305.09612},
  year={2023}
}

