@inproceedings{chan2022semi,
  title={Semi-supervised Learning with Data Harmonisation for Biomarker Discovery from Resting State fMRI},
  author={Chan, Yi Hao and Yew, Wei Chee and Rajapakse, Jagath C},
  booktitle={International Conference on Medical Image Computing and Computer-Assisted Intervention},
  pages={441--451},
  year={2022},
  organization={Springer}
}

@article{chen2022learning,
  title={Learning causally invariant representations for out-of-distribution generalization on graphs},
  author={Chen, Yongqiang and Zhang, Yonggang and Bian, Yatao and Yang, Han and Kaili, MA and Xie, Binghui and Liu, Tongliang and Han, Bo and Cheng, James},
  journal={Advances in Neural Information Processing Systems},
  volume={35},
  pages={22131--22148},
  year={2022}
}

@inproceedings{cheninterpretable,
  title={How Interpretable Are Interpretable Graph Neural Networks?},
  author={Chen, Yongqiang and Bian, Yatao and Han, Bo and Cheng, James},
  booktitle={Forty-first International Conference on Machine Learning},
  year={2024},
}

@inproceedings{gala,
    title={Does Invariant Graph Learning via Environment Augmentation Learn Invariance?},
    author={Yongqiang Chen and Yatao Bian and Kaiwen Zhou and Binghui Xie and Bo Han and James Cheng },
    booktitle={Advances in Neural Information Processing Systems},
    year={2023},
}

@article{goyal2017accurate,
  title={Accurate, large minibatch SG D: training imagenet in 1 hour},
  author={Goyal, P},
  journal={arXiv preprint arXiv:1706.02677},
  year={2017}
}

@article{guan2021multi,
  title={Multi-site MRI harmonization via attention-guided deep domain adaptation for brain disorder identification},
  author={Guan, Hao and Liu, Yunbi and Yang, Erkun and Yap, Pew-Thian and Shen, Dinggang and Liu, Mingxia},
  journal={Medical image analysis},
  volume={71},
  pages={102076},
  year={2021},
  publisher={Elsevier}
}

@inproceedings{jia2024graph,
  title={Graph invariant learning with subgraph co-mixup for out-of-distribution generalization},
  author={Jia, Tianrui and Li, Haoyang and Yang, Cheng and Tao, Tao and Shi, Chuan},
  booktitle={Proceedings of the AAAI Conference on Artificial Intelligence},
  volume={38},
  number={8},
  pages={8562--8570},
  year={2024}
}

@inproceedings{krueger2021out,
  title={Out-of-distribution generalization via risk extrapolation (rex)},
  author={Krueger, David and Caballero, Ethan and Jacobsen, Joern-Henrik and Zhang, Amy and Binas, Jonathan and Zhang, Dinghuai and Le Priol, Remi and Courville, Aaron},
  booktitle={International conference on machine learning},
  pages={5815--5826},
  year={2021},
  organization={PMLR}
}

@article{li2022learning,
  title={Learning invariant graph representations for out-of-distribution generalization},
  author={Li, Haoyang and Zhang, Ziwei and Wang, Xin and Zhu, Wenwu},
  journal={Advances in Neural Information Processing Systems},
  volume={35},
  pages={11828--11841},
  year={2022}
}

@inproceedings{li2022let,
  title={Let invariant rationale discovery inspire graph contrastive learning},
  author={Li, Sihang and Wang, Xiang and Zhang, An and Wu, Yingxin and He, Xiangnan and Chua, Tat-Seng},
  booktitle={International conference on machine learning},
  pages={13052--13065},
  year={2022},
  organization={PMLR}
}

@inproceedings{miao2022interpretable,
  title={Interpretable and generalizable graph learning via stochastic attention mechanism},
  author={Miao, Siqi and Liu, Mia and Li, Pan},
  booktitle={International Conference on Machine Learning},
  pages={15524--15543},
  year={2022},
  organization={PMLR}
}

@article{sagawa2019distributionally,
  title={Distributionally robust neural networks for group shifts: On the importance of regularization for worst-case generalization},
  author={Sagawa, Shiori and Koh, Pang Wei and Hashimoto, Tatsunori B and Liang, Percy},
  journal={arXiv preprint arXiv:1911.08731},
  year={2019}
}

@article{wang2022multi,
  title={Multi-site clustering and nested feature extraction for identifying autism spectrum disorder with resting-state fMRI},
  author={Wang, Nan and Yao, Dongren and Ma, Lizhuang and Liu, Mingxia},
  journal={Medical image analysis},
  volume={75},
  pages={102279},
  year={2022},
  publisher={Elsevier}
}

@article{zhang2018mixup,
title={mixup: Beyond Empirical Risk Minimization},
author={Zhang, Hongyi and Cisse, Moustapha and Dauphin, Yann N. and Lopez-Paz, David},
journal={International Conference on Learning Representations},
year={2018},
url={https://openreview.net/forum?id=r1Ddp1-Rb}
}

