@inproceedings{ciga,
  title     = {Learning Causally Invariant Representations for Out-of-Distribution Generalization on Graphs},
  author    = {Yongqiang Chen and Yonggang Zhang and Yatao Bian and Han Yang and Kaili Ma and Binghui Xie and Tongliang Liu and Bo Han and James Cheng},
  booktitle = {Advances in Neural Information Processing Systems},
  year      = {2022}
}

@inproceedings{gala,
    title={Does Invariant Graph Learning via Environment Augmentation Learn Invariance?},
    author={Yongqiang Chen and Yatao Bian and Kaiwen Zhou and Binghui Xie and Bo Han and James Cheng },
    booktitle={Advances in Neural Information Processing Systems},
    year={2023},
}

@inproceedings{
yao2024empowering,
title={Empowering Graph Invariance Learning with Deep Spurious Infomax},
author={Tianjun Yao and Yongqiang Chen and Zhenhao Chen and Kai Hu and Zhiqiang Shen and Kun Zhang},
booktitle={Forty-first International Conference on Machine Learning},
year={2024},
}


@article{vgib,
  title={Recognizing Predictive Substructures with Subgraph Information Bottleneck},
  author={Junchi Yu and Tingyang Xu and Yu Rong and Yatao Bian and Junzhou Huang and Ran He},
  journal={IEEE transactions on pattern analysis and machine intelligence},
  year={2021},
}
@article{worsley2002general,
  title={A general statistical analysis for fMRI data},
  author={Worsley, Keith J and Liao, Chien Heng and Aston, John and Petre, V and Duncan, GH and Morales, F and Evans, Alan C},
  journal={Neuroimage},
  volume={15},
  number={1},
  pages={1--15},
  year={2002},
  publisher={Elsevier}
}

@article{poldrack2009decoding,
  title={Decoding the large-scale structure of brain function by classifying mental states across individuals},
  author={Poldrack, Russell A and Halchenko, Yaroslav O and Hanson, Stephen Jos{\'e}},
  journal={Psychological science},
  volume={20},
  number={11},
  pages={1364--1372},
  year={2009},
  publisher={SAGE Publications Sage CA: Los Angeles, CA}
}

@inproceedings{gilmer2017neural,
  title={Neural message passing for quantum chemistry},
  author={Gilmer, Justin and Schoenholz, Samuel S and Riley, Patrick F and Vinyals, Oriol and Dahl, George E},
  booktitle={International conference on machine learning},
  pages={1263--1272},
  year={2017},
  organization={PMLR}
}

@article{wu2022graph,
  title={Graph neural networks in recommender systems: a survey},
  author={Wu, Shiwen and Sun, Fei and Zhang, Wentao and Xie, Xu and Cui, Bin},
  journal={ACM Computing Surveys},
  volume={55},
  number={5},
  pages={1--37},
  year={2022},
  publisher={ACM New York, NY}
}

@inproceedings{ktena2017distance,
  title={Distance metric learning using graph convolutional networks: Application to functional brain networks},
  author={Ktena, Sofia Ira and Parisot, Sarah and Ferrante, Enzo and Rajchl, Martin and Lee, Matthew and Glocker, Ben and Rueckert, Daniel},
  booktitle={Medical Image Computing and Computer Assisted Intervention- MICCAI 2017: 20th International Conference, Quebec City, QC, Canada, September 11-13, 2017, Proceedings, Part I 20},
  pages={469--477},
  year={2017},
  organization={Springer}
}

@inproceedings{yan2019groupinn,
  title={Groupinn: Grouping-based interpretable neural network for classification of limited, noisy brain data},
  author={Yan, Yujun and Zhu, Jiong and Duda, Marlena and Solarz, Eric and Sripada, Chandra and Koutra, Danai},
  booktitle={proceedings of the 25th ACM SIGKDD international conference on knowledge discovery \& data mining},
  pages={772--782},
  year={2019}
}

@inproceedings{lanciano2020explainable,
  title={Explainable classification of brain networks via contrast subgraphs},
  author={Lanciano, Tommaso and Bonchi, Francesco and Gionis, Aristides},
  booktitle={Proceedings of the 26th ACM SIGKDD International Conference on Knowledge Discovery \& Data Mining},
  pages={3308--3318},
  year={2020}
}

@article{xu2018powerful,
  title={How powerful are graph neural networks?},
  author={Xu, Keyulu and Hu, Weihua and Leskovec, Jure and Jegelka, Stefanie},
  journal={arXiv preprint arXiv:1810.00826},
  year={2018}
}

@article{ying2018hierarchical,
  title={Hierarchical graph representation learning with differentiable pooling},
  author={Ying, Zhitao and You, Jiaxuan and Morris, Christopher and Ren, Xiang and Hamilton, Will and Leskovec, Jure},
  journal={Advances in neural information processing systems},
  volume={31},
  year={2018}
}

@article{cox1958regression,
  title={The regression analysis of binary sequences},
  author={Cox, David R},
  journal={Journal of the Royal Statistical Society: Series B (Methodological)},
  volume={20},
  number={2},
  pages={215--232},
  year={1958},
  publisher={Wiley Online Library}
}

@article{dwivedi2020benchmarkgnns,
  title={Benchmarking Graph Neural Networks},
  author={Dwivedi, Vijay Prakash and Joshi, Chaitanya K and Luu, Anh Tuan and Laurent, Thomas and Bengio, Yoshua and Bresson, Xavier},
  journal={arXiv preprint arXiv:2003.00982},
  year={2020}
}

@article{kingma2014adam,
  title={Adam: A method for stochastic optimization},
  author={Kingma, Diederik P and Ba, Jimmy},
  journal={arXiv preprint arXiv:1412.6980},
  year={2014}
}

@article{paszke2017automatic,
  title={Automatic differentiation in pytorch},
  author={Paszke, Adam and Gross, Sam and Chintala, Soumith and Chanan, Gregory and Yang, Edward and DeVito, Zachary and Lin, Zeming and Desmaison, Alban and Antiga, Luca and Lerer, Adam},
  year={2017}
}

@article{wang2019deep,
  title={Deep Graph Library: Towards Efficient and Scalable Deep Learning on Graphs.},
  author={Wang, Minjie and Yu, Lingfan and Zheng, Da and Gan, Quan and Gai, Yu and Ye, Zihao and Li, Mufei and Zhou, Jinjing and Huang, Qi and Ma, Chao and others},
  year={2019}
}

@article{pedregosa2011scikit,
  title={Scikit-learn: Machine learning in Python},
  author={Pedregosa, Fabian and Varoquaux, Ga{\"e}l and Gramfort, Alexandre and Michel, Vincent and Thirion, Bertrand and Grisel, Olivier and Blondel, Mathieu and Prettenhofer, Peter and Weiss, Ron and Dubourg, Vincent and others},
  journal={the Journal of machine Learning research},
  volume={12},
  pages={2825--2830},
  year={2011},
  publisher={JMLR. org}
}

@article{JMLR:v21:20-412,
  author  = {Thomas Bonald and Nathan de Lara and Quentin Lutz and Bertrand Charpentier},
  title   = {Scikit-network: Graph Analysis in Python},
  journal = {Journal of Machine Learning Research},
  year    = {2020},
  volume  = {21},
  number  = {185},
  pages   = {1--6},
  url     = {http://jmlr.org/papers/v21/20-412.html}
}

@article{kipf2016semi,
  title={Semi-supervised classification with graph convolutional networks},
  author={Kipf, Thomas N and Welling, Max},
  journal={arXiv preprint arXiv:1609.02907},
  year={2016}
}

@article{hamilton2017inductive,
  title={Inductive representation learning on large graphs},
  author={Hamilton, Will and Ying, Zhitao and Leskovec, Jure},
  journal={Advances in neural information processing systems},
  volume={30},
  year={2017}
}

@article{velivckovic2017graph,
  title={Graph attention networks},
  author={Veli{\v{c}}kovi{\'c}, Petar and Cucurull, Guillem and Casanova, Arantxa and Romero, Adriana and Lio, Pietro and Bengio, Yoshua},
  journal={arXiv preprint arXiv:1710.10903},
  year={2017}
}

@article{bresson2017residual,
  title={Residual gated graph convnets},
  author={Bresson, Xavier and Laurent, Thomas},
  journal={arXiv preprint arXiv:1711.07553},
  year={2017}
}

@article{xu2022class,
  title={A Class-Aware Representation Refinement Framework for Graph Classification},
  author={Xu, Jiaxing and Ni, Jinjie and Gururajapathy, Sophi Shilpa and Ke, Yiping},
  journal={arXiv preprint arXiv:2209.00936},
  year={2022}
}

@article{kawahara2017brainnetcnn,
  title={BrainNetCNN: Convolutional neural networks for brain networks; towards predicting neurodevelopment},
  author={Kawahara, Jeremy and Brown, Colin J and Miller, Steven P and Booth, Brian G and Chau, Vann and Grunau, Ruth E and Zwicker, Jill G and Hamarneh, Ghassan},
  journal={NeuroImage},
  volume={146},
  pages={1038--1049},
  year={2017},
  publisher={Elsevier}
}

@inproceedings{li2019graph,
  title={Graph neural network for interpreting task-fmri biomarkers},
  author={Li, Xiaoxiao and Dvornek, Nicha C and Zhou, Yuan and Zhuang, Juntang and Ventola, Pamela and Duncan, James S},
  booktitle={Medical Image Computing and Computer Assisted Intervention--MICCAI 2019: 22nd International Conference, Shenzhen, China, October 13--17, 2019, Proceedings, Part V 22},
  pages={485--493},
  year={2019},
  organization={Springer}
}

@inproceedings{li2020pooling,
  title={Pooling regularized graph neural network for fmri biomarker analysis},
  author={Li, Xiaoxiao and Zhou, Yuan and Dvornek, Nicha C and Zhang, Muhan and Zhuang, Juntang and Ventola, Pamela and Duncan, James S},
  booktitle={Medical Image Computing and Computer Assisted Intervention--MICCAI 2020: 23rd International Conference, Lima, Peru, October 4--8, 2020, Proceedings, Part VII 23},
  pages={625--635},
  year={2020},
  organization={Springer}
}

@article{schaefer2018local,
  title={Local-global parcellation of the human cerebral cortex from intrinsic functional connectivity MRI},
  author={Schaefer, Alexander and Kong, Ru and Gordon, Evan M and Laumann, Timothy O and Zuo, Xi-Nian and Holmes, Avram J and Eickhoff, Simon B and Yeo, BT Thomas},
  journal={Cerebral cortex},
  volume={28},
  number={9},
  pages={3095--3114},
  year={2018},
  publisher={Oxford University Press}
}

@inproceedings{yang2019interpretable,
  title={Interpretable multimodality embedding of cerebral cortex using attention graph network for identifying bipolar disorder},
  author={Yang, Huzheng and Li, Xiaoxiao and Wu, Yifan and Li, Siyi and Lu, Su and Duncan, James S and Gee, James C and Gu, Shi},
  booktitle={Medical Image Computing and Computer Assisted Intervention--MICCAI 2019: 22nd International Conference, Shenzhen, China, October 13--17, 2019, Proceedings, Part III 22},
  pages={799--807},
  year={2019},
  organization={Springer}
}

@article{di2011aberrant,
  title={Aberrant striatal functional connectivity in children with autism},
  author={Di Martino, Adriana and Kelly, Clare and Grzadzinski, Rebecca and Zuo, Xi-Nian and Mennes, Maarten and Mairena, Maria Angeles and Lord, Catherine and Castellanos, F Xavier and Milham, Michael P},
  journal={Biological psychiatry},
  volume={69},
  number={9},
  pages={847--856},
  year={2011},
  publisher={Elsevier}
}

@article{khan2015cerebro,
  title={Cerebro-cerebellar resting-state functional connectivity in children and adolescents with autism spectrum disorder},
  author={Khan, Amanda J and Nair, Aarti and Keown, Christopher L and Datko, Michael C and Lincoln, Alan J and M{\"u}ller, Ralph-Axel},
  journal={Biological psychiatry},
  volume={78},
  number={9},
  pages={625--634},
  year={2015},
  publisher={Elsevier}
}

@article{kana2017neural,
  title={Neural networks underlying language and social cognition during self-other processing in Autism spectrum disorders},
  author={Kana, Rajesh K and Sartin, Emma B and Stevens Jr, Carl and Deshpande, Hrishikesh D and Klein, Christopher and Klinger, Mark R and Klinger, Laura Grofer},
  journal={Neuropsychologia},
  volume={102},
  pages={116--123},
  year={2017},
  publisher={Elsevier}
}

@article{assaf2010abnormal,
  title={Abnormal functional connectivity of default mode sub-networks in autism spectrum disorder patients},
  author={Assaf, Michal and Jagannathan, Kanchana and Calhoun, Vince D and Miller, Laura and Stevens, Michael C and Sahl, Robert and O'Boyle, Jacqueline G and Schultz, Robert T and Pearlson, Godfrey D},
  journal={Neuroimage},
  volume={53},
  number={1},
  pages={247--256},
  year={2010},
  publisher={Elsevier}
}

@article{weng2010alterations,
  title={Alterations of resting state functional connectivity in the default network in adolescents with autism spectrum disorders},
  author={Weng, Shih-Jen and Wiggins, Jillian Lee and Peltier, Scott J and Carrasco, Melisa and Risi, Susan and Lord, Catherine and Monk, Christopher S},
  journal={Brain research},
  volume={1313},
  pages={202--214},
  year={2010},
  publisher={Elsevier}
}

@article{esteban2019fmriprep,
  title={fMRIPrep: a robust preprocessing pipeline for functional MRI},
  author={Esteban, Oscar and Markiewicz, Christopher J and Blair, Ross W and Moodie, Craig A and Isik, A Ilkay and Erramuzpe, Asier and Kent, James D and Goncalves, Mathias and DuPre, Elizabeth and Snyder, Madeleine and others},
  journal={Nature methods},
  volume={16},
  number={1},
  pages={111--116},
  year={2019},
  publisher={Nature Publishing Group US New York}
}

@article{vaswani2017attention,
  title={Attention is all you need},
  author={Vaswani, Ashish and Shazeer, Noam and Parmar, Niki and Uszkoreit, Jakob and Jones, Llion and Gomez, Aidan N and Kaiser, {\L}ukasz and Polosukhin, Illia},
  journal={Advances in neural information processing systems},
  volume={30},
  year={2017}
}

@article{badea2017exploring,
  title={Exploring the reproducibility of functional connectivity alterations in Parkinson’s disease},
  author={Badea, Liviu and Onu, Mihaela and Wu, Tao and Roceanu, Adina and Bajenaru, Ovidiu},
  journal={PLoS One},
  volume={12},
  number={11},
  pages={e0188196},
  year={2017},
  publisher={Public Library of Science San Francisco, CA USA}
}

@article{dadi2019benchmarking,
  title={Benchmarking functional connectome-based predictive models for resting-state fMRI},
  author={Dadi, Kamalaker and Rahim, Mehdi and Abraham, Alexandre and Chyzhyk, Darya and Milham, Michael and Thirion, Bertrand and Varoquaux, Ga{\"e}l and Alzheimer's Disease Neuroimaging Initiative and others},
  journal={NeuroImage},
  volume={192},
  pages={115--134},
  year={2019},
  publisher={Elsevier}
}

@article{craddock2013neuro,
  title={The neuro bureau preprocessing initiative: open sharing of preprocessed neuroimaging data and derivatives},
  author={Craddock, Cameron and Benhajali, Yassine and Chu, Carlton and Chouinard, Francois and Evans, Alan and Jakab, Andr{\'a}s and Khundrakpam, Budhachandra Singh and Lewis, John David and Li, Qingyang and Milham, Michael and others},
  journal={Frontiers in Neuroinformatics},
  volume={7},
  pages={27},
  year={2013}
}

@article{li2021braingnn,
  title={Braingnn: Interpretable brain graph neural network for fmri analysis},
  author={Li, Xiaoxiao and Zhou, Yuan and Dvornek, Nicha and Zhang, Muhan and Gao, Siyuan and Zhuang, Juntang and Scheinost, Dustin and Staib, Lawrence H and Ventola, Pamela and Duncan, James S},
  journal={Medical Image Analysis},
  volume={74},
  pages={102233},
  year={2021},
  publisher={Elsevier}
}

@article{zhang2022classification,
  title={Classification of Brain Disorders in rs-fMRI via Local-to-Global Graph Neural Networks},
  author={Zhang, Hao and Song, Ran and Wang, Liping and Zhang, Lin and Wang, Dawei and Wang, Cong and Zhang, Wei},
  journal={IEEE Transactions on Medical Imaging},
  year={2022},
  publisher={IEEE}
}

@article{yu2022learning,
  title={Learning Task-Aware Effective Brain Connectivity for fMRI Analysis with Graph Neural Networks},
  author={Yu, Yue and Kan, Xuan and Cui, Hejie and Xu, Ran and Zheng, Yujia and Song, Xiangchen and Zhu, Yanqiao and Zhang, Kun and Nabi, Razieh and Guo, Ying and others},
  journal={arXiv preprint arXiv:2211.00261},
  year={2022}
}

@article{kim2021learning,
  title={Learning dynamic graph representation of brain connectome with spatio-temporal attention},
  author={Kim, Byung-Hoon and Ye, Jong Chul and Kim, Jae-Jin},
  journal={Advances in Neural Information Processing Systems},
  volume={34},
  pages={4314--4327},
  year={2021}
}

@article{kan2022brain,
  title={Brain network transformer},
  author={Kan, Xuan and Dai, Wei and Cui, Hejie and Zhang, Zilong and Guo, Ying and Yang, Carl},
  journal={arXiv preprint arXiv:2210.06681},
  year={2022}
}

@article{brier2012loss,
  title={Loss of intranetwork and internetwork resting state functional connections with Alzheimer's disease progression},
  author={Brier, Mathew R and Thomas, Jewell B and Snyder, Abraham Z and Benzinger, Tammie L and Zhang, Dongyang and Raichle, Marcus E and Holtzman, David M and Morris, John C and Ances, Beau M},
  journal={Journal of Neuroscience},
  volume={32},
  number={26},
  pages={8890--8899},
  year={2012},
  publisher={Soc Neuroscience}
}

@article{gould2006task,
  title={Task-induced deactivations during successful paired associates learning: an effect of age but not Alzheimer's disease},
  author={Gould, Rebecca L and Brown, Richard G and Owen, Adrian M and Bullmore, Edward T and Howard, Robert J},
  journal={Neuroimage},
  volume={31},
  number={2},
  pages={818--831},
  year={2006},
  publisher={Elsevier}
}

@article{alexopoulos2012perfusion,
  title={Perfusion abnormalities in mild cognitive impairment and mild dementia in Alzheimer’s disease measured by pulsed arterial spin labeling MRI},
  author={Alexopoulos, Panagiotis and Sorg, Christian and F{\"o}rschler, Annette and Grimmer, Timo and Skokou, Maria and Wohlschl{\"a}ger, Afra and Perneczky, Robert and Zimmer, Claus and Kurz, Alexander and Preibisch, Christine},
  journal={European archives of psychiatry and clinical neuroscience},
  volume={262},
  pages={69--77},
  year={2012},
  publisher={Springer}
}

@article{tu2015lost,
  title={Lost in spatial translation--A novel tool to objectively assess spatial disorientation in Alzheimer's disease and frontotemporal dementia},
  author={Tu, Sicong and Wong, Stephanie and Hodges, John R and Irish, Muireann and Piguet, Olivier and Hornberger, Michael},
  journal={Cortex},
  volume={67},
  pages={83--94},
  year={2015},
  publisher={Elsevier}
}

@article{monchi2004neural,
  title={Neural bases of set-shifting deficits in Parkinson's disease},
  author={Monchi, Oury and Petrides, Michael and Doyon, Julien and Postuma, Ronald B and Worsley, Keith and Dagher, Alain},
  journal={Journal of Neuroscience},
  volume={24},
  number={3},
  pages={702--710},
  year={2004},
  publisher={Soc Neuroscience}
}

@article{gerrits2015compensatory,
  title={Compensatory fronto-parietal hyperactivation during set-shifting in unmedicated patients with Parkinson's disease},
  author={Gerrits, Niels JHM and van der Werf, Ysbrand D and Verhoef, Kim MW and Veltman, Dick J and Groenewegen, Henk J and Berendse, Henk W and van den Heuvel, Odile A},
  journal={Neuropsychologia},
  volume={68},
  pages={107--116},
  year={2015},
  publisher={Elsevier}
}

@article{fernandez2015resting,
  title={Resting state functional connectivity of the subthalamic nucleus in P arkinson's disease assessed using arterial spin-labeled perfusion f MRI},
  author={Fern{\'a}ndez-Seara, Mar{\'\i}a A and Mengual, Elisa and Vidorreta, Marta and Castellanos, Gabriel and Irigoyen, Jaione and Erro, Elena and Pastor, Mar{\'\i}a A},
  journal={Human brain mapping},
  volume={36},
  number={5},
  pages={1937--1950},
  year={2015},
  publisher={Wiley Online Library}
}

@article{li2016first,
  title={The first step for neuroimaging data analysis: DICOM to NIfTI conversion},
  author={Li, Xiangrui and Morgan, Paul S and Ashburner, John and Smith, Jolinda and Rorden, Christopher},
  journal={Journal of neuroscience methods},
  volume={264},
  pages={47--56},
  year={2016},
  publisher={Elsevier}
}

@article{gorgolewski2016brain,
  title={The brain imaging data structure, a format for organizing and describing outputs of neuroimaging experiments},
  author={Gorgolewski, Krzysztof J and Auer, Tibor and Calhoun, Vince D and Craddock, R Cameron and Das, Samir and Duff, Eugene P and Flandin, Guillaume and Ghosh, Satrajit S and Glatard, Tristan and Halchenko, Yaroslav O and others},
  journal={Scientific data},
  volume={3},
  number={1},
  pages={1--9},
  year={2016},
  publisher={Nature Publishing Group}
}

@inproceedings{bian2023cpmr,
  title={Cpmr: Context-aware incremental sequential recommendation with pseudo-multi-task learning},
  author={Bian, Qingtian and Xu, Jiaxing and Fang, Hui and Ke, Yiping},
  booktitle={Proceedings of the 32nd ACM International Conference on Information and Knowledge Management},
  pages={120--130},
  year={2023}
}

@article{xu2024contrastive,
  title={Contrastive Graph Pooling for Explainable Classification of Brain Networks},
  author={Xu, Jiaxing and Bian, Qingtian and Li, Xinhang and Zhang, Aihu and Ke, Yiping and Qiao, Miao and Zhang, Wei and Sim, Wei Khang Jeremy and Guly{\'a}s, Bal{\'a}zs},
  journal={IEEE Transactions on Medical Imaging},
  year={2024},
  publisher={IEEE}
}

@article{ying2021transformers,
  title={Do transformers really perform badly for graph representation?},
  author={Ying, Chengxuan and Cai, Tianle and Luo, Shengjie and Zheng, Shuxin and Ke, Guolin and He, Di and Shen, Yanming and Liu, Tie-Yan},
  journal={Advances in Neural Information Processing Systems},
  volume={34},
  pages={28877--28888},
  year={2021}
}

@article{dwivedi2021graph,
  title={Graph neural networks with learnable structural and positional representations},
  author={Dwivedi, Vijay Prakash and Luu, Anh Tuan and Laurent, Thomas and Bengio, Yoshua and Bresson, Xavier},
  journal={arXiv preprint arXiv:2110.07875},
  year={2021}
}

@article{rampavsek2022recipe,
  title={Recipe for a general, powerful, scalable graph transformer},
  author={Ramp{\'a}{\v{s}}ek, Ladislav and Galkin, Michael and Dwivedi, Vijay Prakash and Luu, Anh Tuan and Wolf, Guy and Beaini, Dominique},
  journal={Advances in Neural Information Processing Systems},
  volume={35},
  pages={14501--14515},
  year={2022}
}

@inproceedings{kan2022fbnetgen,
  title={Fbnetgen: Task-aware gnn-based fmri analysis via functional brain network generation},
  author={Kan, Xuan and Cui, Hejie and Lukemire, Joshua and Guo, Ying and Yang, Carl},
  booktitle={International Conference on Medical Imaging with Deep Learning},
  pages={618--637},
  year={2022},
  organization={PMLR}
}

@inproceedings{chen2020simple,
  title={A simple framework for contrastive learning of visual representations},
  author={Chen, Ting and Kornblith, Simon and Norouzi, Mohammad and Hinton, Geoffrey},
  booktitle={International conference on machine learning},
  pages={1597--1607},
  year={2020},
  organization={PMLR}
}

@article{you2020graph,
  title={Graph contrastive learning with augmentations},
  author={You, Yuning and Chen, Tianlong and Sui, Yongduo and Chen, Ting and Wang, Zhangyang and Shen, Yang},
  journal={Advances in neural information processing systems},
  volume={33},
  pages={5812--5823},
  year={2020}
}

@article{li2020distance,
  title={Distance encoding: Design provably more powerful neural networks for graph representation learning},
  author={Li, Pan and Wang, Yanbang and Wang, Hongwei and Leskovec, Jure},
  journal={Advances in Neural Information Processing Systems},
  volume={33},
  pages={4465--4478},
  year={2020}
}

@article{wang2022equivariant,
  title={Equivariant and stable positional encoding for more powerful graph neural networks},
  author={Wang, Haorui and Yin, Haoteng and Zhang, Muhan and Li, Pan},
  journal={arXiv preprint arXiv:2203.00199},
  year={2022}
}

@inproceedings{xu2023data,
  title={Data-Driven Network Neuroscience: On Data Collection and Benchmark},
  author={Xu, Jiaxing and Yang, Yunhan and Huang, David Tse Jung and Gururajapathy, Sophi Shilpa and Ke, Yiping and Qiao, Miao and Wang, Alan and Kumar, Haribalan and McGeown, Josh and Kwon, Eryn},
  booktitle={Thirty-seventh Conference on Neural Information Processing Systems Datasets and Benchmarks Track},
  year={2023}
}

@article{dwivedi2020generalization,
  title={A generalization of transformer networks to graphs},
  author={Dwivedi, Vijay Prakash and Bresson, Xavier},
  journal={arXiv preprint arXiv:2012.09699},
  year={2020}
}

@article{kreuzer2021rethinking,
  title={Rethinking graph transformers with spectral attention},
  author={Kreuzer, Devin and Beaini, Dominique and Hamilton, Will and L{\'e}tourneau, Vincent and Tossou, Prudencio},
  journal={Advances in Neural Information Processing Systems},
  volume={34},
  pages={21618--21629},
  year={2021}
}

@inproceedings{dai2023transformer,
  title={Transformer-based hierarchical clustering for brain network analysis},
  author={Dai, Wei and Cui, Hejie and Kan, Xuan and Guo, Ying and van Rooij, Sanne and Yang, Carl},
  booktitle={2023 IEEE 20th International Symposium on Biomedical Imaging (ISBI)},
  pages={1--5},
  year={2023},
  organization={IEEE}
}

@article{kim2013hippocampus,
  title={Hippocampus--precuneus functional connectivity as an early sign of Alzheimer's disease: A preliminary study using structural and functional magnetic resonance imaging data},
  author={Kim, Junghoe and Kim, Yong-Hwan and Lee, Jong-Hwan},
  journal={Brain research},
  volume={1495},
  pages={18--29},
  year={2013},
  publisher={Elsevier}
}

@article{frisch2013dissociating,
  title={Dissociating memory networks in early Alzheimer’s disease and frontotemporal lobar degeneration-a combined study of hypometabolism and atrophy},
  author={Frisch, Stefan and Dukart, Juergen and Vogt, Barbara and Horstmann, Annette and Becker, Georg and Villringer, Arno and Barthel, Henryk and Sabri, Osama and M{\"u}ller, Karsten and Schroeter, Matthias L},
  journal={PloS one},
  volume={8},
  number={2},
  pages={e55251},
  year={2013},
  publisher={Public Library of Science San Francisco, USA}
}

@article{genon2016relating,
  title={Relating pessimistic memory predictions to Alzheimer's disease brain structure},
  author={Genon, Sarah and Simon, Jessica and Bahri, Mohamed Ali and Collette, Fabienne and Souchay, C{\'e}line and Jaspar, Mathieu and Bastin, Christine and Salmon, Eric},
  journal={Cortex},
  volume={85},
  pages={151--164},
  year={2016},
  publisher={Elsevier}
}

@article{feczko2012hemodynamic,
  title={The hemodynamic response in children with Simplex Autism},
  author={Feczko, Eric and Miezin, Francis M and Constantino, John N and Schlaggar, Bradley L and Petersen, Steven E and Pruett Jr, John R},
  journal={Developmental cognitive neuroscience},
  volume={2},
  number={4},
  pages={396--408},
  year={2012},
  publisher={Elsevier}
}

@inproceedings{chan2022semi,
  title={Semi-supervised Learning with Data Harmonisation for Biomarker Discovery from Resting State fMRI},
  author={Chan, Yi Hao and Yew, Wei Chee and Rajapakse, Jagath C},
  booktitle={International Conference on Medical Image Computing and Computer-Assisted Intervention},
  pages={441--451},
  year={2022},
  organization={Springer}
}

@article{li2012attention,
  title={Attention-related networks in Alzheimer's disease: A resting functional MRI study},
  author={Li, Rui and Wu, Xia and Fleisher, Adam S and Reiman, Eric M and Chen, Kewei and Yao, Li},
  journal={Human brain mapping},
  volume={33},
  number={5},
  pages={1076--1088},
  year={2012},
  publisher={Wiley Online Library}
}

@article{rombouts2002alterations,
  title={Alterations in brain activation during cholinergic enhancement with rivastigmine in Alzheimer’s disease},
  author={Rombouts, SARB and Barkhof, F and Van Meel, CS and Scheltens, P},
  journal={Journal of Neurology, Neurosurgery \& Psychiatry},
  volume={73},
  number={6},
  pages={665--671},
  year={2002},
  publisher={BMJ Publishing Group Ltd}
}

@article{ecker2010describing,
  title={Describing the brain in autism in five dimensions—magnetic resonance imaging-assisted diagnosis of autism spectrum disorder using a multiparameter classification approach},
  author={Ecker, Christine and Marquand, Andre and Mour{\~a}o-Miranda, Janaina and Johnston, Patrick and Daly, Eileen M and Brammer, Michael J and Maltezos, Stefanos and Murphy, Clodagh M and Robertson, Dene and Williams, Steven C and others},
  journal={Journal of Neuroscience},
  volume={30},
  number={32},
  pages={10612--10623},
  year={2010},
  publisher={Soc Neuroscience}
}

@article{chen2023understanding,
  title={Understanding and Improving Feature Learning for Out-of-Distribution Generalization},
  author={Chen, Yongqiang and Huang, Wei and Zhou, Kaiwen and Bian, Yatao and Han, Bo and Cheng, James},
  year={2023}
}

@article{van2008visualizing,
  title={Visualizing data using t-SNE.},
  author={Van der Maaten, Laurens and Hinton, Geoffrey},
  journal={Journal of machine learning research},
  volume={9},
  number={11},
  year={2008}
}

@article{keriven2022not,
  title={Not too little, not too much: a theoretical analysis of graph (over) smoothing},
  author={Keriven, Nicolas},
  journal={Advances in Neural Information Processing Systems},
  volume={35},
  pages={2268--2281},
  year={2022}
}

@inproceedings{zhu2021graph,
  title={Graph contrastive learning with adaptive augmentation},
  author={Zhu, Yanqiao and Xu, Yichen and Yu, Feng and Liu, Qiang and Wu, Shu and Wang, Liang},
  booktitle={Proceedings of the Web Conference 2021},
  pages={2069--2080},
  year={2021}
}

@article{kan2023dynamic,
  title={Dynamic Brain Transformer with Multi-level Attention for Functional Brain Network Analysis},
  author={Kan, Xuan and Gu, Antonio Aodong Chen and Cui, Hejie and Guo, Ying and Yang, Carl},
  journal={arXiv preprint arXiv:2309.01941},
  year={2023}
}

@article{abraham2014machine,
  title={Machine learning for neuroimaging with scikit-learn},
  author={Abraham, Alexandre and Pedregosa, Fabian and Eickenberg, Michael and Gervais, Philippe and Mueller, Andreas and Kossaifi, Jean and Gramfort, Alexandre and Thirion, Bertrand and Varoquaux, Ga{\"e}l},
  journal={Frontiers in neuroinformatics},
  volume={8},
  pages={14},
  year={2014},
  publisher={Frontiers}
}

@inproceedings{wang2023effective,
  title={Effective Graph Kernels for Evolving Functional Brain Networks},
  author={Wang, Xinlei and Chen, Jinyi and Dai, Bing Tian and Xin, Junchang and Gu, Yu and Yu, Ge},
  booktitle={Proceedings of the Sixteenth ACM International Conference on Web Search and Data Mining},
  pages={150--158},
  year={2023}
}

@inproceedings{xu2024union,
  title={Union subgraph neural networks},
  author={Xu, Jiaxing and Zhang, Aihu and Bian, Qingtian and Dwivedi, Vijay Prakash and Ke, Yiping},
  booktitle={Proceedings of the AAAI Conference on Artificial Intelligence},
  volume={38},
  number={14},
  pages={16173--16183},
  year={2024}
}

@article{XU2024121061,
title = {A class-aware representation refinement framework for graph classification},
journal = {Information Sciences},
volume = {679},
pages = {121061},
year = {2024},
issn = {0020-0255},
doi = {https://doi.org/10.1016/j.ins.2024.121061},
url = {https://www.sciencedirect.com/science/article/pii/S0020025524009757},
author = {Jiaxing Xu and Jinjie Ni and Yiping Ke},
keywords = {Graph neural network, Representation learning, Graph classification},
abstract = {Graph Neural Networks (GNNs) are widely used for graph representation learning. Despite its prevalence, GNN suffers from two drawbacks in the graph classification task, the neglect of graph-level relationships, and the generalization issue. Each graph is treated separately in GNN message passing/graph pooling, and existing methods to address overfitting operate on each individual graph. This makes the graph representations learnt less effective in the downstream classification. In this paper, we propose a Class-Aware Representation rEfinement (CARE) framework for the task of graph classification. CARE computes simple yet powerful class representations and injects them to steer the learning of graph representations towards better class separability. CARE is a plug-and-play framework that is highly flexible and able to incorporate arbitrary GNN backbones without significantly increasing the computational cost. We also theoretically prove that CARE has a better generalization upper bound than its GNN backbone through Vapnik-Chervonenkis (VC) dimension analysis. Our extensive experiments with 11 well-known GNN backbones on 9 benchmark datasets validate the superiority and effectiveness of CARE over its GNN counterparts.}
}

@inproceedings{li2023imf,
  title={IMF: interactive multimodal fusion model for link prediction},
  author={Li, Xinhang and Zhao, Xiangyu and Xu, Jiaxing and Zhang, Yong and Xing, Chunxiao},
  booktitle={Proceedings of the ACM Web Conference 2023},
  pages={2572--2580},
  year={2023}
}

@article{wu2023megacare,
  title={MEGACare: Knowledge-guided multi-view hypergraph predictive framework for healthcare},
  author={Wu, Jialun and He, Kai and Mao, Rui and Li, Chen and Cambria, Erik},
  journal={Information Fusion},
  volume={100},
  pages={101939},
  year={2023},
  publisher={Elsevier}
}

@inproceedings{Fey/Lenssen/2019,
  title={Fast Graph Representation Learning with {PyTorch Geometric}},
  author={Fey, Matthias and Lenssen, Jan E.},
  booktitle={ICLR Workshop on Representation Learning on Graphs and Manifolds},
  year={2019},
}

@article{goyal2017accurate,
  title={Accurate, large minibatch SG D: training imagenet in 1 hour},
  author={Goyal, P},
  journal={arXiv preprint arXiv:1706.02677},
  year={2017}
}

@inproceedings{sun2016deep,
  title={Deep coral: Correlation alignment for deep domain adaptation},
  author={Sun, Baochen and Saenko, Kate},
  booktitle={Computer Vision--ECCV 2016 Workshops: Amsterdam, The Netherlands, October 8-10 and 15-16, 2016, Proceedings, Part III 14},
  pages={443--450},
  year={2016},
  organization={Springer}
}

@article{zhang2018mixup,
title={mixup: Beyond Empirical Risk Minimization},
author={Zhang, Hongyi and Cisse, Moustapha and Dauphin, Yann N. and Lopez-Paz, David},
journal={International Conference on Learning Representations},
year={2018},
url={https://openreview.net/forum?id=r1Ddp1-Rb}
}

@article{arjovsky2019invariant,
  title={Invariant risk minimization},
  author={Arjovsky, Martin and Bottou, L{\'e}on and Gulrajani, Ishaan and Lopez-Paz, David},
  journal={arXiv preprint arXiv:1907.02893},
  year={2019}
}

@article{sagawa2019distributionally,
  title={Distributionally robust neural networks for group shifts: On the importance of regularization for worst-case generalization},
  author={Sagawa, Shiori and Koh, Pang Wei and Hashimoto, Tatsunori B and Liang, Percy},
  journal={arXiv preprint arXiv:1911.08731},
  year={2019}
}

@inproceedings{krueger2021out,
  title={Out-of-distribution generalization via risk extrapolation (rex)},
  author={Krueger, David and Caballero, Ethan and Jacobsen, Joern-Henrik and Zhang, Amy and Binas, Jonathan and Zhang, Dinghuai and Le Priol, Remi and Courville, Aaron},
  booktitle={International conference on machine learning},
  pages={5815--5826},
  year={2021},
  organization={PMLR}
}

@inproceedings{
    wu2022dir,
    title={Discovering Invariant Rationales for Graph Neural Networks},
    author={Ying-Xin Wu and Xiang Wang and An Zhang and Xiangnan He and Tat-seng Chua},
    booktitle={ICLR},
    year={2022},
}

@inproceedings{miao2022interpretable,
  title={Interpretable and generalizable graph learning via stochastic attention mechanism},
  author={Miao, Siqi and Liu, Mia and Li, Pan},
  booktitle={International Conference on Machine Learning},
  pages={15524--15543},
  year={2022},
  organization={PMLR}
}

@inproceedings{cheninterpretable,
  title={How Interpretable Are Interpretable Graph Neural Networks?},
  author={Chen, Yongqiang and Bian, Yatao and Han, Bo and Cheng, James},
  booktitle={Forty-first International Conference on Machine Learning},
  year={2024},
}

@inproceedings{10.5555/3045118.3045167,
author = {Ioffe, Sergey and Szegedy, Christian},
title = {Batch normalization: accelerating deep network training by reducing internal covariate shift},
year = {2015},
publisher = {JMLR.org},
abstract = {Training Deep Neural Networks is complicated by the fact that the distribution of each layer's inputs changes during training, as the parameters of the previous layers change. This slows down the training by requiring lower learning rates and careful parameter initialization, and makes it notoriously hard to train models with saturating nonlinearities. We refer to this phenomenon as internal covariate shift, and address the problem by normalizing layer inputs. Our method draws its strength from making normalization a part of the model architecture and performing the normalization for each training mini-batch. Batch Normalization allows us to use much higher learning rates and be less careful about initialization, and in some cases eliminates the need for Dropout. Applied to a state-of-the-art image classification model, Batch Normalization achieves the same accuracy with 14 times fewer training steps, and beats the original model by a significant margin. Using an ensemble of batch-normalized networks, we improve upon the best published result on ImageNet classification: reaching 4.82\% top-5 test error, exceeding the accuracy of human raters.},
booktitle = {Proceedings of the 32nd International Conference on International Conference on Machine Learning - Volume 37},
pages = {448–456},
numpages = {9},
location = {Lille, France},
series = {ICML'15}
}

@inproceedings{gui2022good,
title={{GOOD}: A Graph Out-of-Distribution Benchmark},
author={Shurui Gui and Xiner Li and Limei Wang and Shuiwang Ji},
booktitle={Thirty-sixth Conference on Neural Information Processing Systems Datasets and Benchmarks Track},
year={2022},
url={https://openreview.net/forum?id=8hHg-zs_p-h}
}

@inproceedings{xu2024contrasformer,
  title={Contrasformer: A Brain Network Contrastive Transformer for Neurodegenerative Condition Identification},
  author={Xu, Jiaxing and He, Kai and Lan, Mengcheng and Bian, Qingtian and Li, Wei and Li, Tieying and Ke, Yiping and Qiao, Miao},
  booktitle={Proceedings of the 33rd ACM International Conference on Information and Knowledge Management},
  pages={2671--2681},
  year={2024}
}

@article{guan2021multi,
  title={Multi-site MRI harmonization via attention-guided deep domain adaptation for brain disorder identification},
  author={Guan, Hao and Liu, Yunbi and Yang, Erkun and Yap, Pew-Thian and Shen, Dinggang and Liu, Mingxia},
  journal={Medical image analysis},
  volume={71},
  pages={102076},
  year={2021},
  publisher={Elsevier}
}

@article{wang2022multi,
  title={Multi-site clustering and nested feature extraction for identifying autism spectrum disorder with resting-state fMRI},
  author={Wang, Nan and Yao, Dongren and Ma, Lizhuang and Liu, Mingxia},
  journal={Medical image analysis},
  volume={75},
  pages={102279},
  year={2022},
  publisher={Elsevier}
}

@article{xu2021graph,
  title={A graph Gaussian embedding method for predicting Alzheimer's disease progression with MEG brain networks},
  author={Xu, Mengjia and Sanz, David Lopez and Garces, Pilar and Maestu, Fernando and Li, Quanzheng and Pantazis, Dimitrios},
  journal={IEEE Transactions on Biomedical Engineering},
  volume={68},
  number={5},
  pages={1579--1588},
  year={2021},
  publisher={IEEE}
}

@inproceedings{maddison2022concrete,
  title={The Concrete Distribution: A Continuous Relaxation of Discrete Random Variables},
  author={Maddison, Chris J and Mnih, Andriy and Teh, Yee Whye},
  booktitle={International Conference on Learning Representations},
  year={2022}
}

@article{li2022learning,
  title={Learning invariant graph representations for out-of-distribution generalization},
  author={Li, Haoyang and Zhang, Ziwei and Wang, Xin and Zhu, Wenwu},
  journal={Advances in Neural Information Processing Systems},
  volume={35},
  pages={11828--11841},
  year={2022}
}

@inproceedings{li2022let,
  title={Let invariant rationale discovery inspire graph contrastive learning},
  author={Li, Sihang and Wang, Xiang and Zhang, An and Wu, Yingxin and He, Xiangnan and Chua, Tat-Seng},
  booktitle={International conference on machine learning},
  pages={13052--13065},
  year={2022},
  organization={PMLR}
}

@article{chen2022learning,
  title={Learning causally invariant representations for out-of-distribution generalization on graphs},
  author={Chen, Yongqiang and Zhang, Yonggang and Bian, Yatao and Yang, Han and Kaili, MA and Xie, Binghui and Liu, Tongliang and Han, Bo and Cheng, James},
  journal={Advances in Neural Information Processing Systems},
  volume={35},
  pages={22131--22148},
  year={2022}
}

@inproceedings{jia2024graph,
  title={Graph invariant learning with subgraph co-mixup for out-of-distribution generalization},
  author={Jia, Tianrui and Li, Haoyang and Yang, Cheng and Tao, Tao and Shi, Chuan},
  booktitle={Proceedings of the AAAI Conference on Artificial Intelligence},
  volume={38},
  number={8},
  pages={8562--8570},
  year={2024}
}

@article{hong2019atypical,
  title={Atypical functional connectome hierarchy in autism},
  author={Hong, Seok-Jun and Vos de Wael, Reinder and Bethlehem, Richard AI and Lariviere, Sara and Paquola, Casey and Valk, Sofie L and Milham, Michael P and Di Martino, Adriana and Margulies, Daniel S and Smallwood, Jonathan and others},
  journal={Nature communications},
  volume={10},
  number={1},
  pages={1022},
  year={2019},
  publisher={Nature Publishing Group UK London}
}

@article{farrant2016atypical,
  title={Atypical developmental of dorsal and ventral attention networks in autism},
  author={Farrant, Kristafor and Uddin, Lucina Q},
  journal={Developmental science},
  volume={19},
  number={4},
  pages={550--563},
  year={2016},
  publisher={Wiley Online Library}
}

@article{yeo2011organization,
  title={The organization of the human cerebral cortex estimated by intrinsic functional connectivity},
  author={Yeo, BT Thomas and Krienen, Fenna M and Sepulcre, Jorge and Sabuncu, Mert R and Lashkari, Danial and Hollinshead, Marisa and Roffman, Joshua L and Smoller, Jordan W and Z{\"o}llei, Lilla and Polimeni, Jonathan R and others},
  journal={Journal of neurophysiology},
  year={2011},
  publisher={American Physiological Society Bethesda, MD}
}

@article{smith2011network,
  title={Network modelling methods for FMRI},
  author={Smith, Stephen M and Miller, Karla L and Salimi-Khorshidi, Gholamreza and Webster, Matthew and Beckmann, Christian F and Nichols, Thomas E and Ramsey, Joseph D and Woolrich, Mark W},
  journal={Neuroimage},
  volume={54},
  number={2},
  pages={875--891},
  year={2011},
  publisher={Elsevier}
}

@article{wu2020graph,
  title={Graph information bottleneck},
  author={Wu, Tailin and Ren, Hongyu and Li, Pan and Leskovec, Jure},
  journal={Advances in Neural Information Processing Systems},
  volume={33},
  pages={20437--20448},
  year={2020}
}

@article{ciaramidaro2018transdiagnostic,
  title={Transdiagnostic deviant facial recognition for implicit negative emotion in autism and schizophrenia},
  author={Ciaramidaro, Angela and B{\"o}lte, Sven and Schlitt, Sabine and Hainz, Daniela and Poustka, Fritz and Weber, Bernhard and Freitag, Christine and Walter, Henrik},
  journal={European Neuropsychopharmacology},
  volume={28},
  number={2},
  pages={264--275},
  year={2018},
  publisher={Elsevier}
}

@article{scherf2015individual,
  title={Individual differences in symptom severity and behavior predict neural activation during face processing in adolescents with autism},
  author={Scherf, K Suzanne and Elbich, Daniel and Minshew, Nancy and Behrmann, Marlene},
  journal={NeuroImage: Clinical},
  volume={7},
  pages={53--67},
  year={2015},
  publisher={Elsevier}
}

@article{boyle2024left,
  title={Left Frontoparietal Control Network Connectivity Moderates the Effect of Amyloid on Cognitive Decline in Preclinical Alzheimer’s Disease: The A4 Study},
  author={Boyle, Rory and Klinger, HM and Shirzadi, Z and Coughlan, GT and Seto, M and Properzi, MJ and Townsend, Diana L and Yuan, Ziwen and Scanlon, C and Jutten, Roos J and others},
  journal={The Journal of Prevention of Alzheimer's Disease},
  volume={11},
  number={4},
  pages={881--888},
  year={2024},
  publisher={Springer}
}

@article{jiang2020stronger,
  title={Stronger bilateral functional connectivity of the frontoparietal control network in near-centenarians and centenarians without dementia},
  author={Jiang, Jiyang and Liu, Tao and Crawford, John D and Kochan, Nicole A and Brodaty, Henry and Sachdev, Perminder S and Wen, Wei},
  journal={Neuroimage},
  volume={215},
  pages={116855},
  year={2020},
  publisher={Elsevier}
}

@article{venneri2008anatomical,
  title={The anatomical bases of semantic retrieval deficits in early Alzheimer's disease},
  author={Venneri, Annalena and McGeown, William J and Hietanen, Heidi M and Guerrini, Chiara and Ellis, Andrew W and Shanks, Michael F},
  journal={Neuropsychologia},
  volume={46},
  number={2},
  pages={497--510},
  year={2008},
  publisher={Elsevier}
}

@article{mcgeown2009patterns,
  title={Patterns of brain activity during a semantic task differentiate normal aging from early Alzheimer's disease},
  author={McGeown, William Jonathan and Shanks, Michael Fraser and Forbes-McKay, Katrina Elaine and Venneri, Annalena},
  journal={Psychiatry Research: Neuroimaging},
  volume={173},
  number={3},
  pages={218--227},
  year={2009},
  publisher={Elsevier}
}

@article{wang2015interhemispheric,
  title={Interhemispheric functional and structural disconnection in Alzheimer’s disease: a combined resting-state fMRI and DTI study},
  author={Wang, Zhiqun and Wang, Jianli and Zhang, Han and Mchugh, Robert and Sun, Xiaoyu and Li, Kuncheng and Yang, Qing X},
  journal={PLoS One},
  volume={10},
  number={5},
  pages={e0126310},
  year={2015},
  publisher={Public Library of Science San Francisco, CA USA}
}

@ARTICLE{10198494,
  author={Lei, Baiying and Zhu, Yun and Liang, Enmin and Yang, Peng and Chen, Shaobin and Hu, Huoyou and Xie, Haoran and Wei, Ziyi and Hao, Fei and Song, Xuegang and Wang, Tianfu and Xiao, Xiaohua and Wang, Shuqiang and Han, Hongbin},
  journal={IEEE Transactions on Medical Imaging}, 
  title={Federated Domain Adaptation via Transformer for Multi-Site Alzheimer’s Disease Diagnosis}, 
  year={2023},
  volume={42},
  number={12},
  pages={3651-3664},
  keywords={Transformers;Federated learning;Adaptation models;Feature extraction;Magnetic resonance imaging;Data privacy;Hospitals;Alzheimer’s disease;domain adaptation;federated learning;transformer},
  doi={10.1109/TMI.2023.3300725}}

@ARTICLE{10012442,
  author={Liu, Xingdan and Wu, Jiacheng and Li, Wenqi and Liu, Qian and Tian, Lixia and Huang, Huifang},
  journal={IEEE Transactions on Neural Systems and Rehabilitation Engineering}, 
  title={Domain Adaptation via Low Rank and Class Discriminative Representation for Autism Spectrum Disorder Identification: A Multi-Site fMRI Study}, 
  year={2023},
  volume={31},
  number={},
  pages={806-817},
  keywords={Data models;Laboratories;Biomarkers;Sparse matrices;Optimization;Neuroimaging;Functional magnetic resonance imaging;Autism spectrum disorder (ASD);class discriminative representation;domain adaptation (DA);functional magnetic resonance imaging (fMRI);multi-site;low rank representation;resting-state functional connectivities},
  doi={10.1109/TNSRE.2022.3233656}}

@article{xu2024multi,
  title={Multi-Atlas Brain Network Classification through Consistency Distillation and Complementary Information Fusion},
  author={Xu, Jiaxing and Lan, Mengcheng and Dong, Xia and He, Kai and Zhang, Wei and Bian, Qingtian and Ke, Yiping},
  journal={arXiv preprint arXiv:2410.08228},
  year={2024}
}