

@article{05331, author = {Matheus Henrique Dal Molin Ribeiro and Ramon Gomes da Silva and Sinvaldo Rodrigues Moreno and Cristiane Canton and José Henrique Kleinübing Larcher and Stefano Frizzo Stefenon and Viviana Cocco Mariani and Leandro dos Santos Coelho}, title = {Variational mode decomposition and bagging extreme learning machine with multi-objective optimization for wind power forecasting}, journal = {Applied Intelligence}, volume = {54}, pages = {3119-3134}, year = {2024}, doi = {10.1007/s10489-024-05331-2},}


@article{MORENO2024130493, author = {Sinvaldo Rodrigues Moreno and Laio Oriel Seman and Stefano Frizzo Stefenon and Leandro dos Santos Coelho and Viviana Cocco Mariani}, title = {Enhancing wind speed forecasting through synergy of machine learning, singular spectral analysis, and variational mode decomposition}, journal = {Energy}, volume = {292}, pages = {130493}, year = {2024}, doi = {10.1016/j.energy.2024.130493}, }

@article{elseidi2024mstl,
  title={{MSTL-NNAR: A} new hybrid model of machine learning and time series decomposition for wind speed forecasting},
  author={Elseidi, Mohammed},
  journal={Stochastic Environmental Research and Risk Assessment},
  pages={2613–2632}, volume={38}, doi={10.1007/s00477-024-02701-7},
  year={2024},
  publisher={Springer}
}

@article{peng2022effective,
  title={Effective energy consumption forecasting using empirical wavelet transform and long short-term memory},
  author={Peng, Lu and Wang, Lin and Xia, De and Gao, Qinglu},
  journal={Energy},
  volume={238}, doi={10.1016/j.energy.2021.121756},
  pages={121756},
  year={2022},
  publisher={Elsevier}
}

@article{guodong2023comparison,
  title={A Comparison of Ocean Wave Height Forecasting Methods for Ocean Wave Energy Conversion Systems},
  author={Guodong, Qin and Zhongxian, Chen},
  journal={Water},
  volume={15},
  number={18}, doi={10.3390/w15183256},
  pages={3256},
  year={2023},
  publisher={MDPI}
}

@article{chawuthai2022travel,
  title={Travel time prediction on long-distance road segments in Thailand},
  author={Chawuthai, Rathachai and Ainthong, Nachaphat and Intarawart, Surasee and Boonyanaet, Niracha and Sumalee, Agachai},
  journal={Applied Sciences},
  volume={12}, doi={10.3390/app12115681},
  number={11},
  pages={5681},
  year={2022},
  publisher={MDPI}
}

@article{singh2023novel,
  title={A novel {PRFB} decomposition for non-stationary time-series and image analysis},
  author={Singh, Pushpendra and Singhal, Amit and Fatimah, Binish and Gupta, Anubha},
  journal={Signal Processing},
  volume={207},
  pages={108961}, doi={10.1016/j.sigpro.2023.108961},
  year={2023},
  publisher={Elsevier}
}

@article{yadav2024noa,
  title={{NOA-LSTM: An efficient LSTM cell architecture for time series forecasting}},
  author={Yadav, Hemant and Thakkar, Amit},
  journal={Expert Systems with Applications},
  volume={238},
  pages={122333}, doi={10.1016/j.eswa.2023.122333},
  year={2024},
  publisher={Elsevier}
}

@ARTICLE{8769843,
  author={Liu, Wei and Chen, Wei},
  journal={IEEE Access}, 
  title={Recent Advancements in Empirical Wavelet Transform and Its Applications}, 
  year={2019},
  volume={7},
  number={},
  pages={103770-103780},
  doi={10.1109/ACCESS.2019.2930529}}


@article{mohammadi2023using,
  title={Using empirical wavelet transform and high-order fuzzy cognitive maps for time series forecasting},
  author={Mohammadi, Hossein Abbasian and Ghofrani, Sedigheh and Nikseresht, Ali},
  journal={Applied Soft Computing},
  volume={135},
  pages={109990},
  year={2023}, doi={10.1016/j.asoc.2023.109990},
  publisher={Elsevier}
}

@article{srinivas2022hyoptxg,
  title={{hyOPTXg: OPTUNA hyper-parameter optimization framework for predicting cardiovascular disease using XGBoost}},
  author={Srinivas, Polipireddy and Katarya, Rahul},
  journal={Biomedical Signal Processing and Control},
  volume={73}, doi={10.1016/j.bspc.2021.103456},
  pages={103456},
  year={2022},
  publisher={Elsevier}
}

@ARTICLE{10559896,
  author={Hao, Yanpeng and Zhang, Yingying and Shen, Zikui and Liu, Lin and Yao, Congwei and Huang, Shenglong and Zhang, Zhimin and Zheng, Yao and Yang, Lin},
  journal={IEEE Transactions on Instrumentation and Measurement}, 
  title={Ultrasonic Longitudinal Wave Reflection Propagation Model and Defect Detection Method for the Cone of 126-{kV} Three-Phase Basin Insulators}, 
  year={2024},
  volume={73},
  number={},
  pages={1-8},
  doi={10.1109/TIM.2024.3412189}}

@article{ying2021permutation,
  title={Permutation entropy-based improved uniform phase empirical mode decomposition for mechanical fault diagnosis},
  author={Ying, Wanming and Zheng, Jinde and Pan, Haiyang and Liu, Qingyun},
  journal={Digital Signal Processing},
  volume={117},
  pages={103167}, doi={10.1016/j.dsp.2021.103167},
  year={2021},
  publisher={Elsevier}
}


@article{tuleski2024audio, title={Audio-Based Engine Fault Diagnosis with Wavelet, {Markov} Blanket, {ROCKET,} and Optimized Machine Learning Classifiers}, author={Tuleski, Bernardo Luis and Yamaguchi, Cristina Keiko and Stefenon, Stefano Frizzo and dos Santos Coelho, Leandro and Mariani, Viviana Cocco}, journal={Sensors (Basel, Switzerland)}, volume={24}, number={22}, doi= {10.3390/s24227316}, pages={7316}, year={2024}}

@article{sohrabbeig2023decompose,
  title={Decompose and Conquer: Time Series Forecasting with Multiseasonal Trend Decomposition Using Loess},
  author={Sohrabbeig, Amirhossein and Ardakanian, Omid and Musilek, Petr},
  journal={Forecasting},
  volume={5},
  number={4},
  pages={684--696}, doi={10.3390/forecast5040037},
  year={2023},
  publisher={MDPI}
}

@ARTICLE{9445054,
  author={Mahata, Shibendu and Herencsar, Norbert and Kubanek, David},
  journal={IEEE Access}, 
  title={Optimal Approximation of Fractional-Order Butterworth Filter Based on Weighted Sum of Classical Butterworth Filters}, 
  year={2021},
  volume={9},
  number={},
  pages={81097-81114},
  doi={10.1109/ACCESS.2021.3085515}}


@article{xu2023offshore,
  title={Offshore wind speed assessment with statistical and attention-based neural network methods based on STL decomposition},
  author={Xu, Li and Ou, Yanxia and Cai, Jingjing and Wang, Jin and Fu, Yang and Bian, Xiaoyan},
  journal={Renewable Energy},
  volume={216}, doi={10.1016/j.renene.2023.119097},
  pages={119097},
  year={2023},
  publisher={Elsevier}
}

@article{bhowmik2021cyclical,
  title={Cyclical and seasonal patterns of India’s GDP growth rate through the eyes of Hamilton and Hodrick Prescott Filter models},
  author={Bhowmik, Debesh and Poddar, Sandeep and others},
  journal={Advancement in Management and Technology (AMT)},
  volume={1}, doi={10.46977/apjmt.2021v01i03.002},
  number={3},
  pages={7--17},
  year={2021}
}

@article{jin2023time,
  title={Time-llm: Time series forecasting by reprogramming large language models},
  author={Jin, Ming and Wang, Shiyu and Ma, Lintao and Chu, Zhixuan and Zhang, James Y and Shi, Xiaoming and Chen, Pin-Yu and Liang, Yuxuan and Li, Yuan-Fang and Pan, Shirui and others},
  journal={arXiv:2310.01728}, volume={2},
  year={2024}, pages={1-24}, doi={10.48550/arXiv.2310.01728}
}

@article{liu2021application,
  title={Application of hybrid model based on empirical mode decomposition, novel recurrent neural networks and the ARIMA to wind speed prediction},
  author={Liu, Ming-De and Ding, Lin and Bai, Yu-Long},
  journal={Energy Conversion and Management},
  volume={233},
  pages={113917}, doi={10.1016/j.enconman.2021.113917},
  year={2021},
  publisher={Elsevier}
}

@article{zhang2024carbon,
  title={Carbon Price Forecasting Using Optimized Sliding Window Empirical Wavelet Transform and Gated Recurrent Unit Network to Mitigate Data Leakage},
  author={Zhang, Zeyu and Liu, Xiaoqian and Zhang, Xiling and Yang, Zhishan and Yao, Jian},
  journal={Energies},
  volume={17},
  number={17}, doi={10.3390/en17174358},
  pages={4358},
  year={2024},
  publisher={MDPI}
}

@article{klaar2024random,
  title={Random Convolutional Kernel Transform with Empirical Mode Decomposition for Classification of Insulators from Power Grid},
  author={Klaar, Anne Carolina Rodrigues and Seman, Laio Oriel and Mariani, Viviana Cocco and Coelho, Leandro dos Santos},
  journal={Sensors},
  volume={24}, doi={10.3390/s24041113},
  number={4},
  pages={1113},
  year={2024},
  publisher={MDPI}
}

@article{hu2024intelligent,
  title={An intelligent network traffic prediction method based on {Butterworth filter and CNN-LSTM}}, doi={10.1016/j.comnet.2024.110172},
  author={Hu, Xueyan and Liu, Wei and Huo, Hua},
  journal={Computer Networks},
  volume={240},
  pages={110172},
  year={2024},
  publisher={Elsevier}
}

@article{bandara2025mstl,
  title={{MSTL: A} seasonal-trend decomposition algorithm for time series with multiple seasonal patterns},
  author={Bandara, Kasun and Hyndman, Rob J and Bergmeir, Christoph},
  journal={International Journal of Operational Research},
  year={2025}, doi={10.1504/IJOR.2025.143957}, pages={79-98}, volume={52}, number={1},
  publisher={Inderscience Publishers (IEL)}
}

@article{yao2024multi,
  title={Multi-state delayed echo state network with empirical wavelet transform for time series prediction},
  author={Yao, Xianshuang and Wang, Huiyu and Shao, Yanning and Huang, Zhanjun and Cao, Shengxian and Ma, Qingchuan},
  journal={Applied Intelligence},
  volume={54},
  number={6}, doi={10.1007/s10489-024-05386-1},
  pages={4646--4667},
  year={2024},
  publisher={Springer}
}

@article{he2021seasonal,
  title={A seasonal-trend decomposition-based dendritic neuron model for financial time series prediction},
  author={He, Houtian and Gao, Shangce and Jin, Ting and Sato, Syuhei and Zhang, Xingyi},
  journal={Applied Soft Computing},
  volume={108},
  pages={107488},
  year={2021}, doi={10.1016/j.asoc.2021.107488},
  publisher={Elsevier}
}

@article{ouyang2021stl,
  title={{STL} decomposition of time series can benefit forecasting done by statistical methods but not by machine learning ones},
  author={Ouyang, Zuokun and Ravier, Philippe and Jabloun, Meryem},
  journal={Engineering Proceedings},
  volume={5},
  number={1}, doi={10.3390/engproc2021005042},
  pages={42},
  year={2021},
  publisher={MDPI}
}

%%%%%%%%%%%%%%%%%%%%%%%%%%%%%%%%%%%%%
@article{deLima2022fitzgerald,
  title={Fitzgerald Random Walk Filter for Insulator Fault Prediction},
  author={de Lima, Felipe A. and others},
  journal={Sensors},
  volume={23},
  number={13},
  pages={6118},
  year={2023},
  publisher={MDPI}
}

@article{castillo2021novel,
  title={A novel method for prediction of washing cycles of electrical insulators in high pollution environments},
  author={Castillo-Sierra, Rafael and Oviedo-Trespalacios, Oscar and Candelo-Becerra, John E and Soto, Jose D and Calle, Maria},
  journal={International Journal of Electrical Power \& Energy Systems},
  volume={130},
  pages={107026},
  year={2021}, doi={10.1016/j.ijepes.2021.107026},
  publisher={Elsevier}
}

@article{cui2020prediction,
  title={Prediction of flashover voltage using electric field measurement on clean and polluted insulators},
  author={Cui, L and Ramesh, M},
  journal={International Journal of Electrical Power \& Energy Systems},
  volume={116},
  pages={105574}, doi={10.1016/j.ijepes.2019.105574},
  year={2020},
  publisher={Elsevier}
}

@article{liu2020contamination,
  title={Contamination deposition and discharge characteristics of outdoor insulators in fog-haze conditions},
  author={Liu, Yong and Zong, Hongbao and Gao, Sheng and Du, BX},
  journal={International Journal of Electrical Power \& Energy Systems},
  volume={121},
  pages={106176}, doi={10.1016/j.ijepes.2020.106176},
  year={2020},
  publisher={Elsevier}
}

@article{qiao2021failure,
  title={The failure arc paths of the novel device combining an arrester and an insulator under different pollution levels},
  author={Qiao, Xinhan and Zhang, Zhijin and Sundararajan, Raji and Jiang, Xingliang and Hu, Jianping and Fang, Zhen},
  journal={International Journal of Electrical Power \& Energy Systems},
  volume={125},
  pages={106549}, doi={10.1016/j.ijepes.2020.106549},
  year={2021},
  publisher={Elsevier}
}

@article{rocha2019inspection,
  title={Inspection in overhead insulators through the analysis of the irradiated {RF} spectrum},
  author={Rocha, PHV and Costa, EG and Serres, AR and Xavier, GVR and Peixoto, JEB and Lins, RL},
  journal={International Journal of Electrical Power \& Energy Systems}, doi={10.1016/j.ijepes.2019.05.060},
  volume={113},
  pages={355--361},
  year={2019},
  publisher={Elsevier}
}

@article{akbari2023experimental,
  title={Experimental investigation on the accelerated aging of silicone rubber insulators based on thermal stress},
  author={Akbari, Mohammad and Shayegani-Akmal, Amir Abbas},
  journal={International Journal of Electrical Power \& Energy Systems},
  volume={149},
  pages={109049}, doi={10.1016/j.ijepes.2023.109049},
  year={2023},
  publisher={Elsevier}
}

@article{klaar2023structure, title={Structure optimization of ensemble learning methods and seasonal decomposition approaches to energy price forecasting in {Latin America: A case study about Mexico}}, author={Klaar, Anne Carolina Rodrigues and Stefenon, Stefano Frizzo and Seman, Laio Oriel and Mariani, Viviana Cocco and Coelho, Leandro Santos}, journal={Energies}, volume={16}, number={7}, doi={10.3390/en16073184}, pages={3184}, year={2023}, publisher={MDPI}}

@Article{s23136118, TITLE = {Group method of data handling using {Christiano-Fitzgerald} random walk filter for insulator fault prediction}, AUTHOR = {Stefenon, Stefano Frizzo and Seman, Laio Oriel and Sopelsa Neto, Nemesio Fava and Meyer, Luiz Henrique and Mariani, Viviana Cocco and Coelho, Leandro dos Santos}, JOURNAL = {Sensors}, VOLUME = {23}, YEAR = {2023}, NUMBER = {13}, pages = {6118}, DOI = {10.3390/s23136118}}

@Article{s22166121, TITLE = {Fault prediction based on leakage current in contaminated insulators using enhanced time series forecasting models}, AUTHOR = {Sopelsa Neto, N. F. and Stefenon, S. F. and Meyer, L. H. and Ovejero, R. G. and Leithardt, V. R. Q.}, JOURNAL = {Sensors}, VOLUME = {22}, YEAR = {2022}, NUMBER = {16}, pages = {6121}, DOI = {10.3390/s22166121}}

@article{en13020484, title={Electrical insulator fault forecasting based on a wavelet neuro-fuzzy system}, author={Stefenon, Stéfano Frizzo and Freire, Roberto Zanetti and Coelho, Leandro Santos and Meyer, Luiz Henrique and Grebogi, Rafael Bartnik and Buratto, William Gouvêa and Nied, Ademir}, volume={13}, DOI={10.3390/en13020484}, number={2}, journal={Energies}, year={2020}, pages={484}}

@ARTICLE{9612196,
  author={Zhang, Xiaoyu and Tang, Liwei and Chen, Jiusheng},
  journal={IEEE Transactions on Instrumentation and Measurement}, 
  title={Fault Diagnosis for Electro-Mechanical Actuators Based on {STL-HSTA-GRU and SM}}, 
  year={2021},
  volume={70},
  number={},
  pages={1-16},
  keywords={Fault diagnosis;Time series analysis;Feature extraction;Actuators;Sensor phenomena and characterization;Predictive models;Electromechanical devices;Attention mechanism;dynamic time warping (DTW);electro-mechanical actuators (EMAs);fault diagnosis;seasonal-trend decomposition procedures based on Loess (STL);similarity measure (SM)},
  doi={10.1109/TIM.2021.3127641}}


@ARTICLE{10356858,
  author={Xing, Yang and Hu, Zhongxu and Hang, Peng and Lv, Chen},
  journal={IEEE Transactions on Intelligent Vehicles}, 
  title={Learning From the Dark Side: A Parallel Time Series Modelling Framework for Forecasting and Fault Detection on Intelligent Vehicles}, 
  year={2024},
  volume={9},
  number={2},
  pages={3205-3219},
  keywords={Forecasting;Predictive models;Intelligent vehicles;Fault detection;Transformers;Time series analysis;Multitasking;Time-series modelling;generative time-series model;relativistic GAN;deep learning;fault detection;intelligent vehicles},
  doi={10.1109/TIV.2023.3342648}}



@ARTICLE{3076410, title={Hybrid wavelet stacking ensemble model for insulators contamination forecasting}, author={Stefenon, S. F. and Ribeiro, M. H. D. M. and Nied, A. and Mariani, V. C. and Coelho, L. S. and Leithardt, V. R. Q. and Silva, L. A. and Seman, L. O.}, journal={IEEE Access}, year={2021}, volume={9}, number={}, pages={66387-66397}, doi={10.1109/ACCESS.2021.3076410}}


@article{mubarak2024day,
  title={Day-Ahead electricity price forecasting using a {CNN-BiLSTM} model in conjunction with autoregressive modeling and hyperparameter optimization},
  author={Mubarak, Hamza and Abdellatif, Abdallah and Ahmad, Shameem and Islam, Mohammad Zohurul and Muyeen, SM and Mannan, Mohammad Abdul and Kamwa, Innocent},
  journal={International Journal of Electrical Power \& Energy Systems},
  volume={161},
  pages={110206},
  year={2024}, doi={10.1016/j.ijepes.2024.110206},
  publisher={Elsevier}
}

@article{fan2024multi,
  title={A multi-stage ensemble model for power load forecasting based on decomposition, error factors, and multi-objective optimization algorithm},
  author={Fan, Chaodong and Nie, Shanghao and Xiao, Leyi and Yi, Lingzhi and Wu, Yuetang and Li, Gongrong},
  journal={International Journal of Electrical Power \& Energy Systems},
  volume={155},
  pages={109620}, doi={10.1016/j.ijepes.2023.109620},
  year={2024},
  publisher={Elsevier}
}

@article{li2024clustering,
  title={Clustering and forecasting of day-ahead electricity supply curves using a market-based distance},
  author={Li, Zehang and Alonso, Andr{\'e}s M and El{\'\i}as, Antonio and Morales, Juan M},
  journal={International Journal of Electrical Power \& Energy Systems},
  volume={158},
  pages={109977},
year={2024}, doi={10.1016/j.ijepes.2024.109977},
  publisher={Elsevier}
}

@article{lappicy2023enhancing,
  title={Enhancing monthly streamflow forecasting for Brazilian hydropower plants through climate index integration with stochastic methods},
  author={Lappicy, Thiago and Lima, Carlos HR},
  journal={RBRH},
  volume={28},
  pages={e48},
  year={2023}, doi={10.1590/2318-0331.282320230118},
  publisher={SciELO Brasil}
}

@ARTICLE{9272273,
  author={Barino, Felipe O. and Silva, Vinicius N. H. and López-Barbero, Andrés P. and De Mello Honório, Leonardo and Santos, Alexandre Bessa Dos},
  journal={IEEE Access}, 
  title={Correlated Time-Series in Multi-Day-Ahead Streamflow Forecasting Using Convolutional Networks}, 
  year={2020},
  volume={8},
  number={},
  pages={215748-215757},
  doi={10.1109/ACCESS.2020.3040942}}

@article{wang2024research,
  title={Research on the current frequency forecasting of a power supply converter for heating the oil pipeline based on gradient boosting decision tree},
  author={Wang, Xiangyu and Wang, Liguo and Sidorov, Denis and Dreglea, Aliona and Fu, Lei and Wang, Zongjie},
  journal={International Journal of Electrical Power \& Energy Systems}, doi={10.1016/j.ijepes.2024.110259},
  volume={162},
  pages={110259},
  year={2024},
  publisher={Elsevier}
}

@article{avila2023seasonal,
  title={Seasonal streamflow forecast in the {Tocantins River Basin, Brazil: an evaluation of ECMWF-SEAS5} with multiple conceptual hydrological models},
  author={{\'A}vila, Leandro and Silveira, Reinaldo and Campos, Andr{\'e} and Rogiski, Nathalli and Freitas, Camila and Aver, C{\'a}ssia and Fan, Fernando},
  journal={Water},
  volume={15}, doi={10.3390/w15091695},
  number={9},
  pages={1695},
  year={2023},
  publisher={MDPI}
}

@article{costa2021monthly,
  title={Monthly and seasonal streamflow forecasting of large dryland catchments in Brazil},
  author={Costa, Alexandre C and Estacio, Alvson BS and de Souza Filho, Francisco de A and Lima Neto, Iran E},
  journal={Journal of Arid Land},
  volume={13},
  pages={205--223}, doi={10.1007/s40333-021-0097-y},
  year={2021},
  publisher={Springer}
}

@article{kolling2023advancing,
  title={Advancing medium-range streamflow forecasting for large hydropower reservoirs in {Brazil} by means of continental-scale hydrological modeling},
  author={Kolling Neto, Arthur and Siqueira, Vin{\'\i}cius Alencar and Gama, Cl{\'e}ber Henrique de Ara{\'u}jo and Paiva, Rodrigo Cauduro Dias de and Fan, Fernando Mainardi and Collischonn, Walter and Silveira, Reinaldo and Paranhos, C{\'a}ssia Silmara Aver and Freitas, Camila},
  journal={Water},
  volume={15},
  number={9}, doi={10.3390/w15091693},
  pages={1693},
  year={2023},
  publisher={MDPI}
}

@article{gomaa2023assessment,
  title={Assessment of hybrid machine learning algorithms using TRMM rainfall data for daily inflow forecasting in {Tr{\^e}s Marias reservoir, eastern Brazil}},
  author={Gomaa, Ehab and Zerouali, Bilel and Difi, Salah and El-Nagdy, Khaled A and Santos, Celso Augusto Guimar{\~a}es and Abda, Zaki and Ghoneim, Sherif SM and Bailek, Nadjem and da Silva, Richarde Marques and Rajput, Jitendra and others},
  journal={Heliyon},
  volume={9},
  number={8},
  year={2023},
  publisher={Elsevier}, doi={10.1016/j.heliyon.2023.e18819}
}

@article{belotti2021comparative,
  title={Comparative study of forecasting approaches in monthly streamflow series from Brazilian hydroelectric plants using Extreme Learning Machines and Box \& Jenkins models},
  author={Belotti, Jonatas and Mendes, Jos{\'e} Jair and Leme, Murilo and Trojan, Flavio and Stevan, Sergio L and Siqueira, Hugo},
  journal={Journal of Hydrology and Hydromechanics},
  volume={69},
  number={2}, doi={10.2478/johh-2021-0001},
  pages={180--195},
  year={2021}
}

@article{duarte2022streamflow,
  title={Streamflow forecasting in Tocantins river basins using machine learning},
  author={Duarte, Victor Braga Rodrigues and Viola, Marcelo Ribeiro and Giongo, Marcos and Uliana, Eduardo Morgan and De Mello, Carlos Rog{\'e}rio},
  journal={Water Supply},
  volume={22},
  number={7}, doi={10.2166/ws.2022.155},
  pages={6230--6244},
  year={2022},
  publisher={IWA Publishing}
}

@ARTICLE{9250453,
  author={Maciel, Guilherme M. and Cabral, Vinicius Albuquerque and Marcato, André Luís Marques and Júnior, Ivo C. Silva and Honório, Leonardo De M.},
  journal={IEEE Access}, 
  title={Daily Water Flow Forecasting via Coupling Between SMAP and Deep Learning}, 
  year={2020},
  volume={8},
  number={},
  pages={204660-204675},
  doi={10.1109/ACCESS.2020.3036487}}

@article{fayer2023temporal,
  title={A temporal fusion transformer deep learning model for long-term streamflow forecasting: a case study in the funil reservoir, Southeast {Brazil}},
  author={Fayer, Geane and Lima, Larissa and Miranda, Felix and Santos, Jussara and Campos, Renan and Bignoto, Vin{\'\i}cius and Andrade, Marcel and Moraes, Marconi and Ribeiro, Celso and Capriles, Priscila and others},
  journal={Knowledge-Based Engineering and Sciences},
  volume={4},
  number={2}, doi={10.51526/kbes.2023.4.2.73-88},
  pages={73--88},
  year={2023}
}

@article{Yamasaki2024109579, author = {Marcos Yamasaki and Roberto Zanetti Freire and Laio Oriel Seman and Stefano Frizzo Stefenon and Viviana Cocco Mariani and Leandro {dos Santos Coelho}}, title = {Optimized hybrid ensemble learning approaches applied to very short-term load forecasting}, journal = {International Journal of Electrical Power \& Energy Systems}, volume = {155}, pages = {109579}, year = {2024}, doi = {10.1016/j.ijepes.2023.109579},}



@article{souza2023enhancing,
  title={Enhancing streamflow forecasting for the {Brazilian electricity sector: A} strategy based on a hyper-multimodel},
  author={Souza Filho, Francisco de Assis de and Rocha, Renan Vieira and Est{\'a}cio, {\'A}lyson Brayner and Rolim, Larissa Zaira Rafael and Pontes Filho, Jo{\~a}o Dehon de Ara{\'u}jo and Porto, Victor Costa and Guimar{\~a}es, Sullyandro Oliveira},
  journal={RBRH},
  volume={28},
  pages={e45}, doi={10.1590/2318-0331.282320230120},
  year={2023},
  publisher={SciELO Brasil}
}

@ARTICLE{9478784,
  author={Fredo, Guilherme Luiz Minetto and Finardi, Erlon Cristian and Larroyd, Paulo Vitor and Picarelli, Lucas Borges},
  journal={IEEE Access}, 
  title={Inflow Aggregation and Run-of-the-River Inflow Energy for Reducing Dimensionality in the Long-Term Generation Scheduling Problem}, 
  year={2021},
  volume={9},
  number={},
  pages={98542-98560},
  doi={10.1109/ACCESS.2021.3096143}}


@article{costa2021water,
  title={Water flow forecasting based on river tributaries using long short-term memory ensemble model},
  author={Costa Silva, Diogo F and Galv{\~a}o Filho, Arlindo R and Carvalho, Rafael V and de Souza L. Ribeiro, Filipe and Coelho, Clarimar J},
  journal={Energies},
  volume={14}, doi={10.3390/en14227707},
  number={22},
  pages={7707},
  year={2021},
  publisher={MDPI}
}

@ARTICLE{10019598,
  author={Fernando De Toledo, José and Valadares Siqueira, Hugo and Biuk, Lucas Henrique and Sacchi, Rodrigo and Azambuja, Rodrigo Da Rosa and Junior, Roberto Asano and Asano, Patricia Teixeira Leite},
  journal={IEEE Access}, 
  title={Climate Indices Impact in Monthly Streamflow Series Forecasting}, 
  year={2023},
  volume={11},
  number={},
  pages={21451-21464},
  doi={10.1109/ACCESS.2023.3237982}}


@article{maceira2023combining,
  title={Combining monthly wind and inflow uncertainties in the stochastic dual dynamic programming: Application to the Brazilian interconnected system},
  author={Maceira, Maria Elvira P and Melo, Albert CG and Pessanha, Jos{\'e} Francisco M and Cruz, Cristiane B and Almeida, Victor A and Justino, Thatiana C},
  journal={Energy Systems},
  pages={1--38}, doi={10.1007/s12667-023-00580-5},
  year={2023},
  publisher={Springer}
}

@article{siqueira2020potential,
  title={Potential skill of continental-scale, medium-range ensemble streamflow forecasts for flood prediction in South America},
  author={Siqueira, Vin{\'\i}cius Alencar and Fan, Fernando Mainardi and de Paiva, Rodrigo Cauduro Dias and Ramos, Maria-Helena and Collischonn, Walter},
  journal={Journal of hydrology},
  volume={590},
  pages={125430}, doi={10.1016/j.jhydrol.2020.125430},
  year={2020},
  publisher={Elsevier}
}

@article{branco2024bootstrap,
  title={Bootstrap aggregation with Christiano--Fitzgerald random walk filter for fault prediction in power systems},
  author={Branco, Nathielle Waldrigues and Cavalca, Mariana Santos Matos and Ovejero, Ra{\'u}l Garc{\'\i}a},
  journal={Electrical Engineering},
  volume={106},
  number={3},
  pages={3657--3670},
  year={2024},
  publisher={Springer}, doi={10.1007/s00202-023-02146-1}}

@article{buratto2024time,
  title={Time Series Forecasting of Thermal Systems Dispatch in Legal Amazon Using Machine Learning},
  author={Buratto, William Gouv{\^e}a and Muniz, Rafael Ninno and Cardoso, Rodolfo and Nied, Ademir and da Costa Jr, Carlos Tavares and Gonzalez, Gabriel Villarrubia},
  journal={Applied Sciences},
  volume={14},
  number={21},
  pages={9806}, doi={10.3390/app14219806},
  year={2024},
  publisher={MDPI}
}

@ARTICLE{10436101,
  author={Buratto, William Gouvêa and Muniz, Rafael Ninno and Nied, Ademir and González, Gabriel Villarrubia},
  journal={IEEE Access}, 
  title={{Seq2Seq-LSTM} With Attention for Electricity Load Forecasting in {Brazil}}, 
  year={2024},
  volume={12},
  number={},
  pages={30020-30029},
  doi={10.1109/ACCESS.2024.3365812}}

@ARTICLE{10236525,
  author={Smyl, Slawek and Dudek, Grzegorz and Pełka, Paweł},
  journal={IEEE Transactions on Neural Networks and Learning Systems}, 
  title={{ES-dRNN: A} Hybrid Exponential Smoothing and Dilated Recurrent Neural Network Model for Short-Term Load Forecasting}, 
  year={2024},
  volume={35},
  number={8},
  pages={11346-11358},
  doi={10.1109/TNNLS.2023.3259149}}

@article{wan2019multivariate,
  title={Multivariate temporal convolutional network: A deep neural networks approach for multivariate time series forecasting},
  author={Wan, Renzhuo and Mei, Shuping and Wang, Jun and Liu, Min and Yang, Fan},
  journal={Electronics},
  volume={8},
  number={8},
  pages={876}, DOI={10.3390/electronics8080876},
  year={2019},
  publisher={MDPI}
}

@article{khorram2023hybrid,
  title={A hybrid CNN-LSTM approach for monthly reservoir inflow forecasting},
  author={Khorram, S and Jehbez, N},
  journal={Water Resources Management},
  volume={37},
  number={10}, doi={10.1007/s11269-023-03541-w},
  pages={4097--4121},
  year={2023},
  publisher={Springer}
}

@article{wu2021risk,
  title={Risk Analysis for Short-Term Operation of the Power Generation in Cascade Reservoirs Considering Multivariate Reservoir Inflow Forecast Errors},
  author={Wu, Yueqiu and Wang, Liping and Wang, Yi and Zhang, Yanke and Wu, Jiajie and Ma, Qiumei and Liang, Xiaoqing and He, Bin},
  journal={Sustainability},
  volume={13},
  number={7}, doi={10.3390/su13073689},
  pages={3689},
  year={2021},
  publisher={MDPI}
}

@article{wang2023evaluation,
  title={Evaluation of an inflow forecast correction method based on Multi-Scenarios division},
  author={Wang, Suiling and Jiang, Zhiqiang and Tang, Zhengyang and Zhang, Hairong and Wang, Pengfei},
  journal={Journal of Hydrology},
  volume={618},
  pages={129162}, doi={10.1016/j.jhydrol.2023.129162},
  year={2023},
  publisher={Elsevier}
}

@article{zhang2019optimal,
  title={An optimal operation model for hydropower stations considering inflow forecasts with different lead-times}, doi={10.1007/s11269-018-2095-1},
  author={Zhang, Xiaoli and Peng, Yong and Xu, Wei and Wang, Bende},
  journal={Water resources management},
  volume={33},
  pages={173--188},
  year={2019},
  publisher={Springer}
}

@article{qi2019decomposition,
  title={A decomposition-ensemble learning model based on LSTM neural network for daily reservoir inflow forecasting}, doi={10.1007/s11269-019-02345-1},
  author={Qi, Yutao and Zhou, Zhanao and Yang, Lingling and Quan, Yining and Miao, Qiguang},
  journal={Water Resources Management},
  volume={33},
  pages={4123--4139},
  year={2019},
  publisher={Springer}
}

@article{AHMAD2019147,
title = {A generic data-driven technique for forecasting of reservoir inflow: Application for hydropower maximization},
journal = {Environmental Modelling \& Software},
volume = {119},
pages = {147-165},
year = {2019},
issn = {1364-8152},
doi = {10.1016/j.envsoft.2019.06.008},
author = {Shahryar Khalique Ahmad and Faisal Hossain},}

@article{lara2020temporal,
  title={Temporal convolutional networks applied to energy-related time series forecasting},
  author={Lara-Ben{\'\i}tez, Pedro and Carranza-Garc{\'\i}a, Manuel and Luna-Romera, Jos{\'e} M and Riquelme, Jos{\'e} C},
  journal={Applied Sciences},
  volume={10},
  number={7}, doi={10.3390/app10072322},
  pages={2322},
  year={2020},
  publisher={MDPI}
}

@article{STEFENON2024109876, author = {Stefano Frizzo Stefenon and Laio Oriel Seman and Luiza Scapinello Aquino {da Silva} and Viviana Cocco Mariani and Leandro dos Santos Coelho}, title = {Hypertuned temporal fusion transformer for multi-horizon time series forecasting of dam level in hydroelectric power plants}, journal = {International Journal of Electrical Power \& Energy Systems}, volume = {157}, pages = {109876}, year = {2024}, doi = {10.1016/j.ijepes.2024.109876},}

@article{li2023multi,
  title={Multi-reservoir echo state networks with Hodrick--Prescott filter for nonlinear time-series prediction},
  author={Li, Ziqiang and Liu, Yun and Tanaka, Gouhei}, doi={10.1016/j.asoc.2023.110021},
  journal={Applied Soft Computing},
  volume={135},
  pages={110021},
  year={2023},
  publisher={Elsevier}
}

@INPROCEEDINGS{10771272,
  author={Sun, Yongqian and Guo, Yang and Liang, Minghan and Wen, Xidao and Kuang, Junhua and Zhang, Shenglin and Li, Hongbo and Xia, Kaixu and Pei, Dan},
  booktitle={International Symposium on Software Reliability Engineering Workshops (ISSREW)}, 
  title={Multivariate Time Series Anomaly Detection based on Pre-trained Models with Dual-Attention Mechanism}, 
  year={2024},
  volume={35},
  number={}, publisher={IEEE}, address={Tsukuba, Japan},
  pages={73-78},
  doi={10.1109/ISSREW63542.2024.00050}}



@INPROCEEDINGS{10621076,
  author={Samaras, Georgios and Mertiri, Marinela and Xezonaki, Maria-Evgenia and Theodorou, Vasileios and Chartsias, Panteleimon Konstantinos and Bozios, Theodoros},
  booktitle={International Mediterranean Conference on Communications and Networking (MeditCom)}, 
  title={Unlocking the Path Towards {AI}-Native Networks with Optimized Lightweight Large Language Models}, 
  year={2024},
  volume={1},
  number={}, publisher={IEEE},
  pages={108-113}, address={Madrid, Spain},
  doi={10.1109/MeditCom61057.2024.10621076}}


@ARTICLE{10856008,
  author={Abdullahi, Shamsu and Danyaro, Kamaluddeen Usman and Zakari, Abubakar and Aziz, Izzatdin Abdul and Zawawi, Noor Amila Wan Abdullah and Adamu, Shamsuddeen},
  journal={IEEE Access}, 
  title={Time-Series Large Language Models: A Systematic Review of State-of-the-Art}, 
  year={2025},
  volume={},
  number={},
  pages={1-28},
  doi={10.1109/ACCESS.2025.3535782}}


@article{rhif2022detection,
  title={Detection of trend and seasonal changes in non-stationary remote sensing data: Case study of Tunisia vegetation dynamics},
  author={Rhif, Manel and Abbes, Ali Ben and Martinez, Beatriz and de Jong, Rogier and Sang, Yanfang and Farah, Imed Riadh},
  journal={Ecological Informatics},
  volume={69}, doi={10.1016/j.ecoinf.2022.101596},
  pages={101596},
  year={2022},
  publisher={Elsevier}
}

@article{sakarya2022spectral,
  title={The spectral analysis of the Hodrick--Prescott filter},
  author={Sakarya, Neslihan and de Jong, Robert M},
  journal={Journal of Time Series Analysis},
  volume={43},
  number={3}, doi={10.1111/jtsa.12622},
  pages={479--489},
  year={2022},
  publisher={Wiley Online Library}
}

@article{SHI2024110177,
title = {A robust electricity price forecasting framework based on heteroscedastic temporal Convolutional Network},
journal = {International Journal of Electrical Power \& Energy Systems},
volume = {161},
pages = {110177},
year = {2024},
issn = {0142-0615},
doi = {10.1016/j.ijepes.2024.110177},
author = {Wei Shi and Yu {Feng Wang}},
}

@article{QIN2022107517,
title = {Multi-task short-term reactive and active load forecasting method based on {attention-LSTM} model},
journal = {International Journal of Electrical Power \& Energy Systems},
volume = {135},
pages = {107517},
year = {2022},
issn = {0142-0615},
doi = {10.1016/j.ijepes.2021.107517},
author = {Jiaqi Qin and Yi Zhang and Shixiong Fan and Xiaonan Hu and Yongqiang Huang and Zexin Lu and Yan Liu},
}

@misc{olivares2022library,
    author={Kin G. Olivares and
            Cristian Challu and
            Federico Garza and
            Max Mergenthaler Canseco and
            Artur Dubrawski},
    title = {{NeuralForecast}: User friendly state-of-the-art neural forecasting models},
    year={2022},
    howpublished={{PyCon} Salt Lake City, Utah, USA},
    url={https://github.com/Nixtla/neuralforecast}
}

@article{zhao2024long,
  title={Long-term inflow forecast using meteorological data based on long short-term memory neural networks},
  author={Zhao, Hongye and Liao, Shengli and Song, Yitong and Fang, Zhou and Ma, Xiangyu and Zhou, BinBin},
  journal={Journal of Hydroinformatics},
  volume={26},
  number={5}, doi={10.2166/hydro.2024.196},
  pages={954--971},
  year={2024},
  publisher={IWA Publishing}
}

@article{tamakawa2024investigation,
  title={Investigation of an Ensemble Inflow-Prediction System for Upstream Reservoirs in Sai River, Japan},
  author={Tamakawa, Katsunori and Nakamura, Shigeru and Nyunt, Cho Thanda and Ushiyama, Tomoki and Rasmy, Mohamed and Kubota, Keijiro and Naseer, Asif and Ikoma, Eiji and Nemoto, Toshihiro and Kitsuregawa, Masaru and others}, doi={10.3390/w16182577},
  journal={Water},
  volume={16},
  number={18},
  pages={2577},
  year={2024},
  publisher={MDPI}
}

@article{zhu2024quantitative,
  title={Quantitative evaluation of the impact of hydrological forecasting uncertainty on reservoir real-time optimal operation},
  author={Zhu, Feilin and Wang, Yaqin and Liu, Bojun and Cao, Qing and Han, Mingyu and Zeng, Yurou and Lin, Meiyan and Zhao, Lingqi and Wang, Xinrong and Wan, Zhiqi and others},
  journal={Stochastic Environmental Research and Risk Assessment},
  volume={38},
  number={2}, doi={10.1007/s00477-023-02588-w},
  pages={571--591},
  year={2024},
  publisher={Springer}
}

@article{SHU2024131218,
title = {Value of long-term inflow forecast for hydropower operation: A case study in a low forecast precision region},
journal = {Energy},
volume = {298},
pages = {131218},
year = {2024},
issn = {0360-5442},
doi = {10.1016/j.energy.2024.131218},
author = {Xingsheng Shu and Wei Ding and Yong Peng and Ziru Wang},
}


@article{latif2024ensuring,
  title={Ensuring a generalizable machine learning model for forecasting reservoir inflow in Kurdistan region of Iraq and Australia},
  author={Latif, Sarmad Dashti and Ahmed, Ali Najah},
  journal={Environment, Development and Sustainability},
  volume={26},
  number={5}, doi={10.1007/s10668-023-03885-8},
  pages={12513--12544},
  year={2024},
  publisher={Springer}
}

@article{li2024improving,
  title={Improving cascade reservoir inflow forecasting and extracting insights by decomposing the physical process using a hybrid model},
  author={Li, Jinyang and Dao, Vu and Hsu, Kuolin and Analui, Bita and Knofczynski, Joel D and Sorooshian, Soroosh},
  journal={Journal of Hydrology},
  volume={630}, doi={10.1016/j.jhydrol.2024.130623},
  pages={130623},
  year={2024},
  publisher={Elsevier}
}

@article{xu2020deep,
  title={Deep reinforcement learning for cascaded hydropower reservoirs considering inflow forecasts},
  author={Xu, Wei and Zhang, Xiaoli and Peng, Anbang and Liang, Yue},
  journal={Water Resources Management},
  volume={34}, doi={10.1007/s11269-020-02600-w},
  pages={3003--3018},
  year={2020},
  publisher={Springer}
}

@article{TRULL2022127398,
title = {Multiple seasonal STL decomposition with discrete-interval moving seasonalities},
journal = {Applied Mathematics and Computation},
volume = {433},
pages = {127398},
year = {2022},
issn = {0096-3003},
doi = {10.1016/j.amc.2022.127398},
author = {Oscar Trull and J. Carlos García-Díaz and A. Peiró-Signes},
}

@article{XU2023119097,
title = {Offshore wind speed assessment with statistical and attention-based neural network methods based on STL decomposition},
journal = {Renewable Energy},
volume = {216},
pages = {119097},
year = {2023},
issn = {0960-1481},
doi = {10.1016/j.renene.2023.119097},
author = {Li Xu and Yanxia Ou and Jingjing Cai and Jin Wang and Yang Fu and Xiaoyan Bian},
}

@article{gordan2024spatial,
  title={Spatial Analysis of Seasonal and Trend Patterns in Romanian Agritourism Arrivals Using Seasonal-Trend Decomposition Using LOESS},
  author={Gordan, Marius-Ionuț and Popescu, Cosmin Alin and C{\u{a}}lina, Jenica and Adamov, Tabita Cornelia and M{\u{a}}nescu, Camelia Maria and Iancu, Tiberiu},
  journal={Agriculture},
  volume={14},
  number={2},
  pages={229}, doi={10.3390/agriculture14020229},
  year={2024},
  publisher={MDPI}
}

@article{ZHANG2024131058,
title = {Simultaneous forecasting of wind speed for multiple stations based on attribute-augmented spatiotemporal graph convolutional network and tree-structured parzen estimator},
journal = {Energy},
volume = {295},
pages = {131058},
year = {2024},
issn = {0360-5442},
doi = {10.1016/j.energy.2024.131058},
author = {Chu Zhang and Xiujie Qiao and Zhao Zhang and Yuhan Wang and Yongyan Fu and Muhammad Shahzad Nazir and Tian Peng},
}

@article{107584, title = {Time series forecasting using ensemble learning methods for emergency prevention in hydroelectric power plants with dam}, author = {Stefano Frizzo Stefenon and Matheus Henrique Dal Molin Ribeiro and Ademir Nied and Kin-Choong Yow and Viviana Cocco Mariani and Leandro Santos Coelho and Laio Oriel Seman}, journal = {Electric Power Systems Research}, volume = {202}, pages = {107584}, year = {2022}, doi = {10.1016/j.epsr.2021.107584},}

@article{gtd2.13292,
author = {Buratto, William Gouvêa and Muniz, Rafael Ninno and Nied, Ademir and Barros, Carlos Frederico de Oliveira and Cardoso, Rodolfo and Gonzalez, Gabriel Villarrubia},
title = {Wavelet CNN-LSTM time series forecasting of electricity power generation considering biomass thermal systems},
journal = {IET Generation, Transmission \& Distribution},
volume = {18},
number = {21},
pages = {3437-3451},
keywords = {demand forecasting, generation},
doi = {10.1049/gtd2.13292},
year = {2024}
}


@article{STEFENON2024133918,
title = {Hypertuned wavelet convolutional neural network with long short-term memory for time series forecasting in hydroelectric power plants},
journal = {Energy},
volume = {313},
pages = {133918},
year = {2024},
issn = {0360-5442},
doi = {10.1016/j.energy.2024.133918},
author = {Stefano Frizzo Stefenon and Laio Oriel Seman and Evandro Cardozo {da Silva} and Erlon Cristian Finardi and Leandro dos Santos Coelho and Viviana Cocco Mariani},
}

@article{YAO2024134180,
title = {Multidimensional electric power parameter time series forecasting and anomaly fluctuation analysis based on the AFFC-GLDA-RL method},
journal = {Energy},
volume = {313},
pages = {134180},
year = {2024},
issn = {0360-5442},
doi = {10.1016/j.energy.2024.134180},
author = {Haowei Yao and Pengyu Qu and Hengjie Qin and Zhen Lou and Xiaoge Wei and Huaitao Song},
}

@article{WU2024129728,
title = {Two-stage decomposition and temporal fusion transformers for interpretable wind speed forecasting},
journal = {Energy},
volume = {288},
pages = {129728},
year = {2024},
issn = {0360-5442},
doi = {10.1016/j.energy.2023.129728},
author = {Binrong Wu and Lin Wang},
}

@article{NIU2024132482,
title = {Interpretable wind power forecasting combining seasonal-trend representations learning with temporal fusion transformers architecture},
journal = {Energy},
volume = {306},
pages = {132482},
year = {2024},
issn = {0360-5442},
doi = {10.1016/j.energy.2024.132482},
author = {Zhewen Niu and Xiaoqing Han and Dongxia Zhang and Yuxiang Wu and Songyan Lan},
}

@article{hewamalage2021recurrent,
  title={Recurrent neural networks for time series forecasting: Current status and future directions},
  author={Hewamalage, Hansika and Bergmeir, Christoph and Bandara, Kasun},
  journal={International Journal of Forecasting},
  volume={37},
  number={1}, doi={10.1016/j.ijforecast.2020.06.008},
  pages={388--427},
  year={2021},
  publisher={Elsevier}
}

@INPROCEEDINGS{8530608,
  author={Madan, Rishabh and Mangipudi, Partha Sarathi},
  booktitle={2018 Eleventh International Conference on Contemporary Computing (IC3)}, 
  title={Predicting Computer Network Traffic: A Time Series Forecasting Approach Using {DWT, ARIMA and RNN}}, 
  year={2018},
  volume={},
  number={},
  pages={1-5},
  doi={10.1109/IC3.2018.8530608}}


@article{zhu2020dilated,
  title={Dilated recurrent neural networks for glucose forecasting in type 1 diabetes},
  author={Zhu, Taiyu and Li, Kezhi and Chen, Jianwei and Herrero, Pau and Georgiou, Pantelis},
  journal={Journal of Healthcare Informatics Research},
  volume={4},
  pages={308--324}, doi={10.1007/s41666-020-00068-2},
  year={2020},
  publisher={Springer}
}

@INPROCEEDINGS{9094964,
  author={Luo, Jianxiang and Fu, Yonggang},
  booktitle={2019 3rd International Conference on Electronic Information Technology and Computer Engineering (EITCE)}, 
  title={Dilated Recurrent Neural Network for Epidemiological Predictions}, 
  year={2019},
  volume={},
  number={},
  pages={1728-1731},
  doi={10.1109/EITCE47263.2019.9094964}}

@article{li2021ensemble,
  title={An ensemble modeling approach to forecast daily reservoir inflow using bidirectional long-and short-term memory (Bi-LSTM), variational mode decomposition (VMD), and energy entropy method},
  author={Li, Fugang and Ma, Guangwen and Chen, Shijun and Huang, Weibin},
  journal={Water Resources Management},
  volume={35},
  pages={2941--2963},
  year={2021}, doi={10.1007/s11269-021-02879-3},
  publisher={Springer}
}

@article{AHMAD20201560,
title = {Maximizing energy production from hydropower dams using short-term weather forecasts},
journal = {Renewable Energy},
volume = {146},
pages = {1560-1577},
year = {2020},
issn = {0960-1481},
doi = {10.1016/j.renene.2019.07.126},
author = {Shahryar Khalique Ahmad and Faisal Hossain},
}

@article{MATRENIN2022439,
title = {Adaptive ensemble models for medium-term forecasting of water inflow when planning electricity generation under climate change},
journal = {Energy Reports},
volume = {8},
pages = {439-447},
year = {2022},
note = {2021 The 8th International Conference on Power and Energy Systems Engineering},
issn = {2352-4847},
doi = {10.1016/j.egyr.2021.11.112},
author = {Pavel Matrenin and Murodbek Safaraliev and Stepan Dmitriev and Sergey Kokin and Bahtiyor Eshchanov and Anastasia Rusina},
}

@ARTICLE{9735273,
  author={Zhou, Fan and Wang, Zhiyuan and Chen, Dajiang and Zhang, Kuan},
  journal={IEEE Transactions on Industrial Informatics}, 
  title={Reservoir Inflow Forecasting in Hydropower Industry: A Generative Flow-Based Approach}, 
  year={2023},
  volume={19},
  number={2},
  pages={1196-1206},
  doi={10.1109/TII.2022.3158927}}


@article{YOUSEFI2022128265,
title = {Day-ahead inflow forecasting using causal empirical decomposition},
journal = {Journal of Hydrology},
volume = {613},
pages = {128265},
year = {2022},
issn = {0022-1694},
doi = {10.1016/j.jhydrol.2022.128265},
author = {Mojtaba Yousefi and Xiaomei Cheng and Michele Gazzea and August Hubert Wierling and Jayaprakash Rajasekharan and Arild Helseth and Hossein Farahmand and Reza Arghandeh},
}

@article{oreshkin2021n,
  title={{N-BEATS neural network for mid-term electricity load forecasting}},
  author={Oreshkin, Boris N and Dudek, Grzegorz and Pe{\l}ka, Pawe{\l} and Turkina, Ekaterina},
  journal={Applied Energy},
  volume={293},
  pages={116918},
  year={2021},
  publisher={Elsevier}, doi={10.1016/j.apenergy.2021.116918},
}

@inproceedings{challu2023nhits,
  title={NHITS: Neural hierarchical interpolation for time series forecasting},
  author={Challu, Cristian and Olivares, Kin G. and Oreshkin, Boris N. and Ramirez, Federico Garza and Canseco, Max Mergenthaler and Dubrawski, Artur},
  booktitle={Proceedings of the AAAI conference on artificial intelligence}, publisher={AAAI},
  volume={37}, address={Washington, USA},
  pages={6989--6997},
  year={2023}, doi={10.1609/aaai.v37i6.25854}
}

@article{LIN2024120316,
title = {{DIGWO-N-BEATS: An} evolutionary time series prediction method for situation prediction},
journal = {Information Sciences},
volume = {664},
pages = {120316},
year = {2024},
issn = {0020-0255},
doi = {10.1016/j.ins.2024.120316},
author = {Hao Lin and Chundong Wang},
}

@article{souto2024charting,
  title={Charting new avenues in financial forecasting with TimesNet: The impact of intraperiod and interperiod variations on realized volatility prediction},
  author={Souto, Hugo Gobato},
  journal={Expert Systems with Applications},
  volume={255},
  pages={124851},
  year={2024}, doi={10.1016/j.eswa.2024.124851},
  publisher={Elsevier}
}

@article{wu2022interpretable,
  title={Interpretable wind speed prediction with multivariate time series and temporal fusion transformers},
  author={Wu, Binrong and Wang, Lin and Zeng, Yu-Rong},
  journal={Energy}, doi={10.1016/j.energy.2022.123990},
  volume={252},
  pages={123990},
  year={2022},
  publisher={Elsevier}
}

@ARTICLE{10124729,
  author={Wen, Xianyun and Li, Weibang},
  journal={IEEE Access}, 
  title={Time Series Prediction Based on LSTM-Attention-LSTM Model}, 
  year={2023},
  volume={11},
  number={},
  pages={48322-48331},
  keywords={Time series analysis;Predictive models;Forecasting;Data models;Logic gates;Decoding;Autoregressive processes;Time series forecasting;long short-term memory networks;encoder and decoder model;attention mechanisms},
  doi={10.1109/ACCESS.2023.3276628}}

@article{lim2021temporal,
  title={Temporal fusion transformers for interpretable multi-horizon time series forecasting},
  author={Lim, Bryan and Ar{\i}k, Sercan {\"O} and Loeff, Nicolas and Pfister, Tomas},
  journal={International Journal of Forecasting},
  volume={37},
  number={4}, doi={10.1016/j.ijforecast.2021.03.012},
  pages={1748--1764},
  year={2021},
  publisher={Elsevier}
}

@article{koya2024temporal,
  title={Temporal Fusion Transformers for streamflow Prediction: Value of combining attention with recurrence},
  author={Koya, Sinan Rasiya and Roy, Tirthankar},
  journal={Journal of Hydrology},
  volume={637},
  pages={131301},
  year={2024}, doi={10.1016/j.jhydrol.2024.131301},
  publisher={Elsevier}
}

@article{metin2023temporal,
  title={Temporal fusion transformer-based prediction in aquaponics},
  author={Metin, Ahmet and Kasif, Ahmet and Catal, Cagatay},
  journal={The Journal of Supercomputing},
  volume={79},
  number={17}, doi={10.1007/s11227-023-05389-8},
  pages={19934--19958},
  year={2023},
  publisher={Springer}
}

@article{LIN2022107818,
title = {Short-term load forecasting based on {LSTM} networks considering attention mechanism},
journal = {International Journal of Electrical Power \& Energy Systems},
volume = {137},
pages = {107818},
year = {2022},
issn = {0142-0615},
doi = {10.1016/j.ijepes.2021.107818},
author = {Jun Lin and Jin Ma and Jianguo Zhu and Yu Cui},
}

@inproceedings{bergstra2013making,
  title = 	 {Making a Science of Model Search: Hyperparameter Optimization in Hundreds of Dimensions for Vision Architectures},
  author = 	 {Bergstra, James and Yamins, Daniel and Cox, David},
  booktitle = 	 {Proceedings of the 30th International Conference on Machine Learning},
  pages = 	 {115--123},
  year = 	 {2013},
  editor = 	 {Dasgupta, Sanjoy and McAllester, David},
  number =       {1},
  series = 	 {Proceedings of Machine Learning Research},
  address = 	 {Atlanta, USA},
  publisher =    {PMLR},
} % volume = 	 {28},

@article{STEFENON2024102722, author = {Stefano Frizzo Stefenon and Laio Oriel Seman and Anne Carolina Rodrigues Klaar and Raúl García Ovejero and Valderi Reis Quietinho Leithardt}, title = {{Hypertuned-YOLO for interpretable distribution power grid fault location based on EigenCAM}}, journal = {Ain Shams Engineering Journal}, volume={15}, number={6}, pages = {102722}, year = {2024}, doi = {10.1016/j.asej.2024.102722},}


@article{christiano2003band,
  title={The band pass filter},
  author={Christiano, Lawrence J and Fitzgerald, Terry J},
  journal={International economic review},
  volume={44},
  number={2}, doi={10.1111/1468-2354.t01-1-00076},
  pages={435--465},
  year={2003},
  publisher={Wiley Online Library}
}

@article{stefenon2023wavelet, title={{Wavelet-Seq2Seq-LSTM} with attention for time series forecasting of level of dams in hydroelectric power plants}, author={Stefenon, Stefano Frizzo and Seman, Laio Oriel and Aquino, Luiza Scapinello and dos Santos Coelho, Leandro}, journal={Energy}, volume={274}, pages={127350}, doi={10.1016/j.energy.2023.127350}, year={2023}, publisher={Elsevier}}

@article{kazemnadi2024adaptive,
  title={Adaptive reservoir operation considering water quantity and quality objectives: Application of parallel cellular automata and sub-seasonal streamflow forecasts},
  author={Kazemnadi, Yasaman and Nazari, Mahta and Kerachian, Reza},
  journal={Journal of Environmental Management},
  volume={354},
  pages={120294},
  year={2024}, doi={10.1016/j.jenvman.2024.120294
},
  publisher={Elsevier}
}

@article{khatun2024novel,
  title={A novel insight on input variable and time lag selection in daily streamflow forecasting using deep learning models},
  author={Khatun, Amina and Nisha, MN and Chatterjee, Siddharth and Sridhar, Venkataramana},
  journal={Environmental Modelling \& Software},
  volume={179},
  pages={106126}, doi={10.1016/j.envsoft.2024.106126
},
  year={2024},
  publisher={Elsevier}
}

@article{khorram2024enhancing,
  title={Enhancing Accuracy of Forecasting Monthly Reservoir Inflow by Using Comparison of Three New Hybrid Models: A Case Study of The Droodzan Dam in Iran},
  author={Khorram, Saeed and Jehbez, Nima},
  journal={Iranian Journal of Science and Technology, Transactions of Civil Engineering},
  pages={3735–3759}, doi={10.1007/s40996-024-01418-5},
  year={2024}, volume={48},
  publisher={Springer}
}

@misc{IE1C,
  author       = "{IEC, International Electrotechnical Commission}", volume = {IEC 60507},
  title        = "Artificial pollution tests on high-voltage ceramic and glass insulators to be used on {A.C.} systems", pages={1-77}, 
  year         = "2013",
  note         = "Accessed: 2025-02-02"
}

@manual{IEC2,
  title        = {Artificial pollution tests on high-voltage ceramic and glass insulators to be used on {A.C.} systems},
  organization = {International Electrotechnical Commission},
  address      = {International Standard},
  number       = {IEC 60507},
  year         = {2013},
  type         = {Standard}, pages={1-77},
}

@ARTICLE{9314102,
  author={Liu, Xinyu and Miao, Xiren and Jiang, Hao and Chen, Jing},
  journal={IEEE Transactions on Power Delivery}, 
  title={Box-Point Detector: A Diagnosis Method for Insulator Faults in Power Lines Using Aerial Images and Convolutional Neural Networks}, 
  year={2021},
  volume={36},
  number={6},
  pages={3765-3773},
  keywords={Insulators;Detectors;Inspection;Fault diagnosis;Deep learning;Feature extraction;Heating systems;Fault diagnosis;Aerial inspection;deep learning;fault diagnosis;insulator;power lines},
  doi={10.1109/TPWRD.2020.3048935}}

@ARTICLE{9828523,
  author={Jin, Lijun and Zhou, Gangjie and Yuan, Zhikang and Jin, Haifeng and Man, Xiaokun},
  journal={IEEE Transactions on Dielectrics and Electrical Insulation}, 
  title={Study on Initial Discharge Process of Insulator Pollution Flashover Considering Quantum Transition}, 
  year={2022},
  volume={29},
  number={5},
  pages={1818-1827},
  keywords={Discharges (electric);Insulators;Pollution;Ionization;Flashover;Surface discharges;Electric fields;Initial discharge;insulator;probability calculation;quantum transition;streamer theory},
  doi={10.1109/TDEI.2022.3190346}}

@article{guo2021mechanical,
  title={Mechanical fault time series prediction by using {EFMSAE-LSTM} neural network},
  author={Guo, Jianwen and Lao, Zhenpeng and Hou, Ming and Li, Chuan and Zhang, Shaohui},
  journal={Measurement},
  volume={173},
  pages={108566}, doi={10.1016/j.measurement.2020.108566},
  year={2021},
  publisher={Elsevier}
}



@article{he2022graph,
  title={Graph attention network-based fault detection for UAVs with multivariant time series flight data},
  author={He, Kai and Yu, Daojie and Wang, Dong and Chai, Mengjuan and Lei, Shuntian and Zhou, Changlin},
  journal={IEEE Transactions on Instrumentation and Measurement},
  volume={71}, doi={10.1109/TIM.2022.3219489},
  pages={1--13},
  year={2022},
  publisher={IEEE}
}

@article{chen2021bearing,
  title={Bearing fault diagnosis base on multi-scale CNN and LSTM model},
  author={Chen, Xiaohan and Zhang, Beike and Gao, Dong},
  journal={Journal of Intelligent Manufacturing},
  volume={32},
  number={4},
  pages={971--987},
  year={2021}, doi={10.1007/s10845-020-01600-2},
  publisher={Springer}
}

@article{deng2022research,
  title={Research on edge intelligent recognition method oriented to transmission line insulator fault detection},
  author={Deng, Fangming and Xie, Zhongxin and Mao, Wei and Li, Bing and Shan, Yun and Wei, Baoquan and Zeng, Han},
  journal={International Journal of Electrical Power \& Energy Systems},
  volume={139}, doi={10.1016/j.ijepes.2022.108054},
  pages={108054},
  year={2022},
  publisher={Elsevier}
}

@article{SEMAN2023109269, title = {Ensemble learning methods using the {Hodrick–Prescott} filter for fault forecasting in insulators of the electrical power grids}, author = {Laio Oriel Seman and Stefano Frizzo Stefenon and Viviana Cocco Mariani and Leandro Santos Coelho}, journal = {International Journal of Electrical Power \& Energy Systems}, volume = {152}, pages = {109269}, year = {2023}, issn = {0142-0615}, doi = {10.1016/j.ijepes.2023.109269},}

@article{klaar2023optimized, title={Optimized {EWT-Seq2Seq-LSTM} with attention mechanism to insulators fault prediction}, author={Klaar, Anne Carolina Rodrigues and Stefenon, Stefano Frizzo and Seman, Laio Oriel and Mariani, Viviana Cocco and Coelho, Leandro Santos}, journal={Sensors}, volume={23}, number={6}, doi={10.3390/s23063202}, pages={3202}, year={2023}, publisher={MDPI}}

@Article{s22218323, TITLE = {Wavelet {LSTM} for fault forecasting in electrical power grids}, AUTHOR = {Branco, Nathielle Waldrigues and Cavalca, Mariana Santos Matos and Stefenon, Stefano Frizzo and Leithardt, Valderi Reis Quietinho}, JOURNAL = {Sensors}, VOLUME = {22}, YEAR = {2022}, NUMBER = {21}, pages = {8323}, DOI = {10.3390/s22218323}}

@article{211126, title={Comparison of artificial intelligence techniques to failure prediction in contaminated insulators based on leakage current}, author={Medeiros, A. and Sartori, A. and Stefenon, S. F. and Meyer, L. H. and Nied, A.}, journal={Journal of Intelligent \& Fuzzy Systems}, year={2022}, volume={42}, number={4}, pages={3285-3298}, DOI={10.3233/JIFS-211126},}

@article{lye2021sampling,
  title={Sampling methods for solving Bayesian model updating problems: A tutorial},
  author={Lye, Adolphus and Cicirello, Alice and Patelli, Edoardo},
  journal={Mechanical Systems and Signal Processing},
  volume={159},
  pages={107760}, doi={10.1016/j.ymssp.2021.107760},
  year={2021},
  publisher={Elsevier}
}

@article{singh2023interpretable, title={Interpretable visual transmission lines inspections using pseudo-prototypical part network}, author={Singh, Gurmail and Stefenon, Stefano Frizzo and Yow, Kin-Choong}, journal={Machine Vision and Applications}, volume={34}, number={3}, pages={41}, year={2023}, doi={10.1007/s00138-023-01390-6}, publisher={Springer}}

@ARTICLE{10298815,
  author={He, Min and Qin, Liang and Deng, Xinlan and Liu, Kaipei},
  journal={IEEE Transactions on Power Delivery}, 
  title={{MFI-YOLO: Multi-fault} Insulator Detection Based on an Improved {YOLOv8}}, 
  year={2024},
  volume={39},
  number={1},
  pages={168-179},
  keywords={Insulators;Feature extraction;Convolutional neural networks;Power transmission lines;Inspection;Optimization;Location awareness;Power distribution lines;YOLO;Transmission and distribution line;Insulator detection;Fault localization;ResPANet;YOLOv8},
  doi={10.1109/TPWRD.2023.3328178}}


@ARTICLE{9537742,
  author={Zhao, Wenqing and Xu, Minfu and Cheng, Xingfu and Zhao, Zhenbing},
  journal={IEEE Transactions on Instrumentation and Measurement}, 
  title={An Insulator in Transmission Lines Recognition and Fault Detection Model Based on Improved Faster {RCNN}}, 
  year={2021},
  volume={70},
  number={},
  pages={1-8},
  keywords={Insulators;Fault detection;Feature extraction;Image recognition;Semantics;Target recognition;Convolution;Faster region convolutional neural network (RCNN);fault detection;feature pyramid network (FPN);hue;saturation;and value (HSV);insulator},
  doi={10.1109/TIM.2021.3112227}}


@article{nguyen2021forecasting,
  title={Forecasting and Anomaly Detection approaches using LSTM and LSTM Autoencoder techniques with the applications in supply chain management},
  author={Nguyen, H Du and Tran, Kim Phuc and Thomassey, S{\'e}bastien and Hamad, Moez},
  journal={International Journal of Information Management},
  volume={57}, doi = {10.1016/j.ijinfomgt.2020.102282},
  pages={102282},
  year={2021},
  publisher={Elsevier}
}

@article{arunthavanathan2021deep,
  title={A deep learning model for process fault prognosis},
  author={Arunthavanathan, Rajeevan and Khan, Faisal and Ahmed, Salim and Imtiaz, Syed},
  journal={Process Safety and Environmental Protection},
  volume={154}, doi={10.1016/j.psep.2021.08.022},
  pages={467--479},
  year={2021},
  publisher={Elsevier}
}

@article{xie2021attention,
  title={Attention Mechanism-Based CNN-LSTM Model for Wind Turbine Fault Prediction Using {SSN} Ontology Annotation},
  author={Xie, Yuan and Zhao, Jisheng and Qiang, Baohua and Mi, Luzhong and Tang, Chenghua and Li, Longge},
  journal={Wireless Communications and Mobile Computing},
  volume={2021},
  number={1},
  pages={6627588}, doi={10.1155/2021/6627588},
  year={2021},
  publisher={Wiley Online Library}
}

@article{zhang2023gaussian,
  title={Gaussian-Linearized Transformer with Tranquilized Time-Series Decomposition Methods for Fault Diagnosis and Forecasting of Methane Gas Sensor Arrays},
  author={Zhang, Kai and Ning, Wangze and Zhu, Yudi and Li, Zhuoheng and Wang, Tao and Jiang, Wenkai and Zeng, Min and Yang, Zhi},
  journal={Applied Sciences},
  volume={14},
  number={1}, doi={10.3390/app14010218},
  pages={218},
  year={2023},
  publisher={MDPI}
}

@article{chen2023unsupervised,
  title={Unsupervised Fault Detection Driven by Multivariate Time Series for Aeroengines},
  author={Chen, Mengyu and Li, Zechen and Lei, Xiang and Liang, Shan and Zhao, Shuangxin and Su, Yiting},
  journal={Journal of Aerospace Engineering},
  volume={36}, doi={10.1061/JAEEEZ.ASENG-4576},
  number={2},
  pages={04022129},
  year={2023},
  publisher={American Society of Civil Engineers}
}

@article{jin2022time,
  title={A time series transformer based method for the rotating machinery fault diagnosis},
  author={Jin, Yuhong and Hou, Lei and Chen, Yushu}, doi={10.1016/j.neucom.2022.04.111},
  journal={Neurocomputing},
  volume={494},
  pages={379--395},
  year={2022},
  publisher={Elsevier}
}

@article{hsu2021multiple,
  title={Multiple time-series convolutional neural network for fault detection and diagnosis and empirical study in semiconductor manufacturing},
  author={Hsu, Chia-Yu and Liu, Wei-Chen},
  journal={Journal of Intelligent Manufacturing},
  volume={32},
  number={3}, doi={10.1007/s10845-020-01591-0},
  pages={823--836},
  year={2021},
  publisher={Springer}
}

@article{liu2021machinery,
  title={Machinery fault diagnosis based on deep learning for time series analysis and knowledge graphs},
  author={Liu, Haiying and Ma, Ruizhe and Li, Daiyi and Yan, Li and Ma, Zongmin},
  journal={journal of signal processing systems},
  volume={93}, doi={10.1007/s11265-021-01718-3},
  pages={1433--1455},
  year={2021},
  publisher={Springer}
}

@article{xu2021two,
  title={Two-stage prediction of machinery fault trend based on deep learning for time series analysis},
  author={Xu, Hongling and Ma, Ruizhe and Yan, Li and Ma, Zongmin},
  journal={Digital Signal Processing},
  volume={117},
  pages={103150}, doi={10.1016/j.dsp.2021.103150},
  year={2021},
  publisher={Elsevier}
}

@ARTICLE{10587253,
  author={Zhang, Liping and Li, Xiao and Zhao, Junmei and Zhang, Yewei and Zhang, Qiang},
  journal={IEEE Access}, 
  title={Flashover Detection and Anomaly Prediction in Aerial Images of Insulator Strings in Complex Environments}, 
  year={2024},
  volume={12},
  number={},
  pages={94926-94935},
  keywords={Insulators;Noise  measurement;Flashover;Mathematical models;Image segmentation;Image edge detection;Active contours;Geodesy;Random forests;Insulator flashover;non-local mean filtering;geodetic active contour;random forest},
  doi={10.1109/ACCESS.2024.3424406}}


@ARTICLE{10258031,
  author={Lin, Yu and Tian, Lianfang and Du, Qiliang},
  journal={IEEE Sensors Journal}, 
  title={Automatic Overheating Defect Diagnosis Based on Rotated Detector for Insulator in Infrared Image}, 
  year={2023},
  volume={23},
  number={21},
  pages={26245-26258},
  keywords={Insulators;Temperature measurement;Detectors;Object detection;Feature extraction;Position measurement;Transfer learning;Computer vision;deep learning;infrared image;insulator defect diagnosis;rotated detector},
  doi={10.1109/JSEN.2023.3315280}}


@article{gtd2.12886, title = {Optimized hybrid {YOLOu-Quasi-ProtoPNet} for insulators classification}, author = {Stefenon, Stefano Frizzo and Singh, Gurmail and Souza, Bruno José and Freire, Roberto Zanetti and Yow, Kin-Choong}, journal = {IET Generation, Transmission \& Distribution}, volume = {17}, number = {15}, pages = {3501-3511}, doi = {10.1049/gtd2.12886}, year = {2023}}

@ARTICLE{10012377,
  author={Li, Jianqi and Xu, Yaqian and Nie, Keheng and Cao, Binfang and Zuo, Sinuo and Zhu, Jiang},
  journal={IEEE Transactions on Instrumentation and Measurement}, 
  title={{PEDNet: A} Lightweight Detection Network of Power Equipment in Infrared Image Based on {YOLOv4-Tiny}}, 
  year={2023},
  volume={72},
  number={},
  pages={1-12}, doi={10.1109/TIM.2023.3235416}}


@ARTICLE{9866802,
  author={Yang, Zhanshe and Xu, Zheng and Wang, Yunhao},
  journal={IEEE Transactions on Instrumentation and Measurement}, 
  title={{Bidirection-Fusion-YOLOv3: An} Improved Method for Insulator Defect Detection Using {UAV} Image}, 
  year={2022},
  volume={71},
  number={},
  pages={1-8},
  doi={10.1109/TIM.2022.3201499}}


@ARTICLE{10106252,
  author={Zhou, Ming and Li, Bo and Wang, Jue and He, Shi},
  journal={IEEE Transactions on Instrumentation and Measurement}, 
  title={Fault Detection Method of Glass Insulator Aerial Image Based on the Improved {YOLOv5}}, 
  year={2023},
  volume={72},
  number={},
  pages={1-10},
  keywords={Insulators;Feature extraction;Neck;Computational modeling;Object detection;Training;Task analysis;Attention mechanism;candidate boxes;feature extraction;insulator fault detection;rotation (ROT) mechanism},
  doi={10.1109/TIM.2023.3269099}}


@techreport{IEC,
  type        = {International Standard},
  key         = {IEC 60507},
  title       = {Artificial pollution tests on high-voltage ceramic and glass insulators to be used on {A.C.} systems}, volume={3},
  institution = {International Electrotechnical Commission (IEC)}, 
  address     = {Geneva, Switzerland},
  year        = {2013}, pages={1-77},
  month       = mar,
}


@article{DASILVA2024110275, author = {Evandro Cardozo {da Silva} and Erlon Cristian Finardi and Stefano Frizzo Stefenon}, title = {Enhancing hydroelectric inflow prediction in the {Brazilian} power system: A comparative analysis of machine learning models and hyperparameter optimization for decision support}, journal = {Electric Power Systems Research}, volume = {230}, pages = {110275}, year = {2024}, doi = {10.1016/j.epsr.2024.110275},}

@article{larcher2024enhanced, author={Larcher, Jos{'e} Henrique Klein{"u}bing and Stefenon, Stefano Frizzo and dos Santos Coelho, Leandro and Mariani, Viviana Cocco}, title={Enhanced multi-step streamflow series forecasting using hybrid signal decomposition and optimized reservoir computing models}, journal={Expert Systems with Applications}, doi={10.1016/j.eswa.2024.124856}, pages={124856}, year={2024}, publisher={Elsevier}}

@article{BELTRAN2021106659,
title = {Two-stage and multi-stage decompositions for the medium-term hydrothermal scheduling problem: A computational comparison of solution techniques},
journal = {International Journal of Electrical Power \& Energy Systems},
volume = {127},
pages = {106659},
year = {2021},
issn = {0142-0615},
doi = {10.1016/j.ijepes.2020.106659},
author = {F. Beltrán and E.C. Finardi and W. {de Oliveira}},
}

@article{SANTOS2022107464,
title = {Piecewise linear approximations for hydropower production function applied on the hydrothermal unit commitment problem},
journal = {International Journal of Electrical Power \& Energy Systems},
volume = {135},
pages = {107464},
year = {2022},
issn = {0142-0615},
doi = {10.1016/j.ijepes.2021.107464},
author = {K.V. Santos and E.C. Finardi},
}


@article{LI2023108743,
title = {Probabilistic forecasting method for mid-term hourly load time series based on an improved temporal fusion transformer model},
journal = {International Journal of Electrical Power \& Energy Systems},
volume = {146},
pages = {108743},
year = {2023},
issn = {0142-0615},
doi = {10.1016/j.ijepes.2022.108743},
author = {Dan Li and Ya Tan and Yuanhang Zhang and Shuwei Miao and Shuai He},
}

@Article{en14102873,
AUTHOR = {Santos, André Quites Ordovás and da Silva, Adriel Rodrigues and Ledesma, Jorge Javier Gimenez and de Almeida, Adriano Batista and Cavallari, Marco Roberto and Junior, Oswaldo Hideo Ando},
TITLE = {Electricity Market in {Brazil: A} Critical Review on the Ongoing Reform},
JOURNAL = {Energies},
VOLUME = {14},
YEAR = {2021},
NUMBER = {10},
pages = {2873},
DOI = {10.3390/en14102873}
}

@INPROCEEDINGS{9179373,
  author={Filho, Arlindo Rodrigues Galvão and Silva, Diogo Fernandes Costa and de Carvalho, Rafael Viana and de Souza Lima Ribeiro, Filipe and Coelho, Clarimar José}, organizer={IEEE},
  booktitle={International Conference on Electrical, Communication, and Computer Engineering (ICECCE)}, 
  title={Forecasting of Water Flow in a Hydroelectric Power Plant Using {LSTM} Recurrent Neural Network}, 
  year={2020},
  volume={1}, address={Istanbul, Turkey},
  number={},
  pages={1-5},
  doi={10.1109/ICECCE49384.2020.9179373}}

@article{MA2022107595,
title = {Ultra-short-term Railway traction load prediction based on DWT-TCN-PSO\_SVR combined model},
journal = {International Journal of Electrical Power \& Energy Systems},
volume = {135},
pages = {107595},
year = {2022},
issn = {0142-0615},
doi = {10.1016/j.ijepes.2021.107595},
author = {Qian Ma and Hao Wang and Pei Luo and Yishuang Peng and Qianru Li},
}

@article{buratto2024wavelet,
author = {Buratto, William Gouvêa and Muniz, Rafael Ninno and Nied, Ademir and Barros, Carlos Frederico de Oliveira and Cardoso, Rodolfo and Gonzalez, Gabriel Villarrubia},
title = {Wavelet {CNN-LSTM} time series forecasting of electricity power generation considering biomass thermal systems},
journal = {IET Generation, Transmission \& Distribution},
volume = {18},
number = {21},
pages = {3437-3451},
doi = {10.1049/gtd2.13292},
year = {2024}
}



@article{cheng2021high,
  title={High-efficiency chaotic time series prediction based on time convolution neural network},
  author={Cheng, Wei and Wang, Yan and Peng, Zheng and Ren, Xiaodong and Shuai, Yubei and Zang, Shengyin and Liu, Hao and Cheng, Hao and Wu, Jiagui},
  journal={Chaos, Solitons \& Fractals},
  volume={152}, doi={10.1016/j.chaos.2021.111304},
  pages={111304},
  year={2021},
  publisher={Elsevier}
}

@article{hewage2020temporal,
  title={Temporal convolutional neural {(TCN)} network for an effective weather forecasting using time-series data from the local weather station},
  author={Hewage, Pradeep and Behera, Ardhendu and Trovati, Marcello and Pereira, Ella and Ghahremani, Morteza and Palmieri, Francesco and Liu, Yonghuai},
  journal={Soft Computing},
  volume={24},
  pages={16453--16482},
  year={2020}, doi={10.1007/s00500-020-04954-0},
  publisher={Springer}
}



@Article{w15091695,
AUTHOR = {Ávila, Leandro and Silveira, Reinaldo and Campos, André and Rogiski, Nathalli and Freitas, Camila and Aver, Cássia and Fan, Fernando},
TITLE = {Seasonal Streamflow Forecast in the {Tocantins} River Basin, {Brazil: An} Evaluation of {ECMWF-SEAS5} with Multiple Conceptual Hydrological Models},
JOURNAL = {Water},
VOLUME = {15},
YEAR = {2023},
NUMBER = {9},
pages = {1695},
DOI = {10.3390/w15091695}
}

@article{lima2024application,
  title={{Application of the SMAP monthly model to the Piauitinga river basin located in the State of Sergipe, Brazil}},
  author={Lima, Ronaldo Guilherme Santos and Santos, Ana Lara Ara{\'u}jo and dos Santos, Hellen Karine Sales and de Souza Neto, Izaias Rodrigues and Siqueira, Jos{\'e} {\'I}talo Porto},
  journal={RIMA}, doi={10.52664/rima.v6.n1.2024.e236},
  volume={6},
  number={1},
  pages={e236},
  year={2024}
}


@ARTICLE{10459214,
  author={Tang, Jun and Xu, Lang and Wu, Xuequn and Chen, Ke},
  journal={IEEE Geoscience and Remote Sensing Letters}, 
  title={A Short-Term Forecasting Method for Ionospheric TEC Combining Local Attention Mechanism and LSTM Model}, 
  year={2024},
  volume={21},
  number={},
  pages={1-5},
  keywords={Long short term memory;Predictive models;Data models;Ionosphere;Global navigation satellite system;Forecasting;Electrons;Ionosphere;local attention mechanism (LAM);long short-term memory (LSTM);neural network;short-term prediction;total electron content (TEC)},
  doi={10.1109/LGRS.2024.3373457}}

@article{e2022partitioning,
  title={Partitioning approach based on convex hull and multiple choice for solving hydro unit-commitment problems},
  author={Souza, Henderson Gomes and Finardi, Erlon Cristian and Brito, Brunno Henrique and Takigawa, Fabr{\'\i}cio Yutaka Kuwabata},
  journal={Electric Power Systems Research},
  volume={211},
  pages={108285}, doi={10.1016/j.epsr.2022.108285},
  year={2022},
  publisher={Elsevier}
}































%%%%%%%%%%%%%%%%%%%%%%%%%%%%%%%%
%%%%%%%%%%%%%%%%%%%%%%%%%%%%%%%%
%%%%%%%%%%%%JPC%%%%%%%%%%%%%%%%%

@article{tft2021,
title = {Temporal Fusion Transformers for interpretable multi-horizon time series forecasting},
journal = {International Journal of Forecasting},
volume = {37},
number = {4},
pages = {1748-1764},
year = {2021},
issn = {0169-2070},
doi = {10.1016/j.ijforecast.2021.03.012},
author = {Bryan Lim and Sercan O. Arık and Nicolas Loeff and Tomas Pfister},
keywords = {Deep learning, Interpretability, Time series, Multi-horizon forecasting, Attention mechanisms, Explainable AI},
}

@INPROCEEDINGS{10662411,
  author={Huang, Xiangjie and Lang, Xun and Liu, Songhua and Li, Peng and Guo, Tao and Yu, Li},
  booktitle={2024 43rd Chinese Control Conference (CCC)}, 
  title={Dilated Autoformer: An Improved Model for Predicting the State of Transformer Bushing}, 
  year={2024},
  volume={},
  number={}, address={Kunming, China}, organizer ={IEEE},
  pages={8858-8863},
  keywords={Deep learning;Measurement;Statistical analysis;Mean square error methods;Predictive models;Transformers;Insulators;Autoformer;State prediction;Transformer bushing;Dilated Loss module},
  doi={10.23919/CCC63176.2024.10662411}}


@article{surveyTS2023,
title = {Long sequence time-series forecasting with deep learning: A survey},
journal = {Information Fusion},
volume = {97},
pages = {101819},
year = {2023},
issn = {1566-2535},
doi = {10.1016/j.inffus.2023.101819},
author = {Zonglei Chen and Minbo Ma and Tianrui Li and Hongjun Wang and Chongshou Li},
keywords = {Time series forecasting, Long time series forecasting, Transformer, Data mining, Deep learning},
}

@article{rnnTS2021,
title = {Recurrent Neural Networks for Time Series Forecasting: Current status and future directions},
journal = {International Journal of Forecasting},
volume = {37},
number = {1},
pages = {388-427},
year = {2021},
issn = {0169-2070},
doi = {10.1016/j.ijforecast.2020.06.008},
author = {Hansika Hewamalage and Christoph Bergmeir and Kasun Bandara},
keywords = {Big data, Forecasting, Best practices, Framework},
}

@article{arimaTS2024,
title = {Interpretable feature-temporal transformer for short-term wind power forecasting with multivariate time series},
journal = {Applied Energy},
volume = {374},
pages = {124035},
year = {2024},
issn = {0306-2619},
doi = {10.1016/j.apenergy.2024.124035},
author = {Lei Liu and Xinyu Wang and Xue Dong and Kang Chen and Qiuju Chen and Bin Li},
keywords = {Short-term, Wind power forecasting, Interpretable, Transformer, Self-attention},
}

@article{transformerTS2023,
title = {Enhancing time series forecasting: A hierarchical transformer with probabilistic decomposition representation},
journal = {Information Sciences},
volume = {647},
pages = {119410},
year = {2023},
issn = {0020-0255},
doi = {10.1016/j.ins.2023.119410},
author = {Junlong Tong and Liping Xie and Wankou Yang and Kanjian Zhang and Junsheng Zhao},
keywords = {Time series probabilistic forecasting, Hierarchical forecasting, Seasonal-trend representation},
}


@inproceedings{NBEATS2020,
title={{N-BEATS: Neural basis expansion analysis for interpretable time series forecasting}}, address={Addis Ababa, Ethiopia}, publisher={ICLR},
author={Boris N. Oreshkin and Dmitri Carpov and Nicolas Chapados and Yoshua Bengio},
booktitle={International Conference on Learning Representations},
year={2020}, pages={1-31},
}




@article{cnnTS2020,
title = {Probabilistic forecasting with temporal convolutional neural network},
journal = {Neurocomputing},
volume = {399},
pages = {491-501},
year = {2020},
issn = {0925-2312},
doi = {10.1016/j.neucom.2020.03.011},
author = {Yitian Chen and Yanfei Kang and Yixiong Chen and Zizhuo Wang},
keywords = {Probabilistic forecasting, Convolutional neural network, Dilated causal convolution, Demand forecasting, High-dimensional time series}
}

@inproceedings{lightgbmTS2017,
  title={{LightGBM: A} highly efficient gradient boosting decision tree},
  author={Ke, Guolin and Meng, Qi and Finley, Thomas and Wang, Taifeng and Chen, Wei and Ma, Weidong and Ye, Qiwei and Liu, Tie-Yan}, publisher={NIPS},
  booktitle={Conference on Neural Information Processing Systems},
  volume={31}, pages = {1-9}, address={Long Beach, USA},
  year={2017}
}

@article{deepARTS2020,
title = {DeepAR: Probabilistic forecasting with autoregressive recurrent networks},
journal = {International Journal of Forecasting},
volume = {36},
number = {3},
pages = {1181-1191},
year = {2020},
issn = {0169-2070},
doi = {10.1016/j.ijforecast.2019.07.001},
author = {David Salinas and Valentin Flunkert and Jan Gasthaus and Tim Januschowski},
keywords = {Probabilistic forecasting, Neural networks, Deep learning, Big data, Demand forecasting},
}

@inproceedings{dotsTS2020, author = {Wu, Zonghan and Pan, Shirui and Long, Guodong and Jiang, Jing and Chang, Xiaojun and Zhang, Chengqi}, title = {Connecting the Dots: Multivariate Time Series Forecasting with Graph Neural Networks}, year = {2020}, publisher = {ACM}, address = {New York, USA}, doi = {10.1145/3394486.3403118}, booktitle = {International Conference on Knowledge Discovery \& Data Mining}, pages = {753–763}, numpages = {11}, keywords = {graph neural networks, graph structure learning, multivariate time series forecasting, spatial-temporal graphs}, volume={26}, location = {Virtual Event, CA, USA}}

@inproceedings{spatioTS2018,
    title={Spatio-temporal Graph Convolutional Networks: A Deep Learning Framework for Traffic Forecasting},
    author={Yu, Bing and Yin, Haoteng and Zhu, Zhanxing},
    booktitle={International Joint Conference on Artificial Intelligence}, volume={27}, pages={3634-3640}, publisher={IJCAI}, address={Stockholm, Sweden},
    year={2018}, doi={10.24963/ijcai.2018/505},
}

@article{hybridTS2023,
title = {A hybrid framework for forecasting power generation of multiple renewable energy sources},
journal = {Renewable and Sustainable Energy Reviews},
volume = {172},
pages = {113046},
year = {2023},
issn = {1364-0321},
doi = {10.1016/j.rser.2022.113046},
author = {Jianqin Zheng and Jian Du and Bohong Wang and Jiří Jaromír Klemeš and Qi Liao and Yongtu Liang},
keywords = {Renewable energy system, Power generation, Forecasting, Hybrid framework, Long short-term memory},
}

@article{emWavTS2023,
title = {Using empirical wavelet transform and high-order fuzzy cognitive maps for time series forecasting},
journal = {Applied Soft Computing},
volume = {135},
pages = {109990},
year = {2023},
issn = {1568-4946},
doi = {10.1016/j.asoc.2023.109990},
author = {Hossein Abbasian Mohammadi and Sedigheh Ghofrani and Ali Nikseresht},
keywords = {High-order fuzzy cognitive maps, Empirical wavelet transform, Time series forecasting, Statistical learning algorithms, Non-stationary dataset},
}

@article{schuler2024filtering,
  title={{Filtering economic time series: On the cyclical properties of Hamilton's regression filter and the Hodrick-Prescott filter}},
  author={Sch{\"u}ler, Yves S},
  journal={Review of Economic Dynamics},
  volume={54},
  pages={101237},
  year={2024}, doi={10.1016/j.red.2024.101237},
  publisher={Elsevier}
}

@inproceedings{timellmTS2024, title={Time-{LLM}: Time Series Forecasting by Reprogramming Large Language Models},
author={Ming Jin and Shiyu Wang and Lintao Ma and Zhixuan Chu and James Y. Zhang and Xiaoming Shi and Pin-Yu Chen and Yuxuan Liang and Yuan-Fang Li and Shirui Pan and Qingsong Wen}, pages={1-24}, address={Vienna, Austria},
booktitle={International Conference on Learning Representations},
year={2024}, publisher = {ICLR}, volume={12},
}

@article{dutra2022measuring,
  title={Measuring financial cycles: Empirical evidence for {Germany, United Kingdom and United States of America}},
  author={Dutra, Tiago Mota and Dias, Jos{\'e} Carlos and Teixeira, Jo{\~a}o CA},
  journal={International Review of Economics \& Finance},
  volume={79},
  pages={599--630},
  year={2022}, doi={10.1016/j.iref.2022.02.039},
  publisher={Elsevier}
}

@article{hyperparameterTS2024,
title = {Advanced hyperparameter optimization of deep learning models for wind power prediction},
journal = {Renewable Energy},
volume = {221},
pages = {119700},
year = {2024},
issn = {0960-1481},
doi = {10.1016/j.renene.2023.119700},
author = {Shahram Hanifi and Andrea Cammarono and Hossein Zare-Behtash},
keywords = {Hyperparameter optimization, Bayesian optimization, Gaussian process, Acquisition function, Wind power forecasting, Random initialization},
}