@ARTICLE{10012377,
  author={Li, Jianqi and Xu, Yaqian and Nie, Keheng and Cao, Binfang and Zuo, Sinuo and Zhu, Jiang},
  journal={IEEE Transactions on Instrumentation and Measurement}, 
  title={{PEDNet: A} Lightweight Detection Network of Power Equipment in Infrared Image Based on {YOLOv4-Tiny}}, 
  year={2023},
  volume={72},
  number={},
  pages={1-12}, doi={10.1109/TIM.2023.3235416}}

@ARTICLE{10106252,
  author={Zhou, Ming and Li, Bo and Wang, Jue and He, Shi},
  journal={IEEE Transactions on Instrumentation and Measurement}, 
  title={Fault Detection Method of Glass Insulator Aerial Image Based on the Improved {YOLOv5}}, 
  year={2023},
  volume={72},
  number={},
  pages={1-10},
  keywords={Insulators;Feature extraction;Neck;Computational modeling;Object detection;Training;Task analysis;Attention mechanism;candidate boxes;feature extraction;insulator fault detection;rotation (ROT) mechanism},
  doi={10.1109/TIM.2023.3269099}}

@ARTICLE{10258031,
  author={Lin, Yu and Tian, Lianfang and Du, Qiliang},
  journal={IEEE Sensors Journal}, 
  title={Automatic Overheating Defect Diagnosis Based on Rotated Detector for Insulator in Infrared Image}, 
  year={2023},
  volume={23},
  number={21},
  pages={26245-26258},
  keywords={Insulators;Temperature measurement;Detectors;Object detection;Feature extraction;Position measurement;Transfer learning;Computer vision;deep learning;infrared image;insulator defect diagnosis;rotated detector},
  doi={10.1109/JSEN.2023.3315280}}

@ARTICLE{10298815,
  author={He, Min and Qin, Liang and Deng, Xinlan and Liu, Kaipei},
  journal={IEEE Transactions on Power Delivery}, 
  title={{MFI-YOLO: Multi-fault} Insulator Detection Based on an Improved {YOLOv8}}, 
  year={2024},
  volume={39},
  number={1},
  pages={168-179},
  keywords={Insulators;Feature extraction;Convolutional neural networks;Power transmission lines;Inspection;Optimization;Location awareness;Power distribution lines;YOLO;Transmission and distribution line;Insulator detection;Fault localization;ResPANet;YOLOv8},
  doi={10.1109/TPWRD.2023.3328178}}

@ARTICLE{10356858,
  author={Xing, Yang and Hu, Zhongxu and Hang, Peng and Lv, Chen},
  journal={IEEE Transactions on Intelligent Vehicles}, 
  title={Learning From the Dark Side: A Parallel Time Series Modelling Framework for Forecasting and Fault Detection on Intelligent Vehicles}, 
  year={2024},
  volume={9},
  number={2},
  pages={3205-3219},
  keywords={Forecasting;Predictive models;Intelligent vehicles;Fault detection;Transformers;Time series analysis;Multitasking;Time-series modelling;generative time-series model;relativistic GAN;deep learning;fault detection;intelligent vehicles},
  doi={10.1109/TIV.2023.3342648}}

@ARTICLE{10587253,
  author={Zhang, Liping and Li, Xiao and Zhao, Junmei and Zhang, Yewei and Zhang, Qiang},
  journal={IEEE Access}, 
  title={Flashover Detection and Anomaly Prediction in Aerial Images of Insulator Strings in Complex Environments}, 
  year={2024},
  volume={12},
  number={},
  pages={94926-94935},
  keywords={Insulators;Noise  measurement;Flashover;Mathematical models;Image segmentation;Image edge detection;Active contours;Geodesy;Random forests;Insulator flashover;non-local mean filtering;geodetic active contour;random forest},
  doi={10.1109/ACCESS.2024.3424406}}

@INPROCEEDINGS{10662411,
  author={Huang, Xiangjie and Lang, Xun and Liu, Songhua and Li, Peng and Guo, Tao and Yu, Li},
  booktitle={2024 43rd Chinese Control Conference (CCC)}, 
  title={Dilated Autoformer: An Improved Model for Predicting the State of Transformer Bushing}, 
  year={2024},
  volume={},
  number={}, address={Kunming, China}, organizer ={IEEE},
  pages={8858-8863},
  keywords={Deep learning;Measurement;Statistical analysis;Mean square error methods;Predictive models;Transformers;Insulators;Autoformer;State prediction;Transformer bushing;Dilated Loss module},
  doi={10.23919/CCC63176.2024.10662411}}

@article{211126, title={Comparison of artificial intelligence techniques to failure prediction in contaminated insulators based on leakage current}, author={Medeiros, A. and Sartori, A. and Stefenon, S. F. and Meyer, L. H. and Nied, A.}, journal={Journal of Intelligent \& Fuzzy Systems}, year={2022}, volume={42}, number={4}, pages={3285-3298}, DOI={10.3233/JIFS-211126},}

@ARTICLE{3076410, title={Hybrid wavelet stacking ensemble model for insulators contamination forecasting}, author={Stefenon, S. F. and Ribeiro, M. H. D. M. and Nied, A. and Mariani, V. C. and Coelho, L. S. and Leithardt, V. R. Q. and Silva, L. A. and Seman, L. O.}, journal={IEEE Access}, year={2021}, volume={9}, number={}, pages={66387-66397}, doi={10.1109/ACCESS.2021.3076410}}

@ARTICLE{9314102,
  author={Liu, Xinyu and Miao, Xiren and Jiang, Hao and Chen, Jing},
  journal={IEEE Transactions on Power Delivery}, 
  title={Box-Point Detector: A Diagnosis Method for Insulator Faults in Power Lines Using Aerial Images and Convolutional Neural Networks}, 
  year={2021},
  volume={36},
  number={6},
  pages={3765-3773},
  keywords={Insulators;Detectors;Inspection;Fault diagnosis;Deep learning;Feature extraction;Heating systems;Fault diagnosis;Aerial inspection;deep learning;fault diagnosis;insulator;power lines},
  doi={10.1109/TPWRD.2020.3048935}}

@ARTICLE{9537742,
  author={Zhao, Wenqing and Xu, Minfu and Cheng, Xingfu and Zhao, Zhenbing},
  journal={IEEE Transactions on Instrumentation and Measurement}, 
  title={An Insulator in Transmission Lines Recognition and Fault Detection Model Based on Improved Faster {RCNN}}, 
  year={2021},
  volume={70},
  number={},
  pages={1-8},
  keywords={Insulators;Fault detection;Feature extraction;Image recognition;Semantics;Target recognition;Convolution;Faster region convolutional neural network (RCNN);fault detection;feature pyramid network (FPN);hue;saturation;and value (HSV);insulator},
  doi={10.1109/TIM.2021.3112227}}

@ARTICLE{9612196,
  author={Zhang, Xiaoyu and Tang, Liwei and Chen, Jiusheng},
  journal={IEEE Transactions on Instrumentation and Measurement}, 
  title={Fault Diagnosis for Electro-Mechanical Actuators Based on {STL-HSTA-GRU and SM}}, 
  year={2021},
  volume={70},
  number={},
  pages={1-16},
  keywords={Fault diagnosis;Time series analysis;Feature extraction;Actuators;Sensor phenomena and characterization;Predictive models;Electromechanical devices;Attention mechanism;dynamic time warping (DTW);electro-mechanical actuators (EMAs);fault diagnosis;seasonal-trend decomposition procedures based on Loess (STL);similarity measure (SM)},
  doi={10.1109/TIM.2021.3127641}}

@ARTICLE{9828523,
  author={Jin, Lijun and Zhou, Gangjie and Yuan, Zhikang and Jin, Haifeng and Man, Xiaokun},
  journal={IEEE Transactions on Dielectrics and Electrical Insulation}, 
  title={Study on Initial Discharge Process of Insulator Pollution Flashover Considering Quantum Transition}, 
  year={2022},
  volume={29},
  number={5},
  pages={1818-1827},
  keywords={Discharges (electric);Insulators;Pollution;Ionization;Flashover;Surface discharges;Electric fields;Initial discharge;insulator;probability calculation;quantum transition;streamer theory},
  doi={10.1109/TDEI.2022.3190346}}

@ARTICLE{9866802,
  author={Yang, Zhanshe and Xu, Zheng and Wang, Yunhao},
  journal={IEEE Transactions on Instrumentation and Measurement}, 
  title={{Bidirection-Fusion-YOLOv3: An} Improved Method for Insulator Defect Detection Using {UAV} Image}, 
  year={2022},
  volume={71},
  number={},
  pages={1-8},
  doi={10.1109/TIM.2022.3201499}}

@inproceedings{NBEATS2020,
title={{N-BEATS: Neural basis expansion analysis for interpretable time series forecasting}}, address={Addis Ababa, Ethiopia}, publisher={ICLR},
author={Boris N. Oreshkin and Dmitri Carpov and Nicolas Chapados and Yoshua Bengio},
booktitle={International Conference on Learning Representations},
year={2020}, pages={1-31},
}

@article{SEMAN2023109269, title = {Ensemble learning methods using the {Hodrick–Prescott} filter for fault forecasting in insulators of the electrical power grids}, author = {Laio Oriel Seman and Stefano Frizzo Stefenon and Viviana Cocco Mariani and Leandro Santos Coelho}, journal = {International Journal of Electrical Power \& Energy Systems}, volume = {152}, pages = {109269}, year = {2023}, issn = {0142-0615}, doi = {10.1016/j.ijepes.2023.109269},}

@article{STEFENON2024102722, author = {Stefano Frizzo Stefenon and Laio Oriel Seman and Anne Carolina Rodrigues Klaar and Raúl García Ovejero and Valderi Reis Quietinho Leithardt}, title = {{Hypertuned-YOLO for interpretable distribution power grid fault location based on EigenCAM}}, journal = {Ain Shams Engineering Journal}, volume={15}, number={6}, pages = {102722}, year = {2024}, doi = {10.1016/j.asej.2024.102722},}

@article{arunthavanathan2021deep,
  title={A deep learning model for process fault prognosis},
  author={Arunthavanathan, Rajeevan and Khan, Faisal and Ahmed, Salim and Imtiaz, Syed},
  journal={Process Safety and Environmental Protection},
  volume={154}, doi={10.1016/j.psep.2021.08.022},
  pages={467--479},
  year={2021},
  publisher={Elsevier}
}

@article{branco2024bootstrap,
  title={Bootstrap aggregation with Christiano--Fitzgerald random walk filter for fault prediction in power systems},
  author={Branco, Nathielle Waldrigues and Cavalca, Mariana Santos Matos and Ovejero, Ra{\'u}l Garc{\'\i}a},
  journal={Electrical Engineering},
  volume={106},
  number={3},
  pages={3657--3670},
  year={2024},
  publisher={Springer}, doi={10.1007/s00202-023-02146-1}}

@article{chen2021bearing,
  title={Bearing fault diagnosis base on multi-scale CNN and LSTM model},
  author={Chen, Xiaohan and Zhang, Beike and Gao, Dong},
  journal={Journal of Intelligent Manufacturing},
  volume={32},
  number={4},
  pages={971--987},
  year={2021}, doi={10.1007/s10845-020-01600-2},
  publisher={Springer}
}

@article{chen2023unsupervised,
  title={Unsupervised Fault Detection Driven by Multivariate Time Series for Aeroengines},
  author={Chen, Mengyu and Li, Zechen and Lei, Xiang and Liang, Shan and Zhao, Shuangxin and Su, Yiting},
  journal={Journal of Aerospace Engineering},
  volume={36}, doi={10.1061/JAEEEZ.ASENG-4576},
  number={2},
  pages={04022129},
  year={2023},
  publisher={American Society of Civil Engineers}
}

@article{cnnTS2020,
title = {Probabilistic forecasting with temporal convolutional neural network},
journal = {Neurocomputing},
volume = {399},
pages = {491-501},
year = {2020},
issn = {0925-2312},
doi = {10.1016/j.neucom.2020.03.011},
author = {Yitian Chen and Yanfei Kang and Yixiong Chen and Zizhuo Wang},
keywords = {Probabilistic forecasting, Convolutional neural network, Dilated causal convolution, Demand forecasting, High-dimensional time series}
}

@article{deepARTS2020,
title = {DeepAR: Probabilistic forecasting with autoregressive recurrent networks},
journal = {International Journal of Forecasting},
volume = {36},
number = {3},
pages = {1181-1191},
year = {2020},
issn = {0169-2070},
doi = {10.1016/j.ijforecast.2019.07.001},
author = {David Salinas and Valentin Flunkert and Jan Gasthaus and Tim Januschowski},
keywords = {Probabilistic forecasting, Neural networks, Deep learning, Big data, Demand forecasting},
}

@article{deng2022research,
  title={Research on edge intelligent recognition method oriented to transmission line insulator fault detection},
  author={Deng, Fangming and Xie, Zhongxin and Mao, Wei and Li, Bing and Shan, Yun and Wei, Baoquan and Zeng, Han},
  journal={International Journal of Electrical Power \& Energy Systems},
  volume={139}, doi={10.1016/j.ijepes.2022.108054},
  pages={108054},
  year={2022},
  publisher={Elsevier}
}

@inproceedings{dotsTS2020, author = {Wu, Zonghan and Pan, Shirui and Long, Guodong and Jiang, Jing and Chang, Xiaojun and Zhang, Chengqi}, title = {Connecting the Dots: Multivariate Time Series Forecasting with Graph Neural Networks}, year = {2020}, publisher = {ACM}, address = {New York, USA}, doi = {10.1145/3394486.3403118}, booktitle = {International Conference on Knowledge Discovery \& Data Mining}, pages = {753–763}, numpages = {11}, keywords = {graph neural networks, graph structure learning, multivariate time series forecasting, spatial-temporal graphs}, volume={26}, location = {Virtual Event, CA, USA}}

@article{emWavTS2023,
title = {Using empirical wavelet transform and high-order fuzzy cognitive maps for time series forecasting},
journal = {Applied Soft Computing},
volume = {135},
pages = {109990},
year = {2023},
issn = {1568-4946},
doi = {10.1016/j.asoc.2023.109990},
author = {Hossein Abbasian Mohammadi and Sedigheh Ghofrani and Ali Nikseresht},
keywords = {High-order fuzzy cognitive maps, Empirical wavelet transform, Time series forecasting, Statistical learning algorithms, Non-stationary dataset},
}

@article{en13020484, title={Electrical insulator fault forecasting based on a wavelet neuro-fuzzy system}, author={Stefenon, Stéfano Frizzo and Freire, Roberto Zanetti and Coelho, Leandro Santos and Meyer, Luiz Henrique and Grebogi, Rafael Bartnik and Buratto, William Gouvêa and Nied, Ademir}, volume={13}, DOI={10.3390/en13020484}, number={2}, journal={Energies}, year={2020}, pages={484}}

@article{gtd2.12886, title = {Optimized hybrid {YOLOu-Quasi-ProtoPNet} for insulators classification}, author = {Stefenon, Stefano Frizzo and Singh, Gurmail and Souza, Bruno José and Freire, Roberto Zanetti and Yow, Kin-Choong}, journal = {IET Generation, Transmission \& Distribution}, volume = {17}, number = {15}, pages = {3501-3511}, doi = {10.1049/gtd2.12886}, year = {2023}}

@article{guo2021mechanical,
  title={Mechanical fault time series prediction by using {EFMSAE-LSTM} neural network},
  author={Guo, Jianwen and Lao, Zhenpeng and Hou, Ming and Li, Chuan and Zhang, Shaohui},
  journal={Measurement},
  volume={173},
  pages={108566}, doi={10.1016/j.measurement.2020.108566},
  year={2021},
  publisher={Elsevier}
}

@article{he2022graph,
  title={Graph attention network-based fault detection for UAVs with multivariant time series flight data},
  author={He, Kai and Yu, Daojie and Wang, Dong and Chai, Mengjuan and Lei, Shuntian and Zhou, Changlin},
  journal={IEEE Transactions on Instrumentation and Measurement},
  volume={71}, doi={10.1109/TIM.2022.3219489},
  pages={1--13},
  year={2022},
  publisher={IEEE}
}

@article{hsu2021multiple,
  title={Multiple time-series convolutional neural network for fault detection and diagnosis and empirical study in semiconductor manufacturing},
  author={Hsu, Chia-Yu and Liu, Wei-Chen},
  journal={Journal of Intelligent Manufacturing},
  volume={32},
  number={3}, doi={10.1007/s10845-020-01591-0},
  pages={823--836},
  year={2021},
  publisher={Springer}
}

@article{hybridTS2023,
title = {A hybrid framework for forecasting power generation of multiple renewable energy sources},
journal = {Renewable and Sustainable Energy Reviews},
volume = {172},
pages = {113046},
year = {2023},
issn = {1364-0321},
doi = {10.1016/j.rser.2022.113046},
author = {Jianqin Zheng and Jian Du and Bohong Wang and Jiří Jaromír Klemeš and Qi Liao and Yongtu Liang},
keywords = {Renewable energy system, Power generation, Forecasting, Hybrid framework, Long short-term memory},
}

@article{hyperparameterTS2024,
title = {Advanced hyperparameter optimization of deep learning models for wind power prediction},
journal = {Renewable Energy},
volume = {221},
pages = {119700},
year = {2024},
issn = {0960-1481},
doi = {10.1016/j.renene.2023.119700},
author = {Shahram Hanifi and Andrea Cammarono and Hossein Zare-Behtash},
keywords = {Hyperparameter optimization, Bayesian optimization, Gaussian process, Acquisition function, Wind power forecasting, Random initialization},
}

@article{jin2022time,
  title={A time series transformer based method for the rotating machinery fault diagnosis},
  author={Jin, Yuhong and Hou, Lei and Chen, Yushu}, doi={10.1016/j.neucom.2022.04.111},
  journal={Neurocomputing},
  volume={494},
  pages={379--395},
  year={2022},
  publisher={Elsevier}
}

@article{klaar2023optimized, title={Optimized {EWT-Seq2Seq-LSTM} with attention mechanism to insulators fault prediction}, author={Klaar, Anne Carolina Rodrigues and Stefenon, Stefano Frizzo and Seman, Laio Oriel and Mariani, Viviana Cocco and Coelho, Leandro Santos}, journal={Sensors}, volume={23}, number={6}, doi={10.3390/s23063202}, pages={3202}, year={2023}, publisher={MDPI}}

@inproceedings{lightgbmTS2017,
  title={{LightGBM: A} highly efficient gradient boosting decision tree},
  author={Ke, Guolin and Meng, Qi and Finley, Thomas and Wang, Taifeng and Chen, Wei and Ma, Weidong and Ye, Qiwei and Liu, Tie-Yan}, publisher={NIPS},
  booktitle={Conference on Neural Information Processing Systems},
  volume={31}, pages = {1-9}, address={Long Beach, USA},
  year={2017}
}

@article{liu2021machinery,
  title={Machinery fault diagnosis based on deep learning for time series analysis and knowledge graphs},
  author={Liu, Haiying and Ma, Ruizhe and Li, Daiyi and Yan, Li and Ma, Zongmin},
  journal={journal of signal processing systems},
  volume={93}, doi={10.1007/s11265-021-01718-3},
  pages={1433--1455},
  year={2021},
  publisher={Springer}
}

@article{nguyen2021forecasting,
  title={Forecasting and Anomaly Detection approaches using LSTM and LSTM Autoencoder techniques with the applications in supply chain management},
  author={Nguyen, H Du and Tran, Kim Phuc and Thomassey, S{\'e}bastien and Hamad, Moez},
  journal={International Journal of Information Management},
  volume={57}, doi = {10.1016/j.ijinfomgt.2020.102282},
  pages={102282},
  year={2021},
  publisher={Elsevier}
}

@article{rnnTS2021,
title = {Recurrent Neural Networks for Time Series Forecasting: Current status and future directions},
journal = {International Journal of Forecasting},
volume = {37},
number = {1},
pages = {388-427},
year = {2021},
issn = {0169-2070},
doi = {10.1016/j.ijforecast.2020.06.008},
author = {Hansika Hewamalage and Christoph Bergmeir and Kasun Bandara},
keywords = {Big data, Forecasting, Best practices, Framework},
}

@article{rocha2019inspection,
  title={Inspection in overhead insulators through the analysis of the irradiated {RF} spectrum},
  author={Rocha, PHV and Costa, EG and Serres, AR and Xavier, GVR and Peixoto, JEB and Lins, RL},
  journal={International Journal of Electrical Power \& Energy Systems}, doi={10.1016/j.ijepes.2019.05.060},
  volume={113},
  pages={355--361},
  year={2019},
  publisher={Elsevier}
}

@Article{s22166121, TITLE = {Fault prediction based on leakage current in contaminated insulators using enhanced time series forecasting models}, AUTHOR = {Sopelsa Neto, N. F. and Stefenon, S. F. and Meyer, L. H. and Ovejero, R. G. and Leithardt, V. R. Q.}, JOURNAL = {Sensors}, VOLUME = {22}, YEAR = {2022}, NUMBER = {16}, pages = {6121}, DOI = {10.3390/s22166121}}

@Article{s22218323, TITLE = {Wavelet {LSTM} for fault forecasting in electrical power grids}, AUTHOR = {Branco, Nathielle Waldrigues and Cavalca, Mariana Santos Matos and Stefenon, Stefano Frizzo and Leithardt, Valderi Reis Quietinho}, JOURNAL = {Sensors}, VOLUME = {22}, YEAR = {2022}, NUMBER = {21}, pages = {8323}, DOI = {10.3390/s22218323}}

@Article{s23136118, TITLE = {Group method of data handling using {Christiano-Fitzgerald} random walk filter for insulator fault prediction}, AUTHOR = {Stefenon, Stefano Frizzo and Seman, Laio Oriel and Sopelsa Neto, Nemesio Fava and Meyer, Luiz Henrique and Mariani, Viviana Cocco and Coelho, Leandro dos Santos}, JOURNAL = {Sensors}, VOLUME = {23}, YEAR = {2023}, NUMBER = {13}, pages = {6118}, DOI = {10.3390/s23136118}}

@article{singh2023interpretable, title={Interpretable visual transmission lines inspections using pseudo-prototypical part network}, author={Singh, Gurmail and Stefenon, Stefano Frizzo and Yow, Kin-Choong}, journal={Machine Vision and Applications}, volume={34}, number={3}, pages={41}, year={2023}, doi={10.1007/s00138-023-01390-6}, publisher={Springer}}

@inproceedings{spatioTS2018,
    title={Spatio-temporal Graph Convolutional Networks: A Deep Learning Framework for Traffic Forecasting},
    author={Yu, Bing and Yin, Haoteng and Zhu, Zhanxing},
    booktitle={International Joint Conference on Artificial Intelligence}, volume={27}, pages={3634-3640}, publisher={IJCAI}, address={Stockholm, Sweden},
    year={2018}, doi={10.24963/ijcai.2018/505},
}

@article{tft2021,
title = {Temporal Fusion Transformers for interpretable multi-horizon time series forecasting},
journal = {International Journal of Forecasting},
volume = {37},
number = {4},
pages = {1748-1764},
year = {2021},
issn = {0169-2070},
doi = {10.1016/j.ijforecast.2021.03.012},
author = {Bryan Lim and Sercan O. Arık and Nicolas Loeff and Tomas Pfister},
keywords = {Deep learning, Interpretability, Time series, Multi-horizon forecasting, Attention mechanisms, Explainable AI},
}

@inproceedings{timellmTS2024, title={Time-{LLM}: Time Series Forecasting by Reprogramming Large Language Models},
author={Ming Jin and Shiyu Wang and Lintao Ma and Zhixuan Chu and James Y. Zhang and Xiaoming Shi and Pin-Yu Chen and Yuxuan Liang and Yuan-Fang Li and Shirui Pan and Qingsong Wen}, pages={1-24}, address={Vienna, Austria},
booktitle={International Conference on Learning Representations},
year={2024}, publisher = {ICLR}, volume={12},
}

@article{transformerTS2023,
title = {Enhancing time series forecasting: A hierarchical transformer with probabilistic decomposition representation},
journal = {Information Sciences},
volume = {647},
pages = {119410},
year = {2023},
issn = {0020-0255},
doi = {10.1016/j.ins.2023.119410},
author = {Junlong Tong and Liping Xie and Wankou Yang and Kanjian Zhang and Junsheng Zhao},
keywords = {Time series probabilistic forecasting, Hierarchical forecasting, Seasonal-trend representation},
}

@article{xie2021attention,
  title={Attention Mechanism-Based CNN-LSTM Model for Wind Turbine Fault Prediction Using {SSN} Ontology Annotation},
  author={Xie, Yuan and Zhao, Jisheng and Qiang, Baohua and Mi, Luzhong and Tang, Chenghua and Li, Longge},
  journal={Wireless Communications and Mobile Computing},
  volume={2021},
  number={1},
  pages={6627588}, doi={10.1155/2021/6627588},
  year={2021},
  publisher={Wiley Online Library}
}

@article{xu2021two,
  title={Two-stage prediction of machinery fault trend based on deep learning for time series analysis},
  author={Xu, Hongling and Ma, Ruizhe and Yan, Li and Ma, Zongmin},
  journal={Digital Signal Processing},
  volume={117},
  pages={103150}, doi={10.1016/j.dsp.2021.103150},
  year={2021},
  publisher={Elsevier}
}

@article{zhang2023gaussian,
  title={Gaussian-Linearized Transformer with Tranquilized Time-Series Decomposition Methods for Fault Diagnosis and Forecasting of Methane Gas Sensor Arrays},
  author={Zhang, Kai and Ning, Wangze and Zhu, Yudi and Li, Zhuoheng and Wang, Tao and Jiang, Wenkai and Zeng, Min and Yang, Zhi},
  journal={Applied Sciences},
  volume={14},
  number={1}, doi={10.3390/app14010218},
  pages={218},
  year={2023},
  publisher={MDPI}
}

