@article{browne2012survey,
  title={A survey of {Monte Carlo} tree search methods},
  author={Browne, Cameron B and Powley, Edward and Whitehouse, Daniel and Lucas, Simon M and Cowling, Peter I and Rohlfshagen, Philipp and Tavener, Stephen and Perez, Diego and Samothrakis, Spyridon and Colton, Simon},
  journal={IEEE Transactions on Computational Intelligence and AI in Games},
  volume={4},
  number={1},
  pages={1--43},
  year={2012},
  publisher={IEEE}
}

@article{kesting2007general,
  title={General lane-changing model {MOBIL} for car-following models},
  author={Kesting, Arne and Treiber, Martin and Helbing, Dirk},
  journal={Transportation Research Record},
  volume={1999},
  number={1},
  pages={86--94},
  year={2007},
  publisher={SAGE Publications Sage CA: Los Angeles, CA}
}

@article{treiber2000congested,
  title={Congested traffic states in empirical observations and microscopic simulations},
  author={Treiber, Martin and Hennecke, Ansgar and Helbing, Dirk},
  journal={Physical Review E},
  volume={62},
  number={2},
  pages={1805},
  year={2000},
  publisher={APS}
}

@article{mutsch2023model,
  title={From model-based to data-driven simulation: Challenges and trends in autonomous driving},
  author={M{\"u}tsch, Ferdinand and Gremmelmaier, Helen and Becker, Nicolas and Bogdoll, Daniel and Zofka, Marc Ren{\'e} and Z{\"o}llner, J Marius},
  journal={arXiv preprint arXiv:2305.13960},
  year={2023}
}

@inproceedings{hallyburton2023avstack,
  title={Avstack: An open-source, reconfigurable platform for autonomous vehicle development},
  author={Hallyburton, Robert Spencer and Zhang, Shucheng and Pajic, Miroslav},
  booktitle={International Conference on Cyber-Physical Systems (with CPS-IoT Week 2023)},
  pages={209--220},
  year={2023}
}

@article{xu2023opencda,
  title={The OpenCDA open-source ecosystem for cooperative driving automation research},
  author={Xu, Runsheng and Xiang, Hao and Han, Xu and Xia, Xin and Meng, Zonglin and Chen, Chia-Ju and Correa-Jullian, Camila and Ma, Jiaqi},
  journal={IEEE Transactions on Intelligent Vehicles},
  volume={8},
  number={4},
  pages={2698--2711},
  year={2023},
  publisher={IEEE}
}



@article{bockman2024aark,
  title={AARK: An Open Toolkit for Autonomous Racing Research},
  author={Bockman, James and Howe, Matthew and Orenstein, Adrian and Dayoub, Feras},
  journal={arXiv preprint arXiv:2410.00358},
  year={2024}
}

@inproceedings{sun2022intersim,
  title={InterSim: Interactive traffic simulation via explicit relation modeling},
  author={Sun, Qiao and Huang, Xin and Williams, Brian C and Zhao, Hang},
  booktitle={IEEE/RSJ International Conference on Intelligent Robots and Systems (IROS)},
  pages={11416--11423},
  year={2022},
  organization={IEEE}
}

@misc{haas2014history,
  title={A history of the Unity game engine},
  author={Haas, John K},
  year={2014}
}

@misc{sanders2016introduction,
title={An introduction to {Unreal Engine} 4},
  author={Sanders, Andrew},
  year={2016},
  publisher={AK Peters/CRC Press}
}

@inproceedings{quigley2009ros,
  title={ROS: an open-source Robot Operating System},
  author={Quigley, Morgan and Conley, Ken and Gerkey, Brian and Faust, Josh and Foote, Tully and Leibs, Jeremy and Wheeler, Rob and Ng, Andrew Y and others},
  booktitle={ICRA workshop on open source software},
  volume={3},
  number={3.2},
  pages={5},
  year={2009},
  organization={Kobe, Japan}
}

@inproceedings{rong2020lgsvl,
  title={Lgsvl simulator: A high fidelity simulator for autonomous driving},
  author={Rong, Guodong and Shin, Byung Hyun and Tabatabaee, Hadi and Lu, Qiang and Lemke, Steve and Mo{\v{z}}eiko, M{\=a}rti{\c{n}}{\v{s}} and Boise, Eric and Uhm, Geehoon and Gerow, Mark and Mehta, Shalin and others},
  booktitle={IEEE International conference on intelligent transportation systems (ITSC)},
  pages={1--6},
  year={2020},
  organization={IEEE}
}

@inproceedings{koenig2004design,
  title={Design and use paradigms for gazebo, an open-source multi-robot simulator},
  author={Koenig, Nathan and Howard, Andrew},
  booktitle={IEEE/RSJ international conference on intelligent robots and systems (IROS)(IEEE Cat. No. 04CH37566)},
  volume={3},
  pages={2149--2154},
  year={2004},
  organization={Ieee}
}

@article{michel2004cyberbotics,
  title={Cyberbotics ltd. webots™: professional mobile robot simulation},
  author={Michel, Olivier},
  journal={International Journal of Advanced Robotic Systems},
  volume={1},
  number={1},
  pages={5},
  year={2004},
  publisher={SAGE Publications Sage UK: London, England}
}

@inproceedings{carpin2007usarsim,
  title={USARSim: a robot simulator for research and education},
  author={Carpin, Stefano and Lewis, Mike and Wang, Jijun and Balakirsky, Stephen and Scrapper, Chris},
  booktitle={IEEE International Conference on Robotics and Automation (ICRA)},
  pages={1400--1405},
  year={2007},
  organization={IEEE}
}

@article{kotusevski2009review,
  title={A review of traffic simulation software},
  author={Kotusevski, Gligor and Hawick, Ken A},
  journal={Research Letters in the Information and Mathematical Sciences},
  volume={13},
  pages={35--54},
  year={2009}
}

@incollection{barcelo2005dynamic,
  title={Dynamic network simulation with AIMSUN},
  author={Barcel{\'o}, Jaime and Casas, Jordi},
  booktitle={Simulation approaches in transportation analysis: Recent advances and challenges},
  pages={57--98},
  year={2005},
  publisher={Springer}
}

@inproceedings{halati1997corsim,
  title={{CORSIM}-corridor traffic simulation model},
  author={Halati, Abolhassan and Lieu, Henry and Walker, Susan},
  booktitle={Traffic Congestion and Traffic Safety in the 21st Century: Challenges, Innovations, and Opportunities},
  year={1997}
}

@article{fellendorf2010microscopic,
  title={Microscopic traffic flow simulator {VISSIM}},
  author={Fellendorf, Martin and Vortisch, Peter},
  journal={Fundamentals of Traffic Simulation},
  pages={63--93},
  year={2010},
  publisher={Springer}
}

@article{cameron1996paramics,
  title={{PARAMICS}—Parallel microscopic simulation of road traffic},
  author={Cameron, Gordon DB and Duncan, Gordon ID},
  journal={The Journal of Supercomputing},
  volume={10},
  pages={25--53},
  year={1996},
  publisher={Springer}
}

@article{hu2023simulation,
  title={How simulation helps autonomous driving: A survey of sim2real, digital twins, and parallel intelligence},
  author={Hu, Xuemin and Li, Shen and Huang, Tingyu and Tang, Bo and Huai, Rouxing and Chen, Long},
  journal={IEEE Transactions on Intelligent Vehicles},
  year={2023},
  publisher={IEEE}
}

@inproceedings{ljungbergh2025neuroncap,
  title={{NeuroNCAP}: Photorealistic closed-loop safety testing for autonomous driving},
  author={Ljungbergh, William and Tonderski, Adam and Johnander, Joakim and Caesar, Holger and {\AA}str{\"o}m, Kalle and Felsberg, Michael and Petersson, Christoffer},
  booktitle={European Conference on Computer Vision (ECCV)},
  pages={161--177},
  year={2025},
  organization={Springer}
}

@article{tian2024robust,
  title={Robust Platoon Control of Mixed Autonomous and Human-Driven Vehicles for Obstacle Collision Avoidance: A Cooperative Sensing-Based Adaptive Model Predictive Control Approach},
  author={Tian, Daxin and Zhou, Jianshan and Han, Xu and Lang, Ping},
  journal={Engineering},
  year={2024},
  publisher={Elsevier}
}

@inproceedings{li2024ego,
  title={Is ego status all you need for open-loop end-to-end autonomous driving?},
  author={Li, Zhiqi and Yu, Zhiding and Lan, Shiyi and Li, Jiahan and Kautz, Jan and Lu, Tong and Alvarez, Jose M},
  booktitle={IEEE/CVF Conference on Computer Vision and Pattern Recognition (CVPR)},
  pages={14864--14873},
  year={2024}
}

@article{liu2024survey,
  title={A survey on autonomous driving datasets: Statistics, annotation quality, and a future outlook},
  author={Liu, Mingyu and Yurtsever, Ekim and Fossaert, Jonathan and Zhou, Xingcheng and Zimmer, Walter and Cui, Yuning and Zagar, Bare Luka and Knoll, Alois C},
  journal={IEEE Transactions on Intelligent Vehicles},
  year={2024},
  publisher={IEEE}
}

@article{guo2019safe,
  title={Is it safe to drive? An overview of factors, metrics, and datasets for driveability assessment in autonomous driving},
  author={Guo, Junyao and Kurup, Unmesh and Shah, Mohak},
  journal={IEEE Transactions on Intelligent Transportation Systems},
  volume={21},
  number={8},
  pages={3135--3151},
  year={2019},
  publisher={IEEE}
}

@article{feng2020deep,
  title={Deep multi-modal object detection and semantic segmentation for autonomous driving: Datasets, methods, and challenges},
  author={Feng, Di and Haase-Sch{\"u}tz, Christian and Rosenbaum, Lars and Hertlein, Heinz and Glaeser, Claudius and Timm, Fabian and Wiesbeck, Werner and Dietmayer, Klaus},
  journal={IEEE Transactions on Intelligent Transportation Systems},
  volume={22},
  number={3},
  pages={1341--1360},
  year={2020},
  publisher={IEEE}
}

@inproceedings{zheng2025genad,
  title={{GenAD}: Generative end-to-end autonomous driving},
  author={Zheng, Wenzhao and Song, Ruiqi and Guo, Xianda and Zhang, Chenming and Chen, Long},
  booktitle={European Conference on Computer Vision (ECCV)},
  pages={87--104},
  year={2025},
  organization={Springer}
}

@inproceedings{wang2024driving,
  title={Driving into the future: Multiview visual forecasting and planning with world model for autonomous driving},
  author={Wang, Yuqi and He, Jiawei and Fan, Lue and Li, Hongxin and Chen, Yuntao and Zhang, Zhaoxiang},
  booktitle={IEEE/CVF Conference on Computer Vision and Pattern Recognition (CVPR)},
  pages={14749--14759},
  year={2024}
}

@inproceedings{shao2023safety,
  title={Safety-enhanced autonomous driving using interpretable sensor fusion transformer},
  author={Shao, Hao and Wang, Letian and Chen, Ruobing and Li, Hongsheng and Liu, Yu},
  booktitle={Conference on Robot Learning (CoRL)},
  pages={726--737},
  year={2023},
  organization={PMLR}
}

@article{chitta2022transfuser,
  title={Transfuser: Imitation with transformer-based sensor fusion for autonomous driving},
  author={Chitta, Kashyap and Prakash, Aditya and Jaeger, Bernhard and Yu, Zehao and Renz, Katrin and Geiger, Andreas},
  journal={IEEE Transactions on Pattern Analysis and Machine Intelligence},
  volume={45},
  number={11},
  pages={12878--12895},
  year={2022},
  publisher={IEEE}
}

@inproceedings{sun2020scalability,
  title={Scalability in perception for autonomous driving: Waymo open dataset},
  author={Sun, Pei and Kretzschmar, Henrik and Dotiwalla, Xerxes and Chouard, Aurelien and Patnaik, Vijaysai and Tsui, Paul and Guo, James and Zhou, Yin and Chai, Yuning and Caine, Benjamin and others},
  booktitle={IEEE/CVF Conference on Computer Vision and Pattern Recognition (CVPR)},
  pages={2446--2454},
  year={2020}
}

@inproceedings{caesar2020nuscenes,
  title={{nuScenes}: A multimodal dataset for autonomous driving},
  author={Caesar, Holger and Bankiti, Varun and Lang, Alex H and Vora, Sourabh and Liong, Venice Erin and Xu, Qiang and Krishnan, Anush and Pan, Yu and Baldan, Giancarlo and Beijbom, Oscar},
  booktitle={IEEE/CVF Conference on Computer Vision and Pattern Recognition (CVPR)},
  pages={11621--11631},
  year={2020}
}

@inproceedings{ramanishka2018toward,
  title={Toward driving scene understanding: A dataset for learning driver behavior and causal reasoning},
  author={Ramanishka, Vasili and Chen, Yi-Ting and Misu, Teruhisa and Saenko, Kate},
  booktitle={IEEE Conference on Computer Vision and Pattern Recognition (CVPR)},
  pages={7699--7707},
  year={2018}
}

@inproceedings{xu2017end,
  title={End-to-end learning of driving models from large-scale video datasets},
  author={Xu, Huazhe and Gao, Yang and Yu, Fisher and Darrell, Trevor},
  booktitle={IEEE Conference on Computer Vision and Pattern Recognition (CVPR)},
  pages={2174--2182},
  year={2017}
}

@article{geiger2013vision,
  title={Vision meets robotics: The {KITTI} dataset},
  author={Geiger, Andreas and Lenz, Philip and Stiller, Christoph and Urtasun, Raquel},
  journal={The International Journal of Robotics Research},
  volume={32},
  number={11},
  pages={1231--1237},
  year={2013},
  publisher={Sage Publications Sage UK: London, England}
}

@article{mei2024continuously,
  title={Continuously Learning, Adapting, and Improving: A Dual-Process Approach to Autonomous Driving},
  author={Mei, Jianbiao and Ma, Yukai and Yang, Xuemeng and Wen, Licheng and Cai, Xinyu and Li, Xin and Fu, Daocheng and Zhang, Bo and Cai, Pinlong and Dou, Min and others},
  journal={arXiv preprint arXiv:2405.15324},
  year={2024},
  note    = {\nolinebreak.} 
}

@article{mao2023gpt,
  title={Gpt-driver: Learning to drive with {GPT}},
  author={Mao, Jiageng and Qian, Yuxi and Ye, Junjie and Zhao, Hang and Wang, Yue},
  journal={arXiv preprint arXiv:2310.01415},
  year={2023}
}

@inproceedings{cui2024drive,
  title={Drive as you speak: Enabling human-like interaction with large language models in autonomous vehicles},
  author={Cui, Can and Ma, Yunsheng and Cao, Xu and Ye, Wenqian and Wang, Ziran},
  booktitle={IEEE/CVF Winter Conference on Applications of Computer Vision (WACV)},
  pages={902--909},
  year={2024}
}

@inproceedings{cui2024survey,
  title={A survey on multimodal large language models for autonomous driving},
  author={Cui, Can and Ma, Yunsheng and Cao, Xu and Ye, Wenqian and Zhou, Yang and Liang, Kaizhao and Chen, Jintai and Lu, Juanwu and Yang, Zichong and Liao, Kuei-Da and others},
  booktitle={IEEE/CVF Winter Conference on Applications of Computer Vision (WACV)},
  pages={958--979},
  year={2024}
}

@inproceedings{chen2024driving,
  title={Driving with {LLMs}: Fusing object-level vector modality for explainable autonomous driving},
  author={Chen, Long and Sinavski, Oleg and H{\"u}nermann, Jan and Karnsund, Alice and Willmott, Andrew James and Birch, Danny and Maund, Daniel and Shotton, Jamie},
  booktitle={IEEE International Conference on Robotics and Automation (ICRA)},
  pages={14093--14100},
  year={2024},
  organization={IEEE}
}

@article{cui2023drivellm,
  title={{DriveLLM}: Charting the path toward full autonomous driving with large language models},
  author={Cui, Yaodong and Huang, Shucheng and Zhong, Jiaming and Liu, Zhenan and Wang, Yutong and Sun, Chen and Li, Bai and Wang, Xiao and Khajepour, Amir},
  journal={IEEE Transactions on Intelligent Vehicles},
  year={2023},
  publisher={IEEE}
}

@article{sha2023languagempc,
  title={{LanguageMPC}: Large language models as decision makers for autonomous driving},
  author={Sha, Hao and Mu, Yao and Jiang, Yuxuan and Chen, Li and Xu, Chenfeng and Luo, Ping and Li, Shengbo Eben and Tomizuka, Masayoshi and Zhan, Wei and Ding, Mingyu},
  journal={arXiv preprint arXiv:2310.03026},
  year={2023}
}

@article{jin2023surrealdriver,
  title={{SurrealDriver}: Designing generative driver agent simulation framework in urban contexts based on large language model},
  author={Jin, Ye and Shen, Xiaoxi and Peng, Huiling and Liu, Xiaoan and Qin, Jingli and Li, Jiayang and Xie, Jintao and Gao, Peizhong and Zhou, Guyue and Gong, Jiangtao},
  journal={arXiv preprint arXiv:2309.13193},
  year={2023}
}

@article{tang2024grounded,
  title={Grounded relational inference: Domain knowledge driven explainable autonomous driving},
  author={Tang, Chen and Srishankar, Nishan and Martin, Sujitha and Tomizuka, Masayoshi},
  journal={IEEE Transactions on Intelligent Transportation Systems},
  year={2024},
  publisher={IEEE}
}

@article{lan2022instance,
  title={Instance, scale, and teacher adaptive knowledge distillation for visual detection in autonomous driving},
  author={Lan, Qizhen and Tian, Qing},
  journal={IEEE Transactions on Intelligent Vehicles},
  volume={8},
  number={3},
  pages={2358--2370},
  year={2022},
  publisher={IEEE}
}

@article{xu2024drivegpt4,
  title={{DriveGPT4}: Interpretable end-to-end autonomous driving via large language model},
  author={Xu, Zhenhua and Zhang, Yujia and Xie, Enze and Zhao, Zhen and Guo, Yong and Wong, Kwan-Yee K and Li, Zhenguo and Zhao, Hengshuang},
  journal={IEEE Robotics and Automation Letters},
  year={2024},
  publisher={IEEE}
}

@article{wen2023dilu,
  title={{DiLu}: A knowledge-driven approach to autonomous driving with large language models},
  author={Wen, Licheng and Fu, Daocheng and Li, Xin and Cai, Xinyu and Ma, Tao and Cai, Pinlong and Dou, Min and Shi, Botian and He, Liang and Qiao, Yu},
  journal={arXiv preprint arXiv:2309.16292},
  year={2023}
}

@inproceedings{li2022coda,
  title={{CODA}: A real-world road corner case dataset for object detection in autonomous driving},
  author={Li, Kaican and Chen, Kai and Wang, Haoyu and Hong, Lanqing and Ye, Chaoqiang and Han, Jianhua and Chen, Yukuai and Zhang, Wei and Xu, Chunjing and Yeung, Dit-Yan and others},
  booktitle={European Conference on Computer Vision (ECCV)},
  pages={406--423},
  year={2022},
  organization={Springer}
}

@inproceedings{bolte2019towards,
  title={Towards corner case detection for autonomous driving},
  author={Bolte, Jan-Aike and Bar, Andreas and Lipinski, Daniel and Fingscheidt, Tim},
  booktitle={IEEE Intelligent vehicles symposium (IV)},
  pages={438--445},
  year={2019},
  organization={IEEE}
}

@article{caesar2021nuplan,
  title={{nuPlan}: A closed-loop {ML}-based planning benchmark for autonomous vehicles},
  author={Caesar, Holger and Kabzan, Juraj and Tan, Kok Seang and Fong, Whye Kit and Wolff, Eric and Lang, Alex and Fletcher, Luke and Beijbom, Oscar and Omari, Sammy},
  journal={arXiv preprint arXiv:2106.11810},
  year={2021}
}

@inproceedings{casas2021mp3,
  title={{MP3}: A unified model to map, perceive, predict and plan},
  author={Casas, Sergio and Sadat, Abbas and Urtasun, Raquel},
  booktitle={IEEE/CVF Conference on Computer Vision and Pattern Recognition (CVPR)},
  pages={14403--14412},
  year={2021}
}

@inproceedings{hu2023planning,
  title={Planning-oriented autonomous driving},
  author={Hu, Yihan and Yang, Jiazhi and Chen, Li and Li, Keyu and Sima, Chonghao and Zhu, Xizhou and Chai, Siqi and Du, Senyao and Lin, Tianwei and Wang, Wenhai and others},
  booktitle={IEEE/CVF Conference on Computer Vision and Pattern Recognition (CVPR)},
  pages={17853--17862},
  year={2023}
}

@inproceedings{zeng2019end,
  title={End-to-end interpretable neural motion planner},
  author={Zeng, Wenyuan and Luo, Wenjie and Suo, Simon and Sadat, Abbas and Yang, Bin and Casas, Sergio and Urtasun, Raquel},
  booktitle={IEEE/CVF Conference on Computer Vision and Pattern Recognition (CVPR)},
  pages={8660--8669},
  year={2019}
}

@inproceedings{chitta2021neat,
  title={{NEAT}: Neural attention fields for end-to-end autonomous driving},
  author={Chitta, Kashyap and Prakash, Aditya and Geiger, Andreas},
  booktitle={IEEE/CVF International Conference on Computer Vision (ICCV)},
  pages={15793--15803},
  year={2021}
}

@article{li2024choose,
  title={Choose your simulator wisely: A review on open-source simulators for autonomous driving},
  author={Li, Yueyuan and Yuan, Wei and Zhang, Songan and Yan, Weihao and Shen, Qiyuan and Wang, Chunxiang and Yang, Ming},
  journal={IEEE Transactions on Intelligent Vehicles},
  year={2024},
  publisher={IEEE}
}

@article{zhao2024autonomous,
  title={Autonomous driving system: A comprehensive survey},
  author={Zhao, Jingyuan and Zhao, Wenyi and Deng, Bo and Wang, Zhenghong and Zhang, Feng and Zheng, Wenxiang and Cao, Wanke and Nan, Jinrui and Lian, Yubo and Burke, Andrew F},
  journal={Expert Systems with Applications},
  volume={242},
  pages={122836},
  year={2024},
  publisher={Elsevier}
}

@article{yurtsever2020survey,
  title={A survey of autonomous driving: Common practices and emerging technologies},
  author={Yurtsever, Ekim and Lambert, Jacob and Carballo, Alexander and Takeda, Kazuya},
  journal={IEEE Access},
  volume={8},
  pages={58443--58469},
  year={2020},
  publisher={IEEE}
}

@inproceedings{chao2020survey,
  title={A survey on visual traffic simulation: Models, evaluations, and applications in autonomous driving},
  author={Chao, Qianwen and Bi, Huikun and Li, Weizi and Mao, Tianlu and Wang, Zhaoqi and Lin, Ming C and Deng, Zhigang},
  booktitle={Computer Graphics Forum},
  volume={39},
  number={1},
  pages={287--308},
  year={2020},
  organization={Wiley Online Library}
}

@article{chib2023recent,
  title={Recent advancements in end-to-end autonomous driving using deep learning: A survey},
  author={Chib, Pranav Singh and Singh, Pravendra},
  journal={IEEE Transactions on Intelligent Vehicles},
  year={2023},
  publisher={IEEE}
}

@article{maddern20171,
  title={1 year, 1000 km: The {Oxford} {RobotCar} dataset},
  author={Maddern, Will and Pascoe, Geoffrey and Linegar, Chris and Newman, Paul},
  journal={The International Journal of Robotics Research},
  volume={36},
  number={1},
  pages={3--15},
  year={2017},
  publisher={SAGE Publications Sage UK: London, England}
}

@inproceedings{chen2015deepdriving,
  title={{DeepDriving}: Learning affordance for direct perception in autonomous driving},
  author={Chen, Chenyi and Seff, Ari and Kornhauser, Alain and Xiao, Jianxiong},
  booktitle={IEEE International Conference on Computer Vision (ICCV)},
  pages={2722--2730},
  year={2015}
}

@article{grigorescu2020survey,
  title={A survey of deep learning techniques for autonomous driving},
  author={Grigorescu, Sorin and Trasnea, Bogdan and Cocias, Tiberiu and Macesanu, Gigel},
  journal={Journal of Field Robotics},
  volume={37},
  number={3},
  pages={362--386},
  year={2020},
  publisher={Wiley Online Library}
}

@article{mozaffari2020deep,
  title={Deep learning-based vehicle behavior prediction for autonomous driving applications: A review},
  author={Mozaffari, Sajjad and Al-Jarrah, Omar Y and Dianati, Mehrdad and Jennings, Paul and Mouzakitis, Alexandros},
  journal={IEEE Transactions on Intelligent Transportation Systems},
  volume={23},
  number={1},
  pages={33--47},
  year={2020},
  publisher={IEEE}
}

@article{kiran2021deep,
  title={Deep reinforcement learning for autonomous driving: A survey},
  author={Kiran, B Ravi and Sobh, Ibrahim and Talpaert, Victor and Mannion, Patrick and Al Sallab, Ahmad A and Yogamani, Senthil and P{\'e}rez, Patrick},
  journal={IEEE Transactions on Intelligent Transportation Systems},
  volume={23},
  number={6},
  pages={4909--4926},
  year={2021},
  publisher={IEEE}
}

@article{bachute2021autonomous,
  title={Autonomous driving architectures: insights of machine learning and deep learning algorithms},
  author={Bachute, Mrinal R and Subhedar, Javed M},
  journal={Machine Learning with Applications},
  volume={6},
  pages={100164},
  year={2021},
  publisher={Elsevier}
}

@article{huang2020autonomous,
  title={Autonomous driving with deep learning: A survey of state-of-art technologies},
  author={Huang, Yu and Chen, Yue},
  journal={arXiv preprint arXiv:2006.06091},
  year={2020}
}

@article{pomerleau1988alvinn,
  title={{ALVINN}: An autonomous land vehicle in a neural network},
  author={Pomerleau, Dean A},
  journal={Advances in neural information processing systems},
  volume={1},
  year={1988}
}

@article{le2022survey,
  title={A survey on imitation learning techniques for end-to-end autonomous vehicles},
  author={Le Mero, Luc and Yi, Dewei and Dianati, Mehrdad and Mouzakitis, Alexandros},
  journal={IEEE Transactions on Intelligent Transportation Systems},
  volume={23},
  number={9},
  pages={14128--14147},
  year={2022},
  publisher={IEEE}
}

@article{jia2024bench2drive,
  title={{Bench2Drive}: Towards Multi-Ability Benchmarking of Closed-Loop End-To-End Autonomous Driving},
  author={Jia, Xiaosong and Yang, Zhenjie and Li, Qifeng and Zhang, Zhiyuan and Yan, Junchi},
  journal={arXiv preprint arXiv:2406.03877},
  year={2024}
}

@article{chen2024end,
  title={End-to-end autonomous driving: Challenges and frontiers},
  author={Chen, Li and Wu, Penghao and Chitta, Kashyap and Jaeger, Bernhard and Geiger, Andreas and Li, Hongyang},
  journal={IEEE Transactions on Pattern Analysis and Machine Intelligence},
  year={2024},
  publisher={IEEE}
}

@article{tampuu2020survey,
  title={A survey of end-to-end driving: Architectures and training methods},
  author={Tampuu, Ardi and Matiisen, Tambet and Semikin, Maksym and Fishman, Dmytro and Muhammad, Naveed},
  journal={IEEE Transactions on Neural Networks and Learning Systems},
  volume={33},
  number={4},
  pages={1364--1384},
  year={2020},
  publisher={IEEE}
}


@article{zhu2021survey,
  title={A survey of deep {RL} and {IL} for autonomous driving policy learning},
  author={Zhu, Zeyu and Zhao, Huijing},
  journal={IEEE Transactions on Intelligent Transportation Systems},
  volume={23},
  number={9},
  pages={14043--14065},
  year={2021},
  publisher={IEEE}
}

@article{li2023survey,
  title={A survey on self-evolving autonomous driving: a perspective on data closed-loop technology},
  author={Li, Xincheng and Wang, Zhaoyi and Huang, Yanjun and Chen, Hong},
  journal={IEEE Transactions on Intelligent Vehicles},
  year={2023},
  publisher={IEEE}
}

@article{li2024data,
  title={Data-centric evolution in autonomous driving: A comprehensive survey of big data system, data mining, and closed-loop technologies},
  author={Li, Lincan and Shao, Wei and Dong, Wei and Tian, Yijun and Zhang, Qiming and Yang, Kaixiang and Zhang, Wenjie},
  journal={arXiv preprint arXiv:2401.12888},
  year={2024}
}

@article{ochs2024one,
  title={One Stack to Rule them All: To Drive Automated Vehicles, and Reach for the 4th level},
  author={Ochs, Sven and Doll, Jens and Grimm, Daniel and Fleck, Tobias and Heinrich, Marc and Orf, Stefan and Schotschneider, Albert and Gremmelmaier, Helen and Polley, Rupert and Pavlitska, Svetlana and others},
  journal={arXiv preprint arXiv:2404.02645},
  year={2024}
}

@inproceedings{gog2021pylot,
  title={Pylot: A modular platform for exploring latency-accuracy tradeoffs in autonomous vehicles},
  author={Gog, Ionel and Kalra, Sukrit and Schafhalter, Peter and Wright, Matthew A and Gonzalez, Joseph E and Stoica, Ion},
  booktitle={IEEE International Conference on Robotics and Automation (ICRA)},
  pages={8806--8813},
  year={2021},
  organization={IEEE}
}


@inproceedings{wenl2023limsim,
  title={{LimSim}: A long-term interactive multi-scenario traffic simulator},
  author={Wen, Licheng and Fu, Daocheng and Mao, Song and Cai, Pinlong and Dou, Min and Li, Yikang and Qiao, Yu},
  booktitle={IEEE International Conference on Intelligent Transportation Systems (ITSC)},
  pages={1255--1262},
  year={2023},
  organization={IEEE}
}

@article{fu2024limsim++,
  title={{LimSim++}: A Closed-Loop Platform for Deploying Multimodal {LLMs} in Autonomous Driving},
  author={Fu, Daocheng and Lei, Wenjie and Wen, Licheng and Cai, Pinlong and Mao, Song and Dou, Min and Shi, Botian and Qiao, Yu},
  journal={arXiv preprint arXiv:2402.01246},
  year={2024}
}



@article{yang2024drivearena,
  title={{DriveArena}: A closed-loop generative simulation platform for autonomous driving},
  author={Yang, Xuemeng and Wen, Licheng and Ma, Yukai and Mei, Jianbiao and Li, Xin and Wei, Tiantian and Lei, Wenjie and Fu, Daocheng and Cai, Pinlong and Dou, Min and others},
  journal={arXiv preprint arXiv:2408.00415},
  year={2024}
}

@inproceedings{codevilla2019exploring,
  title={Exploring the limitations of behavior cloning for autonomous driving},
  author={Codevilla, Felipe and Santana, Eder and L{\'o}pez, Antonio M and Gaidon, Adrien},
  booktitle={IEEE/CVF International Conference on Computer Vision (ICCV)},
  pages={9329--9338},
  year={2019}
}

@inproceedings{zhang2022rethinking,
  title={Rethinking closed-loop training for autonomous driving},
  author={Zhang, Chris and Guo, Runsheng and Zeng, Wenyuan and Xiong, Yuwen and Dai, Binbin and Hu, Rui and Ren, Mengye and Urtasun, Raquel},
  booktitle={European Conference on Computer Vision (ECCV)},
  pages={264--282},
  year={2022},
  organization={Springer}
}

@article{huang2022survey,
  title={A survey on trajectory-prediction methods for autonomous driving},
  author={Huang, Yanjun and Du, Jiatong and Yang, Ziru and Zhou, Zewei and Zhang, Lin and Chen, Hong},
  journal={IEEE Transactions on Intelligent Vehicles},
  volume={7},
  number={3},
  pages={652--674},
  year={2022},
  publisher={IEEE}
}


@inproceedings{lopez2018microscopic,
  title={Microscopic traffic simulation using sumo},
  author={Lopez, Pablo Alvarez and Behrisch, Michael and Bieker-Walz, Laura and Erdmann, Jakob and Fl{\"o}tter{\"o}d, Yun-Pang and Hilbrich, Robert and L{\"u}cken, Leonhard and Rummel, Johannes and Wagner, Peter and Wie{\ss}ner, Evamarie},
  booktitle={IEEE International Conference on Intelligent Transportation Systems (ITSC)},
  pages={2575--2582},
  year={2018},
  organization={IEEE}
}

@article{gulino2024waymax,
  title={Waymax: An accelerated, data-driven simulator for large-scale autonomous driving research},
  author={Gulino, Cole and Fu, Justin and Luo, Wenjie and Tucker, George and Bronstein, Eli and Lu, Yiren and Harb, Jean and Pan, Xinlei and Wang, Yan and Chen, Xiangyu and others},
  journal={Advances in Neural Information Processing Systems (NeurIPS)},
  volume={36},
  year={2024}
}

@inproceedings{feng2023trafficgen,
  title={{TrafficGen}: Learning to generate diverse and realistic traffic scenarios},
  author={Feng, Lan and Li, Quanyi and Peng, Zhenghao and Tan, Shuhan and Zhou, Bolei},
  booktitle={IEEE International Conference on Robotics and Automation (ICRA)},
  pages={3567--3575},
  year={2023},
  organization={IEEE}
}

@inproceedings{bergamini2021simnet,
  title={{SimNet}: Learning reactive self-driving simulations from real-world observations},
  author={Bergamini, Luca and Ye, Yawei and Scheel, Oliver and Chen, Long and Hu, Chih and Del Pero, Luca and Osi{\'n}ski, B{\l}a{\.z}ej and Grimmett, Hugo and Ondruska, Peter},
  booktitle={IEEE International Conference on Robotics and Automation (ICRA)},
  pages={5119--5125},
  year={2021},
  organization={IEEE}
}

@inproceedings{shah2018airsim,
  title={{AirSim}: High-fidelity visual and physical simulation for autonomous vehicles},
  author={Shah, Shital and Dey, Debadeepta and Lovett, Chris and Kapoor, Ashish},
  booktitle={Field and Service Robotics: Results of the 11th International Conference},
  pages={621--635},
  year={2018},
  organization={Springer}
}

@inproceedings{dosovitskiy2017carla,
  title={{CARLA}: An open urban driving simulator},
  author={Dosovitskiy, Alexey and Ros, German and Codevilla, Felipe and Lopez, Antonio and Koltun, Vladlen},
  booktitle={Conference on Robot Learning (CoRL)},
  pages={1--16},
  year={2017},
  organization={PMLR}
}


@article{li2023towards,
  title={Towards knowledge-driven autonomous driving},
  author={Li, Xin and Bai, Yeqi and Cai, Pinlong and Wen, Licheng and Fu, Daocheng and Zhang, Bo and Yang, Xuemeng and Cai, Xinyu and Ma, Tao and Guo, Jianfei and others},
  journal={arXiv preprint arXiv:2312.04316},
  year={2023}
}



@inproceedings{kour2014real,
  title={Real-time segmentation of on-line handwritten {Arabic} script},
  author={Kour, George and Saabne, Raid},
  booktitle={International Conference on Frontiers in Handwriting Recognition (ICFHR)},
  pages={417--422},
  year={2014},
  organization={IEEE}
}

@inproceedings{kour2014fast,
  title={Fast classification of handwritten on-line {Arabic} characters},
  author={Kour, George and Saabne, Raid},
  booktitle={International Conference on Frontiers in Handwriting Recognition (ICFHR)},
  pages={312--318},
  year={2014},
  organization={IEEE},
  doi={10.1109/SOCPAR.2014.7008025}
}

@article{hadash2018estimate,
  title={Estimate and Replace: A Novel Approach to Integrating Deep Neural Networks with Existing Applications},
  author={Hadash, Guy and Kermany, Einat and Carmeli, Boaz and Lavi, Ofer and Kour, George and Jacovi, Alon},
  journal={arXiv preprint arXiv:1804.09028},
  year={2018}
}

@misc{Beißwenger2024PdmLite,
  title        = {{PDM-Lite}: A Rule-Based Planner for CARLA Leaderboard 2.0},
  author       = {Beisswenger, Jens},
  howpublished = {\url{https://github.com/OpenDriveLab/DriveLM/blob/DriveLM-CARLA/pdm_lite/docs/report.pdf}},
  year         = {2024},
  school       = {University of Tübingen},
}

@InProceedings{Dauner2023CORL,
  title={Parting with Misconceptions about Learning-based Vehicle Motion Planning},
  author={Dauner, Daniel and Hallgarten, Marcel and Geiger, Andreas and Chitta, Kashyap},
  booktitle={Conference on Robot Learning (CoRL)},
  pages={1268--1281},
  year={2023}
}

@article{shao2022interfuser,
 title={Safety-Enhanced Autonomous Driving Using Interpretable Sensor Fusion Transformer},
 author={Hao Shao and Letian Wang and RuoBing Chen and Hongsheng Li and Yu Liu},
 journal={arXiv preprint arXiv:2207.14024},
 year={2022},
}

@article{yan2024oasim,
  title={{OASim}: an Open and Adaptive Simulator based on Neural Rendering for Autonomous Driving},
  author={Yan, Guohang and Pi, Jiahao and Guo, Jianfei and Luo, Zhaotong and Dou, Min and Deng, Nianchen and Huang, Qiusheng and Fu, Daocheng and Wen, Licheng and Cai, Pinlong and others},
  journal={arXiv preprint arXiv:2402.03830},
  year={2024}
}