@INPROCEEDINGS{8855345,

  author={Naveen, E. and Kumar, P.},

  booktitle={2019 IEEE 21st International Conference on High Performance Computing and Communications; IEEE 17th International Conference on Smart City; IEEE 5th International Conference on Data Science and Systems (HPCC/SmartCity/DSS)}, 

  title={Checkpointing in Practice for Memory-Efficient Training on the Edge}, 

  year={2019},

  volume={},

  number={},

  pages={2759-2766},

  keywords={Memory management;Training;Checkpointing;Neural networks;Computational modeling;Backpropagation;deep learning;edge;checkpointing;computer vision},

  doi={10.1109/HPCC/SmartCity/DSS.2019.00387}}

@article{baevski2020wav2vec,
  title={wav2vec 2.0: A framework for self-supervised learning of speech representations},
  author={Baevski, Alexei and Zhou, Yuhao and Mohamed, Abdelrahman and Auli, Michael},
journal={Advances in neural information processing systems (NeurIPS)},
  volume={33},
  pages={12449--12460},
  year={2020}
}

@inproceedings{chen2022large,
  title={Large-scale self-supervised speech representation learning for automatic speaker verification},
  author={Chen, Zhengyang and Chen, Sanyuan and Wu, Yu and Qian, Yao and Wang, Chengyi and Liu, Shujie and Qian, Yanmin and Zeng, Michael},
  booktitle={IEEE International Conference on Acoustics, Speech and Signal Processing (ICASSP)},
  pages={6147--6151},
  year={2022}
}

@inproceedings{chen2023exploring,
  title={Exploring wav2vec 2.0 fine tuning for improved speech emotion recognition},
  author={Chen, Li-Wei and Rudnicky, Alexander},
  booktitle={IEEE International Conference on Acoustics, Speech and Signal Processing (ICASSP)},
  pages={1--5},
  year={2023}
}

@article{devlin2018bert,
  title={Bert: Pre-training of deep bidirectional transformers for language understanding},
  author={Devlin, Jacob and Chang, Ming-Wei and Lee, Kenton and Toutanova, Kristina},
  journal={arXiv preprint arXiv:1810.04805},
  year={2018}
}

@article{eyben2015geneva,
  title={The Geneva minimalistic acoustic parameter set (GeMAPS) for voice research and affective computing},
  author={Eyben, Florian and Scherer, Klaus R and Schuller, Bj{\"o}rn W and Sundberg, Johan and Andr{\'e}, Elisabeth and Busso, Carlos and Devillers, Laurence Y and Epps, Julien and Laukka, Petri and Narayanan, Shrikanth S and others},
  journal={IEEE Transactions on Affective Computing},
  volume={7},
  number={2},
  pages={190--202},
  year={2015},
  publisher={IEEE}
}

@inproceedings{feng2023peft,
  title={Peft-ser: On the use of parameter efficient transfer learning approaches for speech emotion recognition using pre-trained speech models},
  author={Feng, Tiantian and Narayanan, Shrikanth},
  booktitle={2023 11th International Conference on Affective Computing and Intelligent Interaction (ACII)},
  pages={1--8},
  year={2023}
}

@article{harmon2017importance,
  title={On the importance of both dimensional and discrete models of emotion},
  author={Harmon-Jones, Eddie and Harmon-Jones, Cindy and Summerell, Elizabeth},
  journal={Behavioral sciences},
  volume={7},
  number={4},
  pages={66},
  year={2017},
  publisher={MDPI}
}

@inproceedings{hu2021lora,
  title={LoRA: Low-Rank Adaptation of Large Language Models},
  author={Hu, Edward J and Shen, Yelong and Wallis, Phillip and Allen-Zhu, Zeyuan and Li, Yuanzhi and Wang, Shean and Wang, Lu and Chen, Weizhu},
  booktitle={International Conference on Learning Representations},
  year={2022}
}

@article{lee2019would,
  title={What would elsa do? freezing layers during transformer fine-tuning},
  author={Lee, Jaejun and Tang, Raphael and Lin, Jimmy},
  journal={arXiv preprint arXiv:1911.03090},
  year={2019}
}

@article{lugo2024sustainable,
  title={Sustainable self-supervised learning for speech representations},
  author={Lugo, Luis and Vielzeuf, Valentin},
  journal={arXiv preprint arXiv:2406.07696},
  year={2024}
}

@inproceedings{micikevicius2017mixed,
  title={Mixed Precision Training},
  author={Micikevicius, Paulius and Narang, Sharan and Alben, Jonah and Diamos, Gregory and Elsen, Erich and Garcia, David and Ginsburg, Boris and Houston, Michael and Kuchaiev, Oleksii and Venkatesh, Ganesh and others},
  booktitle={International Conference on Learning Representations},
  year={2018}
}

@inproceedings{pasad2021layer,
  title={Layer-wise analysis of a self-supervised speech representation model},
  author={Pasad, Ankita and Chou, Ju-Chieh and Livescu, Karen},
  booktitle={IEEE Automatic Speech Recognition and Understanding Workshop (ASRU)},
  pages={914--921},
  year={2021}
}

@article{pepino2021emotion,
  title={Emotion Recognition from Speech Using Wav2vec 2.0 Embeddings},
  author={Pepino, Leonardo and Riera, Pablo and Ferrer, Luciana},
  journal={Interspeech},
  year={2021},
}

@article{russell1979affective,
  title={Affective space is bipolar.},
  author={Russell, James A},
  journal={Journal of personality and social psychology},
  volume={37},
  number={3},
  pages={345},
  year={1979},
  publisher={American Psychological Association}
}

@article{sohoni2019low,
  title={Low-memory neural network training: A technical report},
  author={Sohoni, Nimit S and Aberger, Christopher R and Leszczynski, Megan and Zhang, Jian and R{\'e}, Christopher},
  journal={arXiv preprint arXiv:1904.10631},
  year={2019}
}

@article{tenney2019bert,
  title={BERT rediscovers the classical NLP pipeline},
  author={Tenney, Ian and Das, Dipanjan and Pavlick, Ellie},
  journal={arXiv preprint arXiv:1905.05950},
  year={2019}
}

@inproceedings{vaessen2022fine,
  title={Fine-tuning wav2vec2 for speaker recognition},
  author={Vaessen, Nik and Van Leeuwen, David A},
  booktitle={IEEE International Conference on Acoustics, Speech and Signal Processing (ICASSP)},
  pages={7967--7971},
  year={2022}
}

@article{wagner2023dawn,
  title={Dawn of the transformer era in speech emotion recognition: closing the valence gap},
  author={Wagner, Johannes and Triantafyllopoulos, Andreas and Wierstorf, Hagen and Schmitt, Maximilian and Burkhardt, Felix and Eyben, Florian and Schuller, Bj{\"o}rn W},
  journal={IEEE Transactions on Pattern Analysis and Machine Intelligence},
  volume={45},
  number={9},
  pages={10745--10759},
  year={2023},
  publisher={IEEE}
}

@article{wang2021fine,
  title={A Fine-tuned Wav2vec 2.0/Hubert Benchmark for Speech Emotion Recognition, Speaker Verification and Spoken Language Understanding},
  author={Wang, Yingzhi and Boumadane, Abdelmoumene and Heba, Abdelwahab},
  journal={arXiv preprint arXiv:2111.02735},
  year={2021}
}

@inproceedings{wu2022performance,
  title={Performance-efficiency trade-offs in unsupervised pre-training for speech recognition},
  author={Wu, Felix and Kim, Kwangyoun and Pan, Jing and Han, Kyu J and Weinberger, Kilian Q and Artzi, Yoav},
  booktitle={International Conference on Acoustics, Speech and Signal Processing (ICASSP)},
  pages={7667--7671},
  year={2022}
}

@article{yi2020applying,
  title={Applying wav2vec2. 0 to speech recognition in various low-resource languages},
  author={Yi, Cheng and Wang, Jianzhong and Cheng, Ning and Zhou, Shiyu and Xu, Bo},
  journal={arXiv preprint arXiv:2012.12121},
  year={2020}
}

