@article{Chen2020UnblindYA,
  title={Unblind Your Apps: Predicting Natural-Language Labels for Mobile GUI Components by Deep Learning},
  author={Jieshan Chen and Chunyang Chen and Zhenchang Xing and Xiwei Xu and Liming Zhu and Guoqiang Li and Jinshui Wang},
  journal={2020 IEEE/ACM 42nd International Conference on Software Engineering (ICSE)},
  year={2020},
  pages={322-334}
}


@article{Li2020AutoCO,
  title={Auto Completion of User Interface Layout Design Using Transformer-Based Tree Decoders},
  author={Yang Li and J. Amelot and X. Zhou and S. Bengio and Si Si},
  journal={ArXiv},
  year={2020},
  volume={abs/2001.05308}
}


@article{MayordomoMartnez2019SustainableAA,
  title={Sustainable Accessibility: A Mobile App for Helping People with Disabilities to Search Accessible Shops},
  author={Diego Mayordomo-Mart{\'i}nez and J. M. Carrillo-de-Gea and G. Garc{\'i}a-Mateos and Jos{\'e} A. Garc{\'i}a-Bern{\'a} and J. Fern{\'a}ndez-Alem{\'a}n and Sa{\'u}l Rosero-L{\'o}pez and Salvador Parada-Sarabia and M. Garc{\'i}a-Hern{\'a}ndez},
  journal={International Journal of Environmental Research and Public Health},
  year={2019},
  volume={16}
}


@Misc{MobileAccessibilityChecker,
	howpublished = {[EB/OL]},
	note = {\url{https://www.ibm.com/blogs/age-and-ability/2016/10/12/ibm-strengthens-mobile-app-accessibility-and-usability/}},
	title = {IBM Strengthens Mobile App Accessibility and Usability},
	author = {Shunguo Yan},
	year = {2016}
}

@article{Hao2014PUMAPU,
  title={PUMA: programmable UI-automation for large-scale dynamic analysis of mobile apps},
  author={Shuai Hao and B. Liu and Suman Nath and William G. J. Halfond and R. Govindan},
  journal={Proceedings of the 12th annual international conference on Mobile systems, applications, and services},
  year={2014}
}


@article{Eler2018AutomatedAT,
  title={Automated Accessibility Testing of Mobile Apps},
  author={M. Eler and J. Rojas and Yan Ge and G. Fraser},
  journal={2018 IEEE 11th International Conference on Software Testing, Verification and Validation (ICST)},
  year={2018},
  pages={116-126}
}


@article{Long2020ADA,
  title={A data-driven approach for recommending UI element layout},
  author={Yonghao Long and Xiangping Chen and Yuting Xie},
  journal={Science China Information Sciences},
  year={2020},
  volume={63}
}


@article{Xiao2019IconIntentAI,
  title={IconIntent: Automatic Identification of Sensitive UI Widgets Based on Icon Classification for Android Apps},
  author={Xusheng Xiao and Xiaoyin Wang and Zhihao Cao and Hanlin Wang and Peng Gao},
  journal={2019 IEEE/ACM 41st International Conference on Software Engineering (ICSE)},
  year={2019},
  pages={257-268}
}


@article{Tomlinson2016TalkinAT,
  title={Talkin' about the weather: incorporating TalkBack functionality and sonifications for accessible app design},
  author={Brianna J. Tomlinson and Jonathan H. Schuett and Woodbury Shortridge and Jehoshaph Chandran and B. Walker},
  journal={Proceedings of the 18th International Conference on Human-Computer Interaction with Mobile Devices and Services},
  year={2016}
}


@Misc{GooglePlay,
	note = {\url{https://www.statista.com/statistics/266210/number-of-available-applications-in-the-google-play-store/}},
	title = {Google Play Store},
	year = {2022}
}


@Misc{AppleStore,
	note = {\url{https://www.statista.com/statistics/779768/number-of-available-apps-in-the-apple-app-store-quarter/}},
	title = {Apple Store},
	year = {2022}
}


@Misc{WorldHealthO,
	note={\url{https://www.who.int/news-room/fact-sheets/detail/blindness-and-visual-impairment}},
	title={Blindness and vision impairment},
	year={2021}
}

@Misc{AccessibilityScanner,
	note={\url{https://play.google.com/store/apps/details?id=com.google.android.apps.accessibility.auditor\&hl=en}},
	title={Accessibility Scanner},
	year={2016}
}

@Misc{WCAG,
	note = {\url{https://www.w3.org/WAI/standards-guidelines/wcag}},
	title = {Web Content Accessibility Guidelines},
	year = {2012}
}

@Misc{GUI,
	note = {\url{https://developer.android.com/develop/ui}},
	title = {Graphical User Interface},
	year = {2016}
}


@Misc{UIautomator,
	note = {\url{https://developer.android.google.cn/training/ui-automator}},
	title = {UIAutomator},
	year = {2020}
}

@article{Moran2020MachineLP,
  title={Machine Learning-Based Prototyping of Graphical User Interfaces for Mobile Apps},
  author={Kevin Moran and Carlos Bernal-C{\'a}rdenas and Michael Curcio and R. Bonett and D. Poshyvanyk},
  journal={IEEE Transactions on Software Engineering},
  year={2020},
  volume={46},
  pages={196-221}
}


@misc{UseApp,
	note = {\url{https://wj.capa.ac/fillin?id=1gd7ql0}},
	title = {How to use App for low-vision users},
	year = {2021}
}


@misc{AirTestIDE,
	note = {\url{https://airtest.netease.com/}},
	title = {Airtest IDE},
	year = {2019}
}


@inproceedings{Schlichtkrull2017ModelingRD,
  title={Modeling Relational Data with Graph Convolutional Networks},
  author={M. Schlichtkrull and Thomas Kipf and Peter Bloem and Rianne van den Berg and Ivan Titov and Max Welling},
  booktitle={Extended Semantic Web Conference},
  year={2017}
}


@inproceedings{Schlichtkrull2018ExplorerMR,
  title={Explorer Modeling Relational Data with Graph Convolutional Networks},
  author={M. Schlichtkrull and Thomas Kipf and Peter Bloem and Rianne van den Berg and Ivan Titov and Max Welling},
  booktitle={Extended Semantic Web Conference},
  year={2018}
}


@article{Gangemi2017ModelingRD,
  title={Modeling Relational Data with Graph Convolutional Networks},
  author={Aldo Gangemi and R. Navigli and M. Vidal and P. Hitzler and Raphael Troncy and L. Hollink and A. Tordai},
  year={2017}
}


@article{AbuElHaija2019NGCNMG,
  title={N-GCN: Multi-scale Graph Convolution for Semi-supervised Node Classification},
  author={Sami Abu-El-Haija and Amol Kapoor and Bryan Perozzi and Joonseok Lee},
  booktitle={UAI},
  year={2019}
}


@article{Lei2019GCNGANAN,
  title={GCN-GAN: A Non-linear Temporal Link Prediction Model for Weighted Dynamic Networks},
  author={Kai Lei and Meng Qin and B. Bai and Gong Zhang and Min Yang},
  journal={IEEE INFOCOM 2019 - IEEE Conference on Computer Communications},
  year={2019},
  pages={388-396}
}


@misc{AppCrawler,
	note = {\url{https://developer.android.com/training/testing/crawler}},
	title = {AppCrawler},
	year = {2016}
}


@article{Vaibhav2018NonlinearFT,
  title={Nonlinear Fourier transform of time-limited and one-sided signals},
  author={V. Vaibhav},
  journal={Journal of Physics A},
  year={2018},
  volume={51},
  pages={425201}
}


@article{Kipf2017SemiSupervisedCW,
  title={Semi-Supervised Classification with Graph Convolutional Networks},
  author={Thomas Kipf and M. Welling},
  journal={IEEE/ACM 2016 International Conference on Learning Representations (ICLR)},
  year={2016},
  volume={abs/1609.02907}
}


@article{Wang2020ResGCNAMT,
  title={ResGCN:A method to train deep graph convolutional network},
  author={Mingkai Wang and Yiwei Ma and Ming Li},
	journal = {IEEE AAAI 2020 IEEE Conference on Artificial Intelligence},
  year={2020}
}


@article{Alshayban2020AccessibilityII,
  title={Accessibility Issues in Android Apps: State of Affairs, Sentiments, and Ways Forward},
  author={Abdulaziz Alshayban and Iftekhar Ahmed and S. Malek},
  journal={2020 IEEE/ACM 42nd International Conference on Software Engineering (ICSE)},
  year={2020},
  pages={1323-1334}
}


@article{Xu2020PrevalenceAC,
  title={Prevalence and causes of vision loss in China from 1990 to 2019: findings from the Global Burden of Disease Study 2019.},
  author={Tingling Xu and Bing-song Wang and Hua Liu and Haidong Wang and Peng Yin and Wen-lan Dong and Jianhong Li and Ya Xing Wang and Mayinuer Yusufu and Paul Svitil Briant and Nickolas Reinig and Charlie Ashbaugh and Jaimie D. Adelson and Theo Vos and Rupert R A Bourne and Ningli Wang and Maigeng Zhou},
  journal={The Lancet. Public health},
  year={2020},
  volume={5 12},
  pages={
          e682-e691
        }
}


@article{Chen2021AccessibleON,
  title={Accessible or Not An Empirical Investigation of Android App Accessibility},
  author={Sen Chen and Chunyang Chen and Lingling Fan and Mingming Fan and Xian Zhan and Yang Liu},
  journal={IEEE Transactions on Software Engineering},
  year={2021}
}


@article{Alotaibi2021AutomatedRO,
  title={Automated Repair of Size-Based Inaccessibility Issues in Mobile Applications},
  author={Ali S. Alotaibi and Paul T. Chiou and William G. J. Halfond},
  journal={2021 36th IEEE/ACM International Conference on Automated Software Engineering (ASE)},
  year={2021},
  pages={730-742}
}


@misc{Googleaccessibility,
	note = {\url{https://www.google.com/accessibility/}},
	title = {Google Accessibility Guidelines},
	year = {2017}
}


@misc{Appleaccessibility,
	note = {\href{https://developer.apple.com/design/human-interface-guidelines/accessibility/overview/introduction/}},
	title = {Apple Accessibility Guidelines},
	year = {2015}
}


@article{Vendome2019CanEU,
  title={Can Everyone use my app? An Empirical Study on Accessibility in Android Apps},
  author={Christopher Vendome and Diana Solano and Santiago Linan and Mario Linares-V{\'a}squez},
  journal={2019 IEEE International Conference on Software Maintenance and Evolution (ICSME)},
  year={2019},
  pages={41-52}
}


@article{Mehralian2021DatadrivenAR,
  title={Data-driven accessibility repair revisited: on the effectiveness of generating labels for icons in Android apps},
  author={Forough Mehralian and Navid Salehnamadi and Sam Malek},
  journal={Proceedings of the 29th ACM Joint Meeting on European Software Engineering Conference and Symposium on the Foundations of Software Engineering},
  year={2021}
}


@inproceedings{Jaderberg2015SpatialTN,
  title={Spatial Transformer Networks},
  author={Max Jaderberg and Karen Simonyan and Andrew Zisserman and Koray Kavukcuoglu},
  booktitle={Conference and Workshop on Neural Information Processing Systems (NIPS)},
  year={2015}
}


@misc{AccessibilityTest,
	note = {\url{https://github.com/google/Accessibility-Test-Framework-for-Android}},
	title = {Accessibility Test Framework},
	year = {2017}
}


@article{Enouen2022EfficientMO,
  title={Efficient Multiple Objective Optimization for Fair Misinformation Detection},
  author={Eric Enouen and Katja Mathesius and Sean Wang and Arielle Carr and Sihong Xie},
  journal={2022 IEEE International Conference on Big Data (Big Data)},
  year={2022},
  pages={16-25}
}


@Misc{Designprinciples,
	note = {\url{https://www.codementor.io/design/tutorial/mobile-app-ui-design-principles}},
	title = {Principles of user interface design},
	year = {2022}
}


@article{Rodrigues2020OpenCO,
  title={Open Challenges of Blind People Using Smartphones},
  author={Andr{\'e} Rodrigues and Hugo Nicolau and Kyle Montague and Jo{\~a}o Pedro Vieira Guerreiro and Tiago Guerreiro},
  journal={International Journal of Human–Computer Interaction},
  year={2020},
  volume={36},
  pages={1605 - 1622}
}


@Misc{Polynomialregression,
	note = {\url{https://scikit-learn.org/stable/auto_examples/linear_model/plot_polynomial_interpolation.html}},
	title = {Polynomial regression},
	year = {2022}
}


@misc{Talkback,
	note = {\url{https://en.wikipedia.org/wiki/Google_TalkBack}},
	title = {Google TalkBack},
	year = {2017}
}


@misc{VoiceOver,
	note = {\url{https://en.wikipedia.org/wiki/Voice-over}},
	title = {Apple Voice Over},
	year = {2015}
}


@misc{NationalEye,
	note = {\url{https://www.nei.nih.gov/learn-about-eye-health/eye-conditions-and-diseases/low-vision}},
	title = {Low Vision reported by National Eye Institute},
	year = {2022}
}


@misc{F-Droid,
	note = {\url{https://f-droid.org/}},
	title = {Free Open-Source App Repository},
	year = {2022}
}


@misc{NationalEyeInstitute,
	note = {\url{https://www.nei.nih.gov/}},
	title = {National Eye Institute},
	year = {2022}
}


@misc{BlindCommunity,
	note = {\url{https://www.reddit.com/r/Blind/}},
	title = {Blind and Visually Impaired Community},
	year = {2022}
}


@article{Yang2015EmbeddingEA,
  title={Embedding Entities and Relations for Learning and Inference in Knowledge Bases},
  author={Bishan Yang and Wen-tau Yih and Xiaodong He and Jianfeng Gao and Li Deng},
  journal={CoRR},
  year={2015},
  volume={abs/1412.6575}
}


@article{Pan2022GUIGuidedTS,
  title={GUI-Guided Test Script Repair for Mobile Apps},
  author={Minxue Pan and Tongtong Xu and Yu Pei and Zhong Li and Tian Zhang and Xuandong Li},
  journal={IEEE Transactions on Software Engineering},
  year={2022},
  volume={48},
  pages={910-929}
}


@article{Xu2021GUIDERGS,
  title={GUIDER: GUI structure and vision co-guided test script repair for Android apps},
  author={Tongtong Xu and Minxue Pan and Yu Pei and Guiyin Li and Xia Zeng and Tian Zhang and Yuetang Deng and Xuandong Li},
  journal={Proceedings of the 30th ACM SIGSOFT International Symposium on Software Testing and Analysis},
  year={2021}
}


@misc{GitHub,
	note = {\url{https://github.com/}},
	title = {GitHub Index Page},
	year = {2008}
}


@misc{GitLab,
	note = {\url{https://gitlib.com/}},
	title = {GitLib Index Page},
	year = {2012}
}


@misc{Androguard,
	note = {\url{https://androguard.readthedocs.io/en/latest/}},
	title = {Androguard},
	year = {2022}
}


@article{Liu2020OwlES,
  title={Owl Eyes: Spotting UI Display Issues via Visual Understanding},
  author={Zhe Liu and Chunyang Chen and Junjie Wang and Yuekai Huang and Jun Hu and Qing Wang},
  journal={2020 35th IEEE/ACM International Conference on Automated Software Engineering (ASE)},
  year={2020},
  pages={398-409}
}


@misc{AccessibilityScannerAndroid,
	note = {\url{https://support.google.com/accessibility/android/answer/6376570?hl=en}},
	title = {Get started with Accessibility Scanner},
	year = {2022}
}


@article{He2015DeepRL,
  title={Deep Residual Learning for Image Recognition},
  author={Kaiming He and X. Zhang},
  journal={2016 IEEE Conference on Computer Vision and Pattern Recognition (CVPR)},
  year={2015},
  pages={770-778}
}


@article{He2015DelvingDI,
  title={Delving Deep into Rectifiers: Surpassing Human-Level Performance on ImageNet Classification},
  author={Kaiming He and X. Zhang and Shaoqing Ren and Jian Sun},
  journal={2015 IEEE International Conference on Computer Vision (ICCV)},
  year={2015},
  pages={1026-1034}
}


@article{Bajammal2021SemanticWA,
  title={Semantic Web Accessibility Testing via Hierarchical Visual Analysis},
  author={Mohammad Bajammal and Ali Mesbah},
  journal={2021 IEEE/ACM 43rd International Conference on Software Engineering (ICSE)},
  year={2021},
  pages={1610-1621}
}


@article{Xie2022PsychologicallyinspiredUI,
  title={Psychologically-inspired, unsupervised inference of perceptual groups of GUI widgets from GUI images},
  author={Mulong Xie and Zhenchang Xing and Sidong Feng and Chunyang Chen and Liming Zhu and Xiwei Xu},
  journal={Proceedings of the 30th ACM Joint European Software Engineering Conference and Symposium on the Foundations of Software Engineering},
  year={2022}
}


@article{LeCun1998GradientbasedLA,
  title={Gradient-based learning applied to document recognition},
  author={Yann LeCun and L{\'e}on Bottou and Yoshua Bengio and Patrick Haffner},
  journal={Proc. IEEE},
  year={1998},
  volume={86},
  pages={2278-2324}
}


@article{Liu2021SelfishSR,
  title={Selfish Sparse RNN Training},
  author={Shiwei Liu and Decebal Constantin Mocanu and Yulong Pei and Mykola Pechenizkiy},
  journal={IEEE/ACM International Conference on Machine Learning},
  year={2021},
}


@article{Velickovic2017GraphAN,
  title={Graph Attention Networks},
  author={Petar Velickovic and Guillem Cucurull and Arantxa Casanova and Adriana Romero and Pietro Lio’ and Yoshua Bengio},
  journal={IEEE/ACM International Conference on Learning Representations},
  year={2017},
}


@inproceedings{Kollias2022DirectedGA,
  title={Directed Graph Auto-Encoders},
  author={G. Kollias and Vasileios Kalantzis and Tsuyoshi Id'e and Aur{\'e}lie C. Lozano and Naoki Abe},
  booktitle={AAAI Conference on Artificial Intelligence},
  year={2022}
}


@article{Vashishth2019CompositionbasedMG,
  title={Composition-based Multi-Relational Graph Convolutional Networks},
  author={Shikhar Vashishth and Soumya Sanyal and Vikram Nitin and Partha Pratim Talukdar},
  journal={IEEE/ACM International Conference on Learning Representations},
  year={2019},
}


@article{Moran2018MachineLP,
  title={Machine Learning-Based Prototyping of Graphical User Interfaces for Mobile Apps},
  author={Kevin Moran and Carlos Bernal-C{\'a}rdenas and Michael Curcio and Richard Bonett and Denys Poshyvanyk},
  journal={IEEE Transactions on Software Engineering},
  year={2018},
  volume={46},
  pages={196-221}
}


@book{bracewell1986fourier,
  title={The Fourier transform and its applications},
  author={Bracewell, Ronald Newbold and Bracewell, Ronald N},
  volume={31999},
  year={1986},
  publisher={McGraw-Hill New York}
}


@article{Guo2017KnowledgeGE,
  title={Knowledge Graph Embedding with Iterative Guidance from Soft Rules},
  author={Shu Guo and Quan Wang and Lihong Wang and Bin Wang and Li Guo},
  journal={AAAI Conference on Artificial Intelligence},
  year={2017},
}


@article{Wang2017KnowledgeGE,
  title={Knowledge Graph Embedding: A Survey of Approaches and Applications},
  author={Quan Wang and Zhendong Mao and Bin Wang and Li Guo},
  journal={IEEE Transactions on Knowledge and Data Engineering},
  year={2017},
  volume={29},
  pages={2724-2743}
}


@article{Zhang2016BeyondAG,
  title={Beyond a Gaussian Denoiser: Residual Learning of Deep CNN for Image Denoising},
  author={K. Zhang and Wangmeng Zuo and Yunjin Chen and Deyu Meng and Lei Zhang},
  journal={IEEE Transactions on Image Processing},
  year={2016},
  volume={26},
  pages={3142-3155}
}


@article{Cruz2018NonlocalityReinforcedCN,
  title={Nonlocality-Reinforced Convolutional Neural Networks for Image Denoising},
  author={Crist{\'o}v{\~a}o Cruz and Alessandro Foi and Vladimir Katkovnik and Karen O. Egiazarian},
  journal={IEEE Signal Processing Letters},
  year={2018},
  volume={25},
  pages={1216-1220}
}


@article{Zhang2017InteractionPF,
  title={Interaction Proxies for Runtime Repair and Enhancement of Mobile Application Accessibility},
  author={Xiaoyi Zhang and Anne Spencer Ross and Anat Caspi and James Fogarty and Jacob O. Wobbrock},
  journal={Proceedings of the 2017 CHI Conference on Human Factors in Computing Systems (CHI)},
  year={2017}
}