@Misc{AccessibilityScanner,
	note={\url{https://play.google.com/store/apps/details?id=com.google.android.apps.accessibility.auditor\&hl=en}},
	title={Accessibility Scanner},
	year={2016}
}

@article{Alotaibi2021AutomatedRO,
  title={Automated Repair of Size-Based Inaccessibility Issues in Mobile Applications},
  author={Ali S. Alotaibi and Paul T. Chiou and William G. J. Halfond},
  journal={2021 36th IEEE/ACM International Conference on Automated Software Engineering (ASE)},
  year={2021},
  pages={730-742}
}

@article{Alshayban2020AccessibilityII,
  title={Accessibility Issues in Android Apps: State of Affairs, Sentiments, and Ways Forward},
  author={Abdulaziz Alshayban and Iftekhar Ahmed and S. Malek},
  journal={2020 IEEE/ACM 42nd International Conference on Software Engineering (ICSE)},
  year={2020},
  pages={1323-1334}
}

@article{Chen2020UnblindYA,
  title={Unblind Your Apps: Predicting Natural-Language Labels for Mobile GUI Components by Deep Learning},
  author={Jieshan Chen and Chunyang Chen and Zhenchang Xing and Xiwei Xu and Liming Zhu and Guoqiang Li and Jinshui Wang},
  journal={2020 IEEE/ACM 42nd International Conference on Software Engineering (ICSE)},
  year={2020},
  pages={322-334}
}

@article{Chen2021AccessibleON,
  title={Accessible or Not An Empirical Investigation of Android App Accessibility},
  author={Sen Chen and Chunyang Chen and Lingling Fan and Mingming Fan and Xian Zhan and Yang Liu},
  journal={IEEE Transactions on Software Engineering},
  year={2021}
}

@article{Eler2018AutomatedAT,
  title={Automated Accessibility Testing of Mobile Apps},
  author={M. Eler and J. Rojas and Yan Ge and G. Fraser},
  journal={2018 IEEE 11th International Conference on Software Testing, Verification and Validation (ICST)},
  year={2018},
  pages={116-126}
}

@article{Hao2014PUMAPU,
  title={PUMA: programmable UI-automation for large-scale dynamic analysis of mobile apps},
  author={Shuai Hao and B. Liu and Suman Nath and William G. J. Halfond and R. Govindan},
  journal={Proceedings of the 12th annual international conference on Mobile systems, applications, and services},
  year={2014}
}

@article{Li2020AutoCO,
  title={Auto Completion of User Interface Layout Design Using Transformer-Based Tree Decoders},
  author={Yang Li and J. Amelot and X. Zhou and S. Bengio and Si Si},
  journal={ArXiv},
  year={2020},
  volume={abs/2001.05308}
}

@article{Mehralian2021DatadrivenAR,
  title={Data-driven accessibility repair revisited: on the effectiveness of generating labels for icons in Android apps},
  author={Forough Mehralian and Navid Salehnamadi and Sam Malek},
  journal={Proceedings of the 29th ACM Joint Meeting on European Software Engineering Conference and Symposium on the Foundations of Software Engineering},
  year={2021}
}

@Misc{MobileAccessibilityChecker,
	howpublished = {[EB/OL]},
	note = {\url{https://www.ibm.com/blogs/age-and-ability/2016/10/12/ibm-strengthens-mobile-app-accessibility-and-usability/}},
	title = {IBM Strengthens Mobile App Accessibility and Usability},
	author = {Shunguo Yan},
	year = {2016}
}

@article{Tomlinson2016TalkinAT,
  title={Talkin' about the weather: incorporating TalkBack functionality and sonifications for accessible app design},
  author={Brianna J. Tomlinson and Jonathan H. Schuett and Woodbury Shortridge and Jehoshaph Chandran and B. Walker},
  journal={Proceedings of the 18th International Conference on Human-Computer Interaction with Mobile Devices and Services},
  year={2016}
}

@Misc{WCAG,
	note = {\url{https://www.w3.org/WAI/standards-guidelines/wcag}},
	title = {Web Content Accessibility Guidelines},
	year = {2012}
}

