@inproceedings{langley00,
 author    = {P. Langley},
 title     = {Crafting Papers on Machine Learning},
 year      = {2000},
 pages     = {1207--1216},
 editor    = {Pat Langley},
 booktitle     = {Proceedings of the 17th International Conference
              on Machine Learning (ICML 2000)},
 address   = {Stanford, CA},
 publisher = {Morgan Kaufmann}
}
@misc{deepseekai2025deepseekr1incentivizingreasoningcapability,
      title={DeepSeek-R1: Incentivizing Reasoning Capability in LLMs via Reinforcement Learning}, 
      author={DeepSeek-AI and Daya Guo and Dejian Yang and Haowei Zhang and Junxiao Song and Ruoyu Zhang and Runxin Xu and Qihao Zhu and Shirong Ma and Peiyi Wang and Xiao Bi and Xiaokang Zhang and Xingkai Yu and Yu Wu and Z. F. Wu and Zhibin Gou and Zhihong Shao and Zhuoshu Li and Ziyi Gao and Aixin Liu and Bing Xue and Bingxuan Wang and Bochao Wu and Bei Feng and Chengda Lu and Chenggang Zhao and Chengqi Deng and Chenyu Zhang and Chong Ruan and Damai Dai and Deli Chen and Dongjie Ji and Erhang Li and Fangyun Lin and Fucong Dai and Fuli Luo and Guangbo Hao and Guanting Chen and Guowei Li and H. Zhang and Han Bao and Hanwei Xu and Haocheng Wang and Honghui Ding and Huajian Xin and Huazuo Gao and Hui Qu and Hui Li and Jianzhong Guo and Jiashi Li and Jiawei Wang and Jingchang Chen and Jingyang Yuan and Junjie Qiu and Junlong Li and J. L. Cai and Jiaqi Ni and Jian Liang and Jin Chen and Kai Dong and Kai Hu and Kaige Gao and Kang Guan and Kexin Huang and Kuai Yu and Lean Wang and Lecong Zhang and Liang Zhao and Litong Wang and Liyue Zhang and Lei Xu and Leyi Xia and Mingchuan Zhang and Minghua Zhang and Minghui Tang and Meng Li and Miaojun Wang and Mingming Li and Ning Tian and Panpan Huang and Peng Zhang and Qiancheng Wang and Qinyu Chen and Qiushi Du and Ruiqi Ge and Ruisong Zhang and Ruizhe Pan and Runji Wang and R. J. Chen and R. L. Jin and Ruyi Chen and Shanghao Lu and Shangyan Zhou and Shanhuang Chen and Shengfeng Ye and Shiyu Wang and Shuiping Yu and Shunfeng Zhou and Shuting Pan and S. S. Li and Shuang Zhou and Shaoqing Wu and Shengfeng Ye and Tao Yun and Tian Pei and Tianyu Sun and T. Wang and Wangding Zeng and Wanjia Zhao and Wen Liu and Wenfeng Liang and Wenjun Gao and Wenqin Yu and Wentao Zhang and W. L. Xiao and Wei An and Xiaodong Liu and Xiaohan Wang and Xiaokang Chen and Xiaotao Nie and Xin Cheng and Xin Liu and Xin Xie and Xingchao Liu and Xinyu Yang and Xinyuan Li and Xuecheng Su and Xuheng Lin and X. Q. Li and Xiangyue Jin and Xiaojin Shen and Xiaosha Chen and Xiaowen Sun and Xiaoxiang Wang and Xinnan Song and Xinyi Zhou and Xianzu Wang and Xinxia Shan and Y. K. Li and Y. Q. Wang and Y. X. Wei and Yang Zhang and Yanhong Xu and Yao Li and Yao Zhao and Yaofeng Sun and Yaohui Wang and Yi Yu and Yichao Zhang and Yifan Shi and Yiliang Xiong and Ying He and Yishi Piao and Yisong Wang and Yixuan Tan and Yiyang Ma and Yiyuan Liu and Yongqiang Guo and Yuan Ou and Yuduan Wang and Yue Gong and Yuheng Zou and Yujia He and Yunfan Xiong and Yuxiang Luo and Yuxiang You and Yuxuan Liu and Yuyang Zhou and Y. X. Zhu and Yanhong Xu and Yanping Huang and Yaohui Li and Yi Zheng and Yuchen Zhu and Yunxian Ma and Ying Tang and Yukun Zha and Yuting Yan and Z. Z. Ren and Zehui Ren and Zhangli Sha and Zhe Fu and Zhean Xu and Zhenda Xie and Zhengyan Zhang and Zhewen Hao and Zhicheng Ma and Zhigang Yan and Zhiyu Wu and Zihui Gu and Zijia Zhu and Zijun Liu and Zilin Li and Ziwei Xie and Ziyang Song and Zizheng Pan and Zhen Huang and Zhipeng Xu and Zhongyu Zhang and Zhen Zhang},
      year={2025},
      eprint={2501.12948},
      archivePrefix={arXiv},
      primaryClass={cs.CL},
      url={https://arxiv.org/abs/2501.12948}, 
}

@TechReport{mitchell80,
  author = 	 "T. M. Mitchell",
  title = 	 "The Need for Biases in Learning Generalizations",
  institution =  "Computer Science Department, Rutgers University",
  year = 	 "1980",
  address =	 "New Brunswick, MA",
}

@phdthesis{kearns89,
  author = {M. J. Kearns},
  title =  {Computational Complexity of Machine Learning},
  school = {Department of Computer Science, Harvard University},
  year =   {1989}
}

@Book{MachineLearningI,
  editor = 	 "R. S. Michalski and J. G. Carbonell and T.
		  M. Mitchell",
  title = 	 "Machine Learning: An Artificial Intelligence
		  Approach, Vol. I",
  publisher = 	 "Tioga",
  year = 	 "1983",
  address =	 "Palo Alto, CA"
}

@Book{DudaHart2nd,
  author =       "R. O. Duda and P. E. Hart and D. G. Stork",
  title =        "Pattern Classification",
  publisher =    "John Wiley and Sons",
  edition =      "2nd",
  year =         "2000"
}

@misc{anonymous,
  title= {Suppressed for Anonymity},
  author= {Author, N. N.},
  year= {2021}
}

@InCollection{Newell81,
  author =       "A. Newell and P. S. Rosenbloom",
  title =        "Mechanisms of Skill Acquisition and the Law of
                  Practice", 
  booktitle =    "Cognitive Skills and Their Acquisition",
  pages =        "1--51",
  publisher =    "Lawrence Erlbaum Associates, Inc.",
  year =         "1981",
  editor =       "J. R. Anderson",
  chapter =      "1",
  address =      "Hillsdale, NJ"
}


@Article{Samuel59,
  author = 	 "A. L. Samuel",
  title = 	 "Some Studies in Machine Learning Using the Game of
		  Checkers",
  journal =	 "IBM Journal of Research and Development",
  year =	 "1959",
  volume =	 "3",
  number =	 "3",
  pages =	 "211--229"
}
@incollection{Bengio+chapter2007,
author = {Bengio, Yoshua and LeCun, Yann},
booktitle = {Large Scale Kernel Machines},
publisher = {MIT Press},
title = {Scaling Learning Algorithms Towards {AI}},
year = {2007}
}

@article{Hinton06,
author = {Hinton, Geoffrey E. and Osindero, Simon and Teh, Yee Whye},
journal = {Neural Computation},
pages = {1527--1554},
title = {A Fast Learning Algorithm for Deep Belief Nets},
volume = {18},
year = {2006}
}
@article{madaan2024self,
  title={Self-refine: Iterative refinement with self-feedback},
  author={Madaan, Aman and Tandon, Niket and Gupta, Prakhar and Hallinan, Skyler and Gao, Luyu and Wiegreffe, Sarah and Alon, Uri and Dziri, Nouha and Prabhumoye, Shrimai and Yang, Yiming and others},
  journal={Advances in Neural Information Processing Systems},
  volume={36},
  year={2024}
}
@article{shinn2024reflexion,
  title={Reflexion: Language agents with verbal reinforcement learning},
  author={Shinn, Noah and Cassano, Federico and Gopinath, Ashwin and Narasimhan, Karthik and Yao, Shunyu},
  journal={Advances in Neural Information Processing Systems},
  volume={36},
  year={2024}
}
@article{kim2024language,
  title={Language models can solve computer tasks},
  author={Kim, Geunwoo and Baldi, Pierre and McAleer, Stephen},
  journal={Advances in Neural Information Processing Systems},
  volume={36},
  year={2024}
}

@inproceedings{li-etal-2024-selective,
    title = "Selective Reflection-Tuning: Student-Selected Data Recycling for {LLM} Instruction-Tuning",
    author = "Li, Ming  and
      Chen, Lichang  and
      Chen, Jiuhai  and
      He, Shwai  and
      Gu, Jiuxiang  and
      Zhou, Tianyi",
    editor = "Ku, Lun-Wei  and
      Martins, Andre  and
      Srikumar, Vivek",
    booktitle = "Findings of the Association for Computational Linguistics ACL 2024",
    month = aug,
    year = "2024",
    address = "Bangkok, Thailand and virtual meeting",
    publisher = "Association for Computational Linguistics",
    url = "https://aclanthology.org/2024.findings-acl.958",
    pages = "16189--16211",
}


@article{welleck2022generating,
  title={Generating sequences by learning to self-correct},
  author={Welleck, Sean and Lu, Ximing and West, Peter and Brahman, Faeze and Shen, Tianxiao and Khashabi, Daniel and Choi, Yejin},
  journal={arXiv preprint arXiv:2211.00053},
  year={2022}
}
@article{wang2022self,
  title={Self-consistency improves chain of thought reasoning in language models},
  author={Wang, Xuezhi and Wei, Jason and Schuurmans, Dale and Le, Quoc and Chi, Ed and Narang, Sharan and Chowdhery, Aakanksha and Zhou, Denny},
  journal={arXiv preprint arXiv:2203.11171},
  year={2022}
}

@article{qu2024recursive,
  title={Recursive introspection: Teaching language model agents how to self-improve},
  author={Qu, Yuxiao and Zhang, Tianjun and Garg, Naman and Kumar, Aviral},
  journal={arXiv preprint arXiv:2407.18219},
  year={2024}
}
@article{liu2024rrm,
  title={Rrm: Robust reward model training mitigates reward hacking},
  author={Liu, Tianqi and Xiong, Wei and Ren, Jie and Chen, Lichang and Wu, Junru and Joshi, Rishabh and Gao, Yang and Shen, Jiaming and Qin, Zhen and Yu, Tianhe and others},
  journal={arXiv preprint arXiv:2409.13156},
  year={2024}
}
@article{kumar2024training,
  title={Training language models to self-correct via reinforcement learning},
  author={Kumar, Aviral and Zhuang, Vincent and Agarwal, Rishabh and Su, Yi and Co-Reyes, John D and Singh, Avi and Baumli, Kate and Iqbal, Shariq and Bishop, Colton and Roelofs, Rebecca and others},
  journal={arXiv preprint arXiv:2409.12917},
  year={2024}
}
@inproceedings{wang2024math,
  title={Math-shepherd: Verify and reinforce llms step-by-step without human annotations},
  author={Wang, Peiyi and Li, Lei and Shao, Zhihong and Xu, Runxin and Dai, Damai and Li, Yifei and Chen, Deli and Wu, Yu and Sui, Zhifang},
  booktitle={Proceedings of the 62nd Annual Meeting of the Association for Computational Linguistics (Volume 1: Long Papers)},
  pages={9426--9439},
  year={2024}
}
@article{huang2023large,
  title={Large language models cannot self-correct reasoning yet},
  author={Huang, Jie and Chen, Xinyun and Mishra, Swaroop and Zheng, Huaixiu Steven and Yu, Adams Wei and Song, Xinying and Zhou, Denny},
  journal={arXiv preprint arXiv:2310.01798},
  year={2023}
}
@article{zhou2023beyond,
  title={Beyond one-preference-for-all: Multi-objective direct preference optimization},
  author={Zhou, Zhanhui and Liu, Jie and Yang, Chao and Shao, Jing and Liu, Yu and Yue, Xiangyu and Ouyang, Wanli and Qiao, Yu},
  journal={arXiv preprint arXiv:2310.03708},
  year={2023}
}
@book{goodfellow2016deep,
title={Deep learning},
author={Goodfellow, Ian and Bengio, Yoshua and Courville, Aaron and Bengio, Yoshua},
volume={1},
year={2016},
publisher={MIT Press}
}
@article{park2024disentangling,
  title={Disentangling length from quality in direct preference optimization},
  author={Park, Ryan and Rafailov, Rafael and Ermon, Stefano and Finn, Chelsea},
  journal={arXiv preprint arXiv:2403.19159},
  year={2024}
}
@article{liu2024iterative,
  title={Iterative Length-Regularized Direct Preference Optimization: A Case Study on Improving 7B Language Models to GPT-4 Level},
  author={Liu, Jie and Zhou, Zhanhui and Liu, Jiaheng and Bu, Xingyuan and Yang, Chao and Zhong, Han-Sen and Ouyang, Wanli},
  journal={arXiv preprint arXiv:2406.11817},
  year={2024}
}


@article{havrilla2024teaching,
  title={Teaching large language models to reason with reinforcement learning},
  author={Havrilla, Alex and Du, Yuqing and Raparthy, Sharath Chandra and Nalmpantis, Christoforos and Dwivedi-Yu, Jane and Zhuravinskyi, Maksym and Hambro, Eric and Sukhbaatar, Sainbayar and Raileanu, Roberta},
  journal={arXiv preprint arXiv:2403.04642},
  year={2024}
}
@misc{alpaca_eval,
  author = {Xuechen Li and Tianyi Zhang and Yann Dubois and Rohan Taori and Ishaan Gulrajani and Carlos Guestrin and Percy Liang and Tatsunori B. Hashimoto },
  title = {AlpacaEval: An Automatic Evaluator of Instruction-following Models},
  year = {2023},
  month = {5},
  publisher = {GitHub},
  journal = {GitHub repository},
  howpublished = {\url{https://github.com/tatsu-lab/alpaca_eval}}
}


  url={https://api.semanticscholar.org/CorpusID:261031244}
}
@article{Wortsman2021wiseft,
  title={Robust fine-tuning of zero-shot models},
  author={Mitchell Wortsman and Gabriel Ilharco and Mike Li and Jong Wook Kim and Hannaneh Hajishirzi and Ali Farhadi and Hongseok Namkoong and Ludwig Schmidt},
  journal={2022 IEEE/CVF Conference on Computer Vision and Pattern Recognition (CVPR)},
  year={2021},
  pages={7949-7961},
  url={https://api.semanticscholar.org/CorpusID:237420687}
}
@article{allen2020towards,
  title={Towards understanding ensemble, knowledge distillation and self-distillation in deep learning},
  author={Allen-Zhu, Zeyuan and Li, Yuanzhi},
  journal={arXiv preprint arXiv:2012.09816},
  year={2020}
}

@article{rajpurkar2018know,
  title={Know what you don't know: Unanswerable questions for SQuAD},
  author={Rajpurkar, Pranav and Jia, Robin and Liang, Percy},
  journal={arXiv preprint arXiv:1806.03822},
  year={2018}
}
@article{rolnick2019experience,
  title={Experience replay for continual learning},
  author={Rolnick, David and Ahuja, Arun and Schwarz, Jonathan and Lillicrap, Timothy and Wayne, Gregory},
  journal={Advances in Neural Information Processing Systems},
  volume={32},
  year={2019}
}
@inproceedings{wortsman2022model,
  title={Model soups: averaging weights of multiple fine-tuned models improves accuracy without increasing inference time},
  author={Wortsman, Mitchell and Ilharco, Gabriel and Gadre, Samir Ya and Roelofs, Rebecca and Gontijo-Lopes, Raphael and Morcos, Ari S and Namkoong, Hongseok and Farhadi, Ali and Carmon, Yair and Kornblith, Simon and others},
  booktitle={International Conference on Machine Learning},
  pages={23965--23998},
  year={2022},
  organization={PMLR}
}
@misc{erprm,
  title={Entropy-Regularized Process Reward Model},
  author={Zhang, Hanning and Wang, Pengcheng and Diao, Shizhe and Lin, Yong and Pan, Rui and Dong, Hanze and Zhang, Dylan and Molchanov, Pavlo and Zhang, Tong},
  year={2024},
  publisher = {GitHub},
  journal = {GitHub repository},
}
@article{joachims2007evaluating,
  title={Evaluating the accuracy of implicit feedback from clicks and query reformulations in web search},
  author={Joachims, Thorsten and Granka, Laura and Pan, Bing and Hembrooke, Helene and Radlinski, Filip and Gay, Geri},
  journal={ACM Transactions on Information Systems (TOIS)},
  volume={25},
  number={2},
  pages={7--es},
  year={2007},
  publisher={ACM New York, NY, USA}
}
@misc {beeching2023stackllama,
    author       = { Edward Beeching and
                     Younes Belkada and
                     Kashif Rasul and
                     Lewis Tunstall and
                     Leandro von Werra and
                     Nazneen Rajani and
                     Nathan Lambert
                   },
    title        = { StackLLaMA: An RL Fine-tuned LLaMA Model for Stack Exchange Question and Answering },
    year         = 2023,
    url          = { https://huggingface.co/blog/stackllama },
    doi          = { 10.57967/hf/0513 },
    publisher    = { Hugging Face Blog }
}

@article{zhang2024generative,
  title={Generative verifiers: Reward modeling as next-token prediction},
  author={Zhang, Lunjun and Hosseini, Arian and Bansal, Hritik and Kazemi, Mehran and Kumar, Aviral and Agarwal, Rishabh},
  journal={arXiv preprint arXiv:2408.15240},
  year={2024}
}
@article{mahan2024generative,
  title={Generative Reward Models},
  author={Mahan, Dakota and Van Phung, Duy and Rafailov, Rafael and Blagden, Chase and Lile, Nathan and Castricato, Louis and Fr{\"a}nken, Jan-Philipp and Finn, Chelsea and Albalak, Alon},
  journal={arXiv preprint arXiv:2410.12832},
  year={2024}
}
@article{rame2024warm,
  title={Warm: On the benefits of weight averaged reward models},
  author={Ram{\'e}, Alexandre and Vieillard, Nino and Hussenot, L{\'e}onard and Dadashi, Robert and Cideron, Geoffrey and Bachem, Olivier and Ferret, Johan},
  journal={arXiv preprint arXiv:2401.12187},
  year={2024}
}
@inproceedings{wortsman2022robust,
  title={Robust fine-tuning of zero-shot models},
  author={Wortsman, Mitchell and Ilharco, Gabriel and Kim, Jong Wook and Li, Mike and Kornblith, Simon and Roelofs, Rebecca and Lopes, Raphael Gontijo and Hajishirzi, Hannaneh and Farhadi, Ali and Namkoong, Hongseok and others},
  booktitle={Proceedings of the IEEE/CVF Conference on Computer Vision and Pattern Recognition},
  pages={7959--7971},
  year={2022}
}

@article{tong2024dart,
  title={DART-Math: Difficulty-Aware Rejection Tuning for Mathematical Problem-Solving},
  author={Tong, Yuxuan and Zhang, Xiwen and Wang, Rui and Wu, Ruidong and He, Junxian},
  journal={arXiv preprint arXiv:2407.13690},
  year={2024}
}
@article{sessa2024bond,
  title={BOND: Aligning LLMs with Best-of-N Distillation},
  author={Sessa, Pier Giuseppe and Dadashi, Robert and Hussenot, L{\'e}onard and Ferret, Johan and Vieillard, Nino and Ram{\'e}, Alexandre and Shariari, Bobak and Perrin, Sarah and Friesen, Abe and Cideron, Geoffrey and others},
  journal={arXiv preprint arXiv:2407.14622},
  year={2024}
}

@misc{cui2023ultrafeedback,
      title={UltraFeedback: Boosting Language Models with High-quality Feedback}, 
      author={Ganqu Cui and Lifan Yuan and Ning Ding and Guanming Yao and Wei Zhu and Yuan Ni and Guotong Xie and Zhiyuan Liu and Maosong Sun},
      year={2023},
      eprint={2310.01377},
      archivePrefix={arXiv},
      primaryClass={cs.CL}
}

@article{chen2024odin,
  title={Odin: Disentangled reward mitigates hacking in rlhf},
  author={Chen, Lichang and Zhu, Chen and Soselia, Davit and Chen, Jiuhai and Zhou, Tianyi and Goldstein, Tom and Huang, Heng and Shoeybi, Mohammad and Catanzaro, Bryan},
  journal={arXiv preprint arXiv:2402.07319},
  year={2024}
}

@article{llama3modelcard,

title={Llama 3 Model Card},

author={AI@Meta},

year={2024},

url = {https://github.com/meta-llama/llama3/blob/main/MODEL_CARD.md}

}
@book{zhang2023mathematical,
  title={Mathematical analysis of machine learning algorithms},
  author={Zhang, Tong},
  year={2023},
  publisher={Cambridge University Press}
}


@article{guo2024alignment,
  title={"Alignment Guidebook},
  author={Guo, Shangmin and Xiong, Wei and Wang, Chaoqi},
  year={2024},
   journal = {Notion Blog}
}

@article{zhou2023lima,
  title={Lima: Less is more for alignment},
  author={Zhou, Chunting and Liu, Pengfei and Xu, Puxin and Iyer, Srini and Sun, Jiao and Mao, Yuning and Ma, Xuezhe and Efrat, Avia and Yu, Ping and Yu, Lili and others},
  journal={arXiv preprint arXiv:2305.11206},
  year={2023}
}

@article{gou2023tora,
  title={Tora: A tool-integrated reasoning agent for mathematical problem solving},
  author={Gou, Zhibin and Shao, Zhihong and Gong, Yeyun and Yang, Yujiu and Huang, Minlie and Duan, Nan and Chen, Weizhu and others},
  journal={arXiv preprint arXiv:2309.17452},
  year={2023}
}
@article{yuan2024advancing,
  title={Advancing llm reasoning generalists with preference trees},
  author={Yuan, Lifan and Cui, Ganqu and Wang, Hanbin and Ding, Ning and Wang, Xingyao and Deng, Jia and Shan, Boji and Chen, Huimin and Xie, Ruobing and Lin, Yankai and others},
  journal={arXiv preprint arXiv:2404.02078},
  year={2024}
}

@article{luo2023wizardmath,
  title={Wizardmath: Empowering mathematical reasoning for large language models via reinforced evol-instruct},
  author={Luo, Haipeng and Sun, Qingfeng and Xu, Can and Zhao, Pu and Lou, Jianguang and Tao, Chongyang and Geng, Xiubo and Lin, Qingwei and Chen, Shifeng and Zhang, Dongmei},
  journal={arXiv preprint arXiv:2308.09583},
  year={2023}
}

@article{pang2024iterative,
  title={Iterative reasoning preference optimization},
  author={Pang, Richard Yuanzhe and Yuan, Weizhe and Cho, Kyunghyun and He, He and Sukhbaatar, Sainbayar and Weston, Jason},
  journal={arXiv preprint arXiv:2404.19733},
  year={2024}
}
@article{lightman2023let,
  title={Let's Verify Step by Step},
  author={Lightman, Hunter and Kosaraju, Vineet and Burda, Yura and Edwards, Harri and Baker, Bowen and Lee, Teddy and Leike, Jan and Schulman, John and Sutskever, Ilya and Cobbe, Karl},
  journal={arXiv preprint arXiv:2305.20050},
  year={2023}
}

@article{yue2024mammoth2,
  title={Mammoth2: Scaling instructions from the web},
  author={Yue, Xiang and Zheng, Tuney and Zhang, Ge and Chen, Wenhu},
  journal={arXiv preprint arXiv:2405.03548},
  year={2024}
}
@article{gao2024rebel,
  title={REBEL: Reinforcement Learning via Regressing Relative Rewards},
  author={Gao, Zhaolin and Chang, Jonathan D and Zhan, Wenhao and Oertell, Owen and Swamy, Gokul and Brantley, Kiant{\'e} and Joachims, Thorsten and Bagnell, J Andrew and Lee, Jason D and Sun, Wen},
  journal={arXiv preprint arXiv:2404.16767},
  year={2024}
}
@article{xie2024monte,
  title={Monte Carlo Tree Search Boosts Reasoning via Iterative Preference Learning},
  author={Xie, Yuxi and Goyal, Anirudh and Zheng, Wenyue and Kan, Min-Yen and Lillicrap, Timothy P and Kawaguchi, Kenji and Shieh, Michael},
  journal={arXiv preprint arXiv:2405.00451},
  year={2024}
}
@article{yao2024tree,
  title={Tree of thoughts: Deliberate problem solving with large language models},
  author={Yao, Shunyu and Yu, Dian and Zhao, Jeffrey and Shafran, Izhak and Griffiths, Tom and Cao, Yuan and Narasimhan, Karthik},
  journal={Advances in Neural Information Processing Systems},
  volume={36},
  year={2024}
}


@article{chen2024step,
  title={Step-level Value Preference Optimization for Mathematical Reasoning},
  author={Chen, Guoxin and Liao, Minpeng and Li, Chengxi and Fan, Kai},
  journal={arXiv preprint arXiv:2406.10858},
  year={2024}
}


@article{silver2016mastering,
  title={Mastering the game of Go with deep neural networks and tree search},
  author={Silver, David and Huang, Aja and Maddison, Chris J and Guez, Arthur and Sifre, Laurent and Van Den Driessche, George and Schrittwieser, Julian and Antonoglou, Ioannis and Panneershelvam, Veda and Lanctot, Marc and others},
  journal={nature},
  volume={529},
  number={7587},
  pages={484--489},
  year={2016},
  publisher={Nature Publishing Group}
}
@article{mnih2013playing,
  title={Playing atari with deep reinforcement learning},
  author={Mnih, Volodymyr and Kavukcuoglu, Koray and Silver, David and Graves, Alex and Antonoglou, Ioannis and Wierstra, Daan and Riedmiller, Martin},
  journal={arXiv preprint arXiv:1312.5602},
  year={2013}
}
@article{aksitov2023rest,
  title={Rest meets react: Self-improvement for multi-step reasoning llm agent},
  author={Aksitov, Renat and Miryoosefi, Sobhan and Li, Zonglin and Li, Daliang and Babayan, Sheila and Kopparapu, Kavya and Fisher, Zachary and Guo, Ruiqi and Prakash, Sushant and Srinivasan, Pranesh and others},
  journal={arXiv preprint arXiv:2312.10003},
  year={2023}
}
@article{toshniwal2024openmathinstruct,
  title={OpenMathInstruct-1: A 1.8 Million Math Instruction Tuning Dataset},
  author={Toshniwal, Shubham and Moshkov, Ivan and Narenthiran, Sean and Gitman, Daria and Jia, Fei and Gitman, Igor},
  journal={arXiv preprint arXiv:2402.10176},
  year={2024}
}
@article{toshniwal2024openmathinstruct2,
  title={Openmathinstruct-2: Accelerating ai for math with massive open-source instruction data},
  author={Toshniwal, Shubham and Du, Wei and Moshkov, Ivan and Kisacanin, Branislav and Ayrapetyan, Alexan and Gitman, Igor},
  journal={arXiv preprint arXiv:2410.01560},
  year={2024}
}
@article{xie2024exploratory,
  title={Exploratory Preference Optimization: Harnessing Implicit Q*-Approximation for Sample-Efficient RLHF},
  author={Xie, Tengyang and Foster, Dylan J and Krishnamurthy, Akshay and Rosset, Corby and Awadallah, Ahmed and Rakhlin, Alexander},
  journal={arXiv preprint arXiv:2405.21046},
  year={2024}
}
@article{williams1991function,
  title={Function optimization using connectionist reinforcement learning algorithms},
  author={Williams, Ronald J and Peng, Jing},
  journal={Connection Science},
  volume={3},
  number={3},
  pages={241--268},
  year={1991},
  publisher={Taylor \& Francis}
}
@book{ziebart2010modeling,
  title={Modeling purposeful adaptive behavior with the principle of maximum causal entropy},
  author={Ziebart, Brian D},
  year={2010},
  publisher={Carnegie Mellon University}
}
@article{cobbe2021training,
  title={Training verifiers to solve math word problems},
  author={Cobbe, Karl and Kosaraju, Vineet and Bavarian, Mohammad and Chen, Mark and Jun, Heewoo and Kaiser, Lukasz and Plappert, Matthias and Tworek, Jerry and Hilton, Jacob and Nakano, Reiichiro and others},
  journal={arXiv preprint arXiv:2110.14168},
  year={2021}
}

@inproceedings{wu2023autogen,
      title={AutoGen: Enabling Next-Gen LLM Applications via Multi-Agent Conversation Framework},
      author={Qingyun Wu and Gagan Bansal and Jieyu Zhang and Yiran Wu and Beibin Li and Erkang Zhu and Li Jiang and Xiaoyun Zhang and Shaokun Zhang and Jiale Liu and Ahmed Hassan Awadallah and Ryen W White and Doug Burger and Chi Wang},
      year={2023},
      eprint={2308.08155},
      archivePrefix={arXiv},
      primaryClass={cs.AI}
}
@article{rafailov2024r,
  title={From r to Q*: Your Language Model is Secretly a Q-Function},
  author={Rafailov, Rafael and Hejna, Joey and Park, Ryan and Finn, Chelsea},
  journal={arXiv preprint arXiv:2404.12358},
  year={2024}
}



@article{liu2024provably,
  title={Provably Mitigating Overoptimization in RLHF: Your SFT Loss is Implicitly an Adversarial Regularizer},
  author={Liu, Zhihan and Lu, Miao and Zhang, Shenao and Liu, Boyi and Guo, Hongyi and Yang, Yingxiang and Blanchet, Jose and Wang, Zhaoran},
  journal={arXiv preprint arXiv:2405.16436},
  year={2024}
}

@article{liu2024lipo,
  title={LiPO: Listwise Preference Optimization through Learning-to-Rank},
  author={Liu, Tianqi and Qin, Zhen and Wu, Junru and Shen, Jiaming and Khalman, Misha and Joshi, Rishabh and Zhao, Yao and Saleh, Mohammad and Baumgartner, Simon and Liu, Jialu and others},
  journal={arXiv preprint arXiv:2402.01878},
  year={2024}
}



@article{xu2024dpo,
  title={Is dpo superior to ppo for llm alignment? a comprehensive study},
  author={Xu, Shusheng and Fu, Wei and Gao, Jiaxuan and Ye, Wenjie and Liu, Weilin and Mei, Zhiyu and Wang, Guangju and Yu, Chao and Wu, Yi},
  journal={arXiv preprint arXiv:2404.10719},
  year={2024}
}
@article{yuan2023scaling,
  title={Scaling relationship on learning mathematical reasoning with large language models},
  author={Yuan, Zheng and Yuan, Hongyi and Li, Chengpeng and Dong, Guanting and Tan, Chuanqi and Zhou, Chang},
  journal={arXiv preprint arXiv:2308.01825},
  year={2023}
}
@article{wang2023math,
  title={Math-shepherd: Verify and reinforce llms step-by-step without human annotations},
  author={Wang, Peiyi and Li, Lei and Shao, Zhihong and Xu, RX and Dai, Damai and Li, Yifei and Chen, Deli and Wu, Y and Sui, Zhifang},
  journal={CoRR, abs/2312.08935},
  year={2023}
}
@article{jiao2024learning,
  title={Learning planning-based reasoning by trajectories collection and process reward synthesizing},
  author={Jiao, Fangkai and Qin, Chengwei and Liu, Zhengyuan and Chen, Nancy F and Joty, Shafiq},
  journal={arXiv preprint arXiv:2402.00658},
  year={2024}
}
@inproceedings{kocsis2006bandit,
  title={Bandit based monte-carlo planning},
  author={Kocsis, Levente and Szepesv{\'a}ri, Csaba},
  booktitle={European conference on machine learning},
  pages={282--293},
  year={2006},
  organization={Springer}
}

@article{prasad2024self,
  title={Self-Consistency Preference Optimization},
  author={Prasad, Archiki and Yuan, Weizhe and Pang, Richard Yuanzhe and Xu, Jing and Fazel-Zarandi, Maryam and Bansal, Mohit and Sukhbaatar, Sainbayar and Weston, Jason and Yu, Jane},
  journal={arXiv preprint arXiv:2411.04109},
  year={2024}
}
@book{wainwright2019high,
  title={High-dimensional statistics: A non-asymptotic viewpoint},
  author={Wainwright, Martin J},
  volume={48},
  year={2019},
  publisher={Cambridge university press}
}
@article{lai2024step,
  title={Step-DPO: Step-wise Preference Optimization for Long-chain Reasoning of LLMs},
  author={Lai, Xin and Tian, Zhuotao and Chen, Yukang and Yang, Senqiao and Peng, Xiangru and Jia, Jiaya},
  journal={arXiv preprint arXiv:2406.18629},
  year={2024}
}

@article{williams1992simple,
  title={Simple statistical gradient-following algorithms for connectionist reinforcement learning},
  author={Williams, Ronald J},
  journal={Machine learning},
  volume={8},
  pages={229--256},
  year={1992},
  publisher={Springer}
}
@article{wei2022chain,
  title={Chain-of-thought prompting elicits reasoning in large language models},
  author={Wei, Jason and Wang, Xuezhi and Schuurmans, Dale and Bosma, Maarten and Xia, Fei and Chi, Ed and Le, Quoc V and Zhou, Denny and others},
  journal={Advances in neural information processing systems},
  volume={35},
  pages={24824--24837},
  year={2022}
}

@article{mitra2024orca,
  title={Orca-math: Unlocking the potential of slms in grade school math},
  author={Mitra, Arindam and Khanpour, Hamed and Rosset, Corby and Awadallah, Ahmed},
  journal={arXiv preprint arXiv:2402.14830},
  year={2024}
}
@article{yao2022react,
  title={React: Synergizing reasoning and acting in language models},
  author={Yao, Shunyu and Zhao, Jeffrey and Yu, Dian and Du, Nan and Shafran, Izhak and Narasimhan, Karthik and Cao, Yuan},
  journal={arXiv preprint arXiv:2210.03629},
  year={2022}
}
@article{meta_llama3,
  title={Introducing Meta Llama 3: The most capable openly available LLM to date},
  author={Meta},
  journal={Meta AI Blog},
  year={2024},
  note={\url{https://ai.meta.com/blog/meta-llama-3/}}
}

%https://ai.meta.com/blog/meta-llama-3/

@misc{arenahard2024,
    title = {From Live Data to High-Quality Benchmarks: The Arena-Hard Pipeline},
    url = {https://lmsys.org/blog/2024-04-19-arena-hard/},
    author = {Tianle ,Li* and Wei-Lin,  Chiang and Evan, Frick nad Lisa ,Dunlap and Banghua , Zhu and Joseph E. , Gonzalez and Ion Stoica},
    month = {April},
    year = {2024}
}

@article{du2019implicit,
  title={Implicit generation and modeling with energy based models},
  author={Du, Yilun and Mordatch, Igor},
  journal={Advances in Neural Information Processing Systems},
  volume={32},
  year={2019}
}

@article{neumann1951various,
  title={Various techniques used in connection with random digits},
  author={Neumann, Von},
  journal={Notes by GE Forsythe},
  pages={36--38},
  year={1951}
}


@misc{alex2024warp,
    title={WARP: On the Benefits of Weight Averaged Rewarded Policies},
    author={Alexandre Ramé and Johan Ferret and Nino Vieillard and Robert Dadashi and Léonard Hussenot and Pierre-Louis Cedoz and Pier Giuseppe Sessa and Sertan Girgin and Arthur Douillard and Olivier Bachem},
    year={2024},
    eprint={2406.16768},
    archivePrefix={arXiv},
    primaryClass={cs.LG}
}

@misc{park2024offsetbiasleveragingdebiaseddata,
      title={OffsetBias: Leveraging Debiased Data for Tuning Evaluators}, 
      author={Junsoo Park and Seungyeon Jwa and Meiying Ren and Daeyoung Kim and Sanghyuk Choi},
      year={2024},
      eprint={2407.06551},
      archivePrefix={arXiv},
      primaryClass={cs.CL},
      url={https://arxiv.org/abs/2407.06551}, 
}
@article{zhou2024wpo,
  title={WPO: Enhancing RLHF with Weighted Preference Optimization},
  author={Zhou, Wenxuan and Agrawal, Ravi and Zhang, Shujian and Indurthi, Sathish Reddy and Zhao, Sanqiang and Song, Kaiqiang and Xu, Silei and Zhu, Chenguang},
  journal={arXiv preprint arXiv:2406.11827},
  year={2024}
}
@article{xiong2024building,
  title={Building Math Agents with Multi-Turn Iterative Preference Learning},
  author={Xiong, Wei and Shi, Chengshuai and Shen, Jiaming and Rosenberg, Aviv and Qin, Zhen and Calandriello, Daniele and Khalman, Misha and Joshi, Rishabh and Piot, Bilal and Saleh, Mohammad and others},
  journal={arXiv preprint arXiv:2409.02392},
  year={2024}
}
@misc{length-bias-on-alpaca-eval,
    author = {Peter J. Liu},
    year = {2024}, 
    publisher = {twitter},
    url="https://twitter.com/i/web/status/1750318955808583997"
}


@misc{anthropic2024rewardtampering,
      title={Sycophancy to Subterfuge: Investigating Reward-Tampering in Large Language Models}, 
      author={Carson Denison and Monte MacDiarmid and Fazl Barez and David Duvenaud and Shauna Kravec and Samuel Marks and Nicholas Schiefer and Ryan Soklaski and Alex Tamkin and Jared Kaplan and Buck Shlegeris and Samuel R. Bowman and Ethan Perez and Evan Hubinger},
      year={2024},
      eprint={2406.10162},
      archivePrefix={arXiv},
      primaryClass={cs.AI},
      url={https://arxiv.org/abs/2406.10162}, 
}

@article{Geirhos_2020,
   title={Shortcut learning in deep neural networks},
   volume={2},
   ISSN={2522-5839},
   url={http://dx.doi.org/10.1038/s42256-020-00257-z},
   DOI={10.1038/s42256-020-00257-z},
   number={11},
   journal={Nature Machine Intelligence},
   publisher={Springer Science and Business Media LLC},
   author={Geirhos, Robert and Jacobsen, Jörn-Henrik and Michaelis, Claudio and Zemel, Richard and Brendel, Wieland and Bethge, Matthias and Wichmann, Felix A.},
   year={2020},
   month=nov, pages={665–673} }


@article{grathwohl2019your,
  title={Your classifier is secretly an energy based model and you should treat it like one},
  author={Grathwohl, Will and Wang, Kuan-Chieh and Jacobsen, J{\"o}rn-Henrik and Duvenaud, David and Norouzi, Mohammad and Swersky, Kevin},
  journal={arXiv preprint arXiv:1912.03263},
  year={2019}
}

@article{richemond2024offline,
  title={Offline Regularised Reinforcement Learning for Large Language Models Alignment},
  author={Richemond, Pierre Harvey and Tang, Yunhao and Guo, Daniel and Calandriello, Daniele and Azar, Mohammad Gheshlaghi and Rafailov, Rafael and Pires, Bernardo Avila and Tarassov, Eugene and Spangher, Lucas and Ellsworth, Will and others},
  journal={arXiv preprint arXiv:2405.19107},
  year={2024}
}

@article{diao2023lmflow,
  title={Lmflow: An extensible toolkit for finetuning and inference of large foundation models},
  author={Diao, Shizhe and Pan, Rui and Dong, Hanze and Shum, Ka Shun and Zhang, Jipeng and Xiong, Wei and Zhang, Tong},
  journal={arXiv preprint arXiv:2306.12420},
  year={2023}
}
@article{hong2024orpo,
  title={Orpo: Monolithic preference optimization without reference model},
  author={Hong, Jiwoo and Lee, Noah and Thorne, James},
  journal={arXiv preprint arXiv:2403.07691},
  volume={2},
  number={4},
  pages={5},
  year={2024}
}
@article{yang2024qwen2,
  title={Qwen2. 5-math technical report: Toward mathematical expert model via self-improvement},
  author={Yang, An and Zhang, Beichen and Hui, Binyuan and Gao, Bofei and Yu, Bowen and Li, Chengpeng and Liu, Dayiheng and Tu, Jianhong and Zhou, Jingren and Lin, Junyang and others},
  journal={arXiv preprint arXiv:2409.12122},
  year={2024}
}
@misc{numina_math_7b,
  author = {Edward Beeching and Shengyi Costa Huang and Albert Jiang and Jia Li and Benjamin Lipkin and Zihan Qina and Kashif Rasul and Ziju Shen and Roman Soletskyi and Lewis Tunstall},
  title = {NuminaMath 7B CoT},
  year = {2024},
  publisher = {Numina & Hugging Face},
  journal = {Hugging Face repository},
  howpublished = {\url{https://huggingface.co/AI-MO/NuminaMath-7B-CoT}}
}
@article{he2024olympiadbench,
  title={Olympiadbench: A challenging benchmark for promoting agi with olympiad-level bilingual multimodal scientific problems},
  author={He, Chaoqun and Luo, Renjie and Bai, Yuzhuo and Hu, Shengding and Thai, Zhen Leng and Shen, Junhao and Hu, Jinyi and Han, Xu and Huang, Yujie and Zhang, Yuxiang and others},
  journal={arXiv preprint arXiv:2402.14008},
  year={2024}
}
@article{lewkowycz2022solving,
  title={Solving quantitative reasoning problems with language models},
  author={Lewkowycz, Aitor and Andreassen, Anders and Dohan, David and Dyer, Ethan and Michalewski, Henryk and Ramasesh, Vinay and Slone, Ambrose and Anil, Cem and Schlag, Imanol and Gutman-Solo, Theo and others},
  journal={Advances in Neural Information Processing Systems},
  volume={35},
  pages={3843--3857},
  year={2022}
}
@article{sheng2024hybridflow,
  title   = {HybridFlow: A Flexible and Efficient RLHF Framework},
  author  = {Guangming Sheng and Chi Zhang and Zilingfeng Ye and Xibin Wu and Wang Zhang and Ru Zhang and Yanghua Peng and Haibin Lin and Chuan Wu},
  year    = {2024},
  journal = {arXiv preprint arXiv: 2409.19256}
}

@misc{zeng2025simplerl,
  title={7B Model and 8K Examples: Emerging Reasoning with Reinforcement Learning is Both Effective and Efficient},
  author={Weihao Zeng and Yuzhen Huang and Wei Liu and Keqing He and Qian Liu and Zejun Ma and Junxian He},
  year={2025},
  howpublished={\url{https://hkust-nlp.notion.site/simplerl-reason}},
  note={Notion Blog}
}
@misc{cheng2025pure,
  title={Stop Gamma Decay: Min-Form Credit Assignment Is All Process Reward Model Needs for Reasoning},
  author={Jie Cheng and Lijun Li and Gang Xiong and Jing Shao and Yisheng Lv},
  year={2025},
  howpublished={\url{https://tungsten-ink-510.notion.site/PURE-PRM-is-still-Effective-and-Compute-Efficient-for-LLM-Math-Reasoning-19fcb6ed0184804eb07fd310b38af155?pvs=4}},
  note={Notion Blog}
}
@misc{zhang2025dpor1,
  title={Online-DPO-R1: Unlocking Effective Reasoning Without the PPO Overhead},
  author={Hanning Zhang and Jiarui Yao and Chenlu Ye and Wei Xiong and Tong Zhang},
  year={2025},
  howpublished={\url{https://efficient-unicorn-451.notion.site/Online-DPO-R1-Unlocking-Effective-Reasoning-Without-the-PPO-Overhead-1908b9a70e7b80c3bc83f4cf04b2f175?pvs=4}},
  note={Notion Blog}
}
@misc{liu2025oatzero,
  title={There May Not be Aha Moment in R1-Zero-like Training — A Pilot Study},
  author={Zichen Liu and Changyu Chen and Wenjun Li and Tianyu Pang and Chao Du and Min Lin},
  year={2025},
  howpublished={\url{https://oatllm.notion.site/oat-zero}},
  note={Notion Blog},
}
@misc{cui2025processreinforcementimplicitrewards,
      title={Process Reinforcement through Implicit Rewards}, 
      author={Ganqu Cui and Lifan Yuan and Zefan Wang and Hanbin Wang and Wendi Li and Bingxiang He and Yuchen Fan and Tianyu Yu and Qixin Xu and Weize Chen and Jiarui Yuan and Huayu Chen and Kaiyan Zhang and Xingtai Lv and Shuo Wang and Yuan Yao and Xu Han and Hao Peng and Yu Cheng and Zhiyuan Liu and Maosong Sun and Bowen Zhou and Ning Ding},
      year={2025},
      eprint={2502.01456},
      archivePrefix={arXiv},
      primaryClass={cs.LG},
      url={https://arxiv.org/abs/2502.01456}, 
}

@article{bradley1952rank,
  title={Rank analysis of incomplete block designs: I. The method of paired comparisons},
  author={Bradley, Ralph Allan and Terry, Milton E},
  journal={Biometrika},
  volume={39},
  number={3/4},
  pages={324--345},
  year={1952},
  publisher={JSTOR}
}

@article{qwen2,
  title={Qwen2 Technical Report},
  year={2024}
}

@inproceedings{jones2003abstract,
  title={Abstract syntax tree implementation idioms},
  author={Jones, Joel},
  booktitle={Proceedings of the 10th conference on pattern languages of programs (plop2003)},
  pages={26},
  year={2003}
}
@article{luo2024improve,
  title={Improve Mathematical Reasoning in Language Models by Automated Process Supervision},
  author={Luo, Liangchen and Liu, Yinxiao and Liu, Rosanne and Phatale, Samrat and Lara, Harsh and Li, Yunxuan and Shu, Lei and Zhu, Yun and Meng, Lei and Sun, Jiao and others},
  journal={arXiv e-prints},
  pages={arXiv--2406},
  year={2024}
}


@article{shao2024deepseekmath,
  title={Deepseekmath: Pushing the limits of mathematical reasoning in open language models},
  author={Shao, Zhihong and Wang, Peiyi and Zhu, Qihao and Xu, Runxin and Song, Junxiao and Zhang, Mingchuan and Li, YK and Wu, Y and Guo, Daya},
  journal={arXiv preprint arXiv:2402.03300},
  year={2024}
}
@article{goodfellow2014generative,
  title={Generative adversarial nets},
  author={Goodfellow, Ian and Pouget-Abadie, Jean and Mirza, Mehdi and Xu, Bing and Warde-Farley, David and Ozair, Sherjil and Courville, Aaron and Bengio, Yoshua},
  journal={Advances in neural information processing systems},
  volume={27},
  year={2014}
}

@article{devlin2018bert,
  title={Bert: Pre-training of deep bidirectional transformers for language understanding},
  author={Devlin, Jacob and Chang, Ming-Wei and Lee, Kenton and Toutanova, Kristina},
  journal={arXiv preprint arXiv:1810.04805},
  year={2018}
}

@article{johnson2019framework,
  title={A framework of composite functional gradient methods for generative adversarial models},
  author={Johnson, Rie and Zhang, Tong},
  journal={IEEE transactions on pattern analysis and machine intelligence},
  volume={43},
  number={1},
  pages={17--32},
  year={2019},
  publisher={IEEE}
}

@article{touvron2023llama,
  title={Llama 2: Open foundation and fine-tuned chat models},
  author={Touvron, Hugo and Martin, Louis and Stone, Kevin and Albert, Peter and Almahairi, Amjad and Babaei, Yasmine and Bashlykov, Nikolay and Batra, Soumya and Bhargava, Prajjwal and Bhosale, Shruti and others},
  journal={arXiv preprint arXiv:2307.09288},
  year={2023}
}
@inproceedings{du2021bilinear,
  title={Bilinear classes: A structural framework for provable generalization in rl},
  author={Du, Simon and Kakade, Sham and Lee, Jason and Lovett, Shachar and Mahajan, Gaurav and Sun, Wen and Wang, Ruosong},
  booktitle={International Conference on Machine Learning},
  pages={2826--2836},
  year={2021},
  organization={PMLR}
}

@article{dani2008stochastic,
  title={Stochastic linear optimization under bandit feedback},
  author={Dani, Varsha and Hayes, Thomas P and Kakade, Sham M},
  year={2008}
}

@article{abbasi2011improved,
  title={Improved algorithms for linear stochastic bandits},
  author={Abbasi-Yadkori, Yasin and P{\'a}l, D{\'a}vid and Szepesv{\'a}ri, Csaba},
  journal={Advances in neural information processing systems},
  volume={24},
  year={2011}
}
@article{OpenAI2023GPT4TR,
  title={GPT-4 Technical Report},
  author={OpenAI},
  journal={ArXiv},
  year={2023},
  volume={abs/2303.08774},
}

@article{hf2023pref,
  title={Preference Tuning LLMs with Direct Preference Optimization Methods},
  author={Huggingface},
  journal={Blog},
  year={2023},
    url={https://huggingface.co/blog/pref-tuning},
}
@article{team2024gemma,
  title={Gemma: Open models based on gemini research and technology},
  author={Team, Gemma and Mesnard, Thomas and Hardin, Cassidy and Dadashi, Robert and Bhupatiraju, Surya and Pathak, Shreya and Sifre, Laurent and Rivi{\`e}re, Morgane and Kale, Mihir Sanjay and Love, Juliette and others},
  journal={arXiv preprint arXiv:2403.08295},
  year={2024}
}

@article{burns2023weak,
  title={Weak-to-strong generalization: Eliciting strong capabilities with weak supervision},
  author={Burns, Collin and Izmailov, Pavel and Kirchner, Jan Hendrik and Baker, Bowen and Gao, Leo and Aschenbrenner, Leopold and Chen, Yining and Ecoffet, Adrien and Joglekar, Manas and Leike, Jan and others},
  journal={arXiv preprint arXiv:2312.09390},
  year={2023}
}

@InProceedings{pmlr-v162-ethayarajh22a,
  title = 	 {Understanding Dataset Difficulty with $\mathcal{V}$-Usable Information},
  author =       {Ethayarajh, Kawin and Choi, Yejin and Swayamdipta, Swabha},
  booktitle = 	 {Proceedings of the 39th International Conference on Machine Learning},
  pages = 	 {5988--6008},
  year = 	 {2022},
  editor = 	 {Chaudhuri, Kamalika and Jegelka, Stefanie and Song, Le and Szepesvari, Csaba and Niu, Gang and Sabato, Sivan},
  volume = 	 {162},
  series = 	 {Proceedings of Machine Learning Research},
  month = 	 {17--23 Jul},
  publisher = {PMLR},
}

@article{beirami2024theoretical,
  title={Theoretical guarantees on the best-of-n alignment policy},
  author={Beirami, Ahmad and Agarwal, Alekh and Berant, Jonathan and D'Amour, Alexander and Eisenstein, Jacob and Nagpal, Chirag and Suresh, Ananda Theertha},
  journal={arXiv preprint arXiv:2401.01879},
  year={2024}
}
@article{lambert2024rewardbench,
  title={RewardBench: Evaluating Reward Models for Language Modeling},
  author={Lambert, Nathan and Pyatkin, Valentina and Morrison, Jacob and Miranda, LJ and Lin, Bill Yuchen and Chandu, Khyathi and Dziri, Nouha and Kumar, Sachin and Zick, Tom and Choi, Yejin and others},
  journal={arXiv preprint arXiv:2403.13787},
  year={2024}
}
@article{li2023remax,
  title={ReMax: A Simple, Effective, and Efficient Reinforcement Learning Method for Aligning Large Language Models},
  author={Li, Ziniu and Xu, Tian and Zhang, Yushun and Yu, Yang and Sun, Ruoyu and Luo, Zhi-Quan},
  journal={arXiv e-prints},
  pages={arXiv--2310},
  year={2023}
}
@article{wu2023better,
  title={Better Aligning Text-to-Image Models with Human Preference},
  author={Wu, Xiaoshi and Sun, Keqiang and Zhu, Feng and Zhao, Rui and Li, Hongsheng},
  journal={arXiv preprint arXiv:2303.14420},
  year={2023}
}
@article{lee2023aligning,
  title={Aligning text-to-image models using human feedback},
  author={Lee, Kimin and Liu, Hao and Ryu, Moonkyung and Watkins, Olivia and Du, Yuqing and Boutilier, Craig and Abbeel, Pieter and Ghavamzadeh, Mohammad and Gu, Shixiang Shane},
  journal={arXiv preprint arXiv:2302.12192},
  year={2023}
}


@article{engstrom2020implementation,
  title={Implementation matters in deep policy gradients: A case study on ppo and trpo},
  author={Engstrom, Logan and Ilyas, Andrew and Santurkar, Shibani and Tsipras, Dimitris and Janoos, Firdaus and Rudolph, Larry and Madry, Aleksander},
  journal={arXiv preprint arXiv:2005.12729},
  year={2020}
}

@article{wang2024arithmetic,
  title={Arithmetic Control of LLMs for Diverse User Preferences: Directional Preference Alignment with Multi-Objective Rewards},
  author={Wang, Haoxiang and Lin, Yong and Xiong, Wei and Yang, Rui and Diao, Shizhe and Qiu, Shuang and Zhao, Han and Zhang, Tong},
  journal={arXiv preprint arXiv:2402.18571},
  year={2024}
}
@inproceedings{kwon2023efficient,
  title={Efficient Memory Management for Large Language Model Serving with PagedAttention},
  author={Woosuk Kwon and Zhuohan Li and Siyuan Zhuang and Ying Sheng and Lianmin Zheng and Cody Hao Yu and Joseph E. Gonzalez and Hao Zhang and Ion Stoica},
  booktitle={Proceedings of the ACM SIGOPS 29th Symposium on Operating Systems Principles},
  year={2023}
}
@article{xu2023some,
  title={Some things are more cringe than others: Preference optimization with the pairwise cringe loss},
  author={Xu, Jing and Lee, Andrew and Sukhbaatar, Sainbayar and Weston, Jason},
  journal={arXiv preprint arXiv:2312.16682},
  year={2023}
}
@article{tyen2023llms,
  title={LLMs cannot find reasoning errors, but can correct them!},
  author={Tyen, Gladys and Mansoor, Hassan and Chen, Peter and Mak, Tony and C{\u{a}}rbune, Victor},
  journal={arXiv preprint arXiv:2311.08516},
  year={2023}
}


@article{chen2024not,
  title={Do NOT Think That Much for 2+ 3=? On the Overthinking of o1-Like LLMs},
  author={Chen, Xingyu and Xu, Jiahao and Liang, Tian and He, Zhiwei and Pang, Jianhui and Yu, Dian and Song, Linfeng and Liu, Qiuzhi and Zhou, Mengfei and Zhang, Zhuosheng and others},
  journal={arXiv preprint arXiv:2412.21187},
  year={2024}
}
@article{zheng2024natural,
  title={NATURAL PLAN: Benchmarking LLMs on Natural Language Planning},
  author={Zheng, Huaixiu Steven and Mishra, Swaroop and Zhang, Hugh and Chen, Xinyun and Chen, Minmin and Nova, Azade and Hou, Le and Cheng, Heng-Tze and Le, Quoc V and Chi, Ed H and others},
  journal={arXiv preprint arXiv:2406.04520},
  year={2024}
}
@article{ahmadian2024back,
  title={Back to basics: Revisiting reinforce style optimization for learning from human feedback in llms},
  author={Ahmadian, Arash and Cremer, Chris and Gall{\'e}, Matthias and Fadaee, Marzieh and Kreutzer, Julia and Pietquin, Olivier and {\"U}st{\"u}n, Ahmet and Hooker, Sara},
  journal={arXiv preprint arXiv:2402.14740},
  year={2024}
}

@article{guo2024direct,
  title={Direct language model alignment from online ai feedback},
  author={Guo, Shangmin and Zhang, Biao and Liu, Tianlin and Liu, Tianqi and Khalman, Misha and Llinares, Felipe and Rame, Alexandre and Mesnard, Thomas and Zhao, Yao and Piot, Bilal and others},
  journal={arXiv preprint arXiv:2402.04792},
  year={2024}
}
@article{yuan2023rrhf,
  title={RRHF: Rank Responses to Align Language Models with Human Feedback without tears},
  author={Yuan, Zheng and Yuan, Hongyi and Tan, Chuanqi and Wang, Wei and Huang, Songfang and Huang, Fei},
  journal={arXiv preprint arXiv:2304.05302},
  year={2023}
}

@article{wang2023beyond,
  title={Beyond Reverse KL: Generalizing Direct Preference Optimization with Diverse Divergence Constraints},
  author={Wang, Chaoqi and Jiang, Yibo and Yang, Chenghao and Liu, Han and Chen, Yuxin},
  journal={arXiv preprint arXiv:2309.16240},
  year={2023}
}

@article{wang2020reinforcement,
  title={Reinforcement learning with general value function approximation: Provably efficient approach via bounded eluder dimension},
  author={Wang, Ruosong and Salakhutdinov, Russ R and Yang, Lin},
  journal={Advances in Neural Information Processing Systems},
  volume={33},
  pages={6123--6135},
  year={2020}
}

@article{xu2020preference,
  title={Preference-based reinforcement learning with finite-time guarantees},
  author={Xu, Yichong and Wang, Ruosong and Yang, Lin and Singh, Aarti and Dubrawski, Artur},
  journal={Advances in Neural Information Processing Systems},
  volume={33},
  pages={18784--18794},
  year={2020}
}
@inproceedings{novoseller2020dueling,
  title={Dueling posterior sampling for preference-based reinforcement learning},
  author={Novoseller, Ellen and Wei, Yibing and Sui, Yanan and Yue, Yisong and Burdick, Joel},
  booktitle={Conference on Uncertainty in Artificial Intelligence},
  pages={1029--1038},
  year={2020},
  organization={PMLR}
}

@article{langford2007epoch,
  title={The epoch-greedy algorithm for multi-armed bandits with side information},
  author={Langford, John and Zhang, Tong},
  journal={Advances in neural information processing systems},
  volume={20},
  year={2007}
}
@article{azar2023general,
  title={A general theoretical paradigm to understand learning from human preferences},
  author={Azar, Mohammad Gheshlaghi and Rowland, Mark and Piot, Bilal and Guo, Daniel and Calandriello, Daniele and Valko, Michal and Munos, R{\'e}mi},
  journal={arXiv preprint arXiv:2310.12036},
  year={2023}
}

@article{zhu2023fine,
  title={Fine-Tuning Language Models with Advantage-Induced Policy Alignment},
  author={Zhu, Banghua and Sharma, Hiteshi and Frujeri, Felipe Vieira and Dong, Shi and Zhu, Chenguang and Jordan, Michael I and Jiao, Jiantao},
  journal={arXiv preprint arXiv:2306.02231},
  year={2023}
}

@article{nakano2021webgpt,
  title={Webgpt: Browser-assisted question-answering with human feedback},
  author={Nakano, Reiichiro and Hilton, Jacob and Balaji, Suchir and Wu, Jeff and Ouyang, Long and Kim, Christina and Hesse, Christopher and Jain, Shantanu and Kosaraju, Vineet and Saunders, William and others},
  journal={arXiv preprint arXiv:2112.09332},
  year={2021}
}

@article{peng2023stabilizing,
  title={Stabilizing RLHF through Advantage Model and Selective Rehearsal},
  author={Peng, Baolin and Song, Linfeng and Tian, Ye and Jin, Lifeng and Mi, Haitao and Yu, Dong},
  journal={arXiv preprint arXiv:2309.10202},
  year={2023}
}

@inproceedings{agarwal2023vo,
  title={V{O$Q$L}: Towards Optimal Regret in Model-free RL with Nonlinear Function Approximation},
  author={Agarwal, Alekh and Jin, Yujia and Zhang, Tong},
  booktitle={The Thirty Sixth Annual Conference on Learning Theory},
  pages={987--1063},
  year={2023},
  organization={PMLR}
}


@article{xie2021policy,
  title={Policy finetuning: Bridging sample-efficient offline and online reinforcement learning},
  author={Xie, Tengyang and Jiang, Nan and Wang, Huan and Xiong, Caiming and Bai, Yu},
  journal={Advances in neural information processing systems},
  volume={34},
  pages={27395--27407},
  year={2021}
}
@inproceedings{hu2022nearly,
  title={Nearly minimax optimal reinforcement learning with linear function approximation},
  author={Hu, Pihe and Chen, Yu and Huang, Longbo},
  booktitle={International Conference on Machine Learning},
  pages={8971--9019},
  year={2022},
  organization={PMLR}
}
@article{gulcehre2023reinforced,
  title={Reinforced self-training (rest) for language modeling},
  author={Gulcehre, Caglar and Paine, Tom Le and Srinivasan, Srivatsan and Konyushkova, Ksenia and Weerts, Lotte and Sharma, Abhishek and Siddhant, Aditya and Ahern, Alex and Wang, Miaosen and Gu, Chenjie and others},
  journal={arXiv preprint arXiv:2308.08998},
  year={2023}
}
@article{choshen2019weaknesses,
  title={On the weaknesses of reinforcement learning for neural machine translation},
  author={Choshen, Leshem and Fox, Lior and Aizenbud, Zohar and Abend, Omri},
  journal={arXiv preprint arXiv:1907.01752},
  year={2019}
}

@article{hao2022optimizing,
  title={Optimizing Prompts for Text-to-Image Generation},
  author={Hao, Yaru and Chi, Zewen and Dong, Li and Wei, Furu},
  journal={arXiv preprint arXiv:2212.09611},
  year={2022}
}
@article{tien2022causal,
  title={Causal confusion and reward misidentification in preference-based reward learning},
  author={Tien, Jeremy and He, Jerry Zhi-Yang and Erickson, Zackory and Dragan, Anca D and Brown, Daniel S},
  journal={arXiv preprint arXiv:2204.06601},
  year={2022}
}
@article{michaud2020understanding,
  title={Understanding learned reward functions},
  author={Michaud, Eric J and Gleave, Adam and Russell, Stuart},
  journal={arXiv preprint arXiv:2012.05862},
  year={2020}
}

@book{boyd2004convex,
  title={Convex optimization},
  author={Boyd, Stephen P and Vandenberghe, Lieven},
  year={2004},
  publisher={Cambridge university press}
}

@article{wu2021uncertainty,
  title={Uncertainty weighted actor-critic for offline reinforcement learning},
  author={Wu, Yue and Zhai, Shuangfei and Srivastava, Nitish and Susskind, Joshua and Zhang, Jian and Salakhutdinov, Ruslan and Goh, Hanlin},
  journal={arXiv preprint arXiv:2105.08140},
  year={2021}
}
@article{askell2021general,
  title={A general language assistant as a laboratory for alignment},
  author={Askell, Amanda and Bai, Yuntao and Chen, Anna and Drain, Dawn and Ganguli, Deep and Henighan, Tom and Jones, Andy and Joseph, Nicholas and Mann, Ben and DasSarma, Nova and others},
  journal={arXiv preprint arXiv:2112.00861},
  year={2021}
}

@article{schulman2017proximal,
  title={Proximal policy optimization algorithms},
  author={Schulman, John and Wolski, Filip and Dhariwal, Prafulla and Radford, Alec and Klimov, Oleg},
  journal={arXiv preprint arXiv:1707.06347},
  year={2017}
}
@article{zhang2022feel,
  title={Feel-good thompson sampling for contextual bandits and reinforcement learning},
  author={Zhang, Tong},
  journal={SIAM Journal on Mathematics of Data Science},
  volume={4},
  number={2},
  pages={834--857},
  year={2022},
  publisher={SIAM}
}

@article{ciosek2019better,
  title={Better exploration with optimistic actor critic},
  author={Ciosek, Kamil and Vuong, Quan and Loftin, Robert and Hofmann, Katja},
  journal={Advances in Neural Information Processing Systems},
  volume={32},
  year={2019}
}

@article{bai2020optimistic,
  title={Optimistic Exploration with Backward Bootstrapped Bonus for Deep Reinforcement Learning},
  author={Bai, Chenjia and Wang, Lingxiao and Liu, Peng and Wang, Zhaoran and Jianye, HAO and Zhao, Yingnan},
  year={2020}
}
@article{rashid2020optimistic,
  title={Optimistic exploration even with a pessimistic initialisation},
  author={Rashid, Tabish and Peng, Bei and Boehmer, Wendelin and Whiteson, Shimon},
  journal={arXiv preprint arXiv:2002.12174},
  year={2020}
}

@article{bai2022constitutional,
  title={Constitutional ai: Harmlessness from ai feedback},
  author={Bai, Yuntao and Kadavath, Saurav and Kundu, Sandipan and Askell, Amanda and Kernion, Jackson and Jones, Andy and Chen, Anna and Goldie, Anna and Mirhoseini, Azalia and McKinnon, Cameron and others},
  journal={arXiv preprint arXiv:2212.08073},
  year={2022}
}

@article{may1954intransitivity,
  title={Intransitivity, utility, and the aggregation of preference patterns},
  author={May, Kenneth O},
  journal={Econometrica: Journal of the Econometric Society},
  pages={1--13},
  year={1954},
  publisher={JSTOR}
}
@article{tversky1969intransitivity,
  title={Intransitivity of preferences.},
  author={Tversky, Amos},
  journal={Psychological review},
  volume={76},
  number={1},
  pages={31},
  year={1969},
  publisher={American Psychological Association}
}

@article{munos2023nash,
  title={Nash Learning from Human Feedback},
  author={Munos, R{\'e}mi and Valko, Michal and Calandriello, Daniele and Azar, Mohammad Gheshlaghi and Rowland, Mark and Guo, Zhaohan Daniel and Tang, Yunhao and Geist, Matthieu and Mesnard, Thomas and Michi, Andrea and others},
  journal={arXiv preprint arXiv:2312.00886},
  year={2023}
}

@article{swamy2024minimaximalist,
  title={A Minimaximalist Approach to Reinforcement Learning from Human Feedback},
  author={Swamy, Gokul and Dann, Christoph and Kidambi, Rahul and Wu, Zhiwei Steven and Agarwal, Alekh},
  journal={arXiv preprint arXiv:2401.04056},
  year={2024}
}

@article{freund1997decision,
  title={A decision-theoretic generalization of on-line learning and an application to boosting},
  author={Freund, Yoav and Schapire, Robert E},
  journal={Journal of computer and system sciences},
  volume={55},
  number={1},
  pages={119--139},
  year={1997},
  publisher={Elsevier}
}

@misc{OpenHermes2.5,
  title = {OpenHermes 2.5: An Open Dataset of Synthetic Data for Generalist LLM Assistants},
  author = {Teknium},
  year = {2023},
  publisher = {HuggingFace},
  url = {https://huggingface.co/datasets/teknium/OpenHermes-2.5}
}

@article{tang2024generalized,
  title={Generalized Preference Optimization: A Unified Approach to Offline Alignment},
  author={Tang, Yunhao and Guo, Zhaohan Daniel and Zheng, Zeyu and Calandriello, Daniele and Munos, R{\'e}mi and Rowland, Mark and Richemond, Pierre Harvey and Valko, Michal and Pires, Bernardo {\'A}vila and Piot, Bilal},
  journal={arXiv preprint arXiv:2402.05749},
  year={2024}
}
@misc{chiang2024chatbot,
    title={Chatbot Arena: An Open Platform for Evaluating LLMs by Human Preference},
    author={Wei-Lin Chiang and Lianmin Zheng and Ying Sheng and Anastasios Nikolas Angelopoulos and Tianle Li and Dacheng Li and Hao Zhang and Banghua Zhu and Michael Jordan and Joseph E. Gonzalez and Ion Stoica},
    year={2024},
    eprint={2403.04132},
    archivePrefix={arXiv},
    primaryClass={cs.AI}
}

@article{zhang2024lists,
  title={From lists to emojis: How format bias affects model alignment},
  author={Zhang, Xuanchang and Xiong, Wei and Chen, Lichang and Zhou, Tianyi and Huang, Heng and Zhang, Tong},
  journal={arXiv preprint arXiv:2409.11704},
  year={2024}
}
@article{chen1993convergence,
  title={Convergence analysis of a proximal-like minimization algorithm using Bregman functions},
  author={Chen, Gong and Teboulle, Marc},
  journal={SIAM Journal on Optimization},
  volume={3},
  number={3},
  pages={538--543},
  year={1993},
  publisher={SIAM}
}

@article{zheng2024weak,
  title={Weak-to-strong extrapolation expedites alignment},
  author={Zheng, Chujie and Wang, Ziqi and Ji, Heng and Huang, Minlie and Peng, Nanyun},
  journal={arXiv preprint arXiv:2404.16792},
  year={2024}
}
@article{tiapkin2023regularized,
  title={Regularized rl},
  author={Tiapkin, Daniil and Belomestny, Denis and Calandriello, Daniele and Moulines, Eric and Naumov, Alexey and Perrault, Pierre and Valko, Michal and Menard, Pierre},
  journal={arXiv preprint arXiv:2310.17303},
  year={2023}
}
@article{yu2023metamath,
  title={Metamath: Bootstrap your own mathematical questions for large language models},
  author={Yu, Longhui and Jiang, Weisen and Shi, Han and Yu, Jincheng and Liu, Zhengying and Zhang, Yu and Kwok, James T and Li, Zhenguo and Weller, Adrian and Liu, Weiyang},
  journal={arXiv preprint arXiv:2309.12284},
  year={2023}
}
@misc{OpenOrca,
  title = {OpenOrca: An Open Dataset of GPT Augmented FLAN Reasoning Traces},
  author = {Wing Lian and Bleys Goodson and Eugene Pentland and Austin Cook and Chanvichet Vong and "Teknium"},
  year = {2023},
  publisher = {HuggingFace},
  journal = {HuggingFace repository},
  howpublished = {\url{https://https://huggingface.co/Open-Orca/OpenOrca}},
}
@article{Capybara,
  title={Amplify-Instruct: Synthetically Generated Diverse Multi-turn Conversations for Effecient LLM Training.},
  author={Daniele, Luigi and Suphavadeeprasit},
  journal={arXiv preprint arXiv:(coming soon)},
  url={https://huggingface.co/datasets/LDJnr/Capybara},
  year={2023}
}

@misc{snorkelai@pair,
  title={Snorkel-Mistral-PairRM-DPO},
  author={Hoang Tran, Chris Glaze, Braden Hancock},
  url={https://huggingface.co/snorkelai/Snorkel-Mistral-PairRM-DPO},
  year={2024},
  publisher = {HuggingFace},
  journal = {HuggingFace repository},
  howpublished = {\url{https://huggingface.co/snorkelai/Snorkel-Mistral-PairRM-DPO}},
}
@article{ji2024beavertails,
  title={Beavertails: Towards improved safety alignment of llm via a human-preference dataset},
  author={Ji, Jiaming and Liu, Mickel and Dai, Josef and Pan, Xuehai and Zhang, Chi and Bian, Ce and Chen, Boyuan and Sun, Ruiyang and Wang, Yizhou and Yang, Yaodong},
  journal={Advances in Neural Information Processing Systems},
  volume={36},
  year={2024}
}
@article{zelikman2022star,
  title={Star: Bootstrapping reasoning with reasoning},
  author={Zelikman, Eric and Wu, Yuhuai and Mu, Jesse and Goodman, Noah},
  journal={Advances in Neural Information Processing Systems},
  volume={35},
  pages={15476--15488},
  year={2022}
}
@article{zhang2024evaluating,
  title={Evaluating and improving tool-augmented computation-intensive math reasoning},
  author={Zhang, Beichen and Zhou, Kun and Wei, Xilin and Zhao, Xin and Sha, Jing and Wang, Shijin and Wen, Ji-Rong},
  journal={Advances in Neural Information Processing Systems},
  volume={36},
  year={2024}
}

@article{uesato2022solving,
  title={Solving math word problems with process-and outcome-based feedback},
  author={Uesato, Jonathan and Kushman, Nate and Kumar, Ramana and Song, Francis and Siegel, Noah and Wang, Lisa and Creswell, Antonia and Irving, Geoffrey and Higgins, Irina},
  journal={arXiv preprint arXiv:2211.14275},
  year={2022}
}

@article{meng2024simpo,
  title={Simpo: Simple preference optimization with a reference-free reward},
  author={Meng, Yu and Xia, Mengzhou and Chen, Danqi},
  journal={arXiv preprint arXiv:2405.14734},
  year={2024}
}

@article{singh2023beyond,
  title={Beyond human data: Scaling self-training for problem-solving with language models},
  author={Singh, Avi and Co-Reyes, John D and Agarwal, Rishabh and Anand, Ankesh and Patil, Piyush and Liu, Peter J and Harrison, James and Lee, Jaehoon and Xu, Kelvin and Parisi, Aaron and others},
  journal={arXiv preprint arXiv:2312.06585},
  year={2023}
}

@article{tongdart,
  title={DART-Math: Difficulty-Aware Rejection Tuning for Mathematical Problem-Solving},
  author={Tong, Yuxuan and Zhang, Xiwen and Wang, Rui and Wu, Ruidong and He, Junxian},
  year={2024}
}

@article{gou2023critic,
  title={Critic: Large language models can self-correct with tool-interactive critiquing},
  author={Gou, Zhibin and Shao, Zhihong and Gong, Yeyun and Shen, Yelong and Yang, Yujiu and Duan, Nan and Chen, Weizhu},
  journal={arXiv preprint arXiv:2305.11738},
  year={2023}
}
@article{chen2022program,
  title={Program of thoughts prompting: Disentangling computation from reasoning for numerical reasoning tasks},
  author={Chen, Wenhu and Ma, Xueguang and Wang, Xinyi and Cohen, William W},
  journal={arXiv preprint arXiv:2211.12588},
  year={2022}
}
@inproceedings{gao2023pal,
  title={Pal: Program-aided language models},
  author={Gao, Luyu and Madaan, Aman and Zhou, Shuyan and Alon, Uri and Liu, Pengfei and Yang, Yiming and Callan, Jamie and Neubig, Graham},
  booktitle={International Conference on Machine Learning},
  pages={10764--10799},
  year={2023},
  organization={PMLR}
}
@article{yuan2024self,
  title={Self-Rewarding Language Models},
  author={Yuan, Weizhe and Pang, Richard Yuanzhe and Cho, Kyunghyun and Sukhbaatar, Sainbayar and Xu, Jing and Weston, Jason},
  journal={arXiv preprint arXiv:2401.10020},
  year={2024}
}
@article{mishra2022lila,
  title={Lila: A unified benchmark for mathematical reasoning},
  author={Mishra, Swaroop and Finlayson, Matthew and Lu, Pan and Tang, Leonard and Welleck, Sean and Baral, Chitta and Rajpurohit, Tanmay and Tafjord, Oyvind and Sabharwal, Ashish and Clark, Peter and others},
  journal={arXiv preprint arXiv:2210.17517},
  year={2022}
}
@article{shao2022chaining,
  title={Chaining simultaneous thoughts for numerical reasoning},
  author={Shao, Zhihong and Huang, Fei and Huang, Minlie},
  journal={arXiv preprint arXiv:2211.16482},
  year={2022}
}
@article{zhu2022solving,
  title={Solving math word problems via cooperative reasoning induced language models},
  author={Zhu, Xinyu and Wang, Junjie and Zhang, Lin and Zhang, Yuxiang and Huang, Yongfeng and Gan, Ruyi and Zhang, Jiaxing and Yang, Yujiu},
  journal={arXiv preprint arXiv:2210.16257},
  year={2022}
}
@article{zhou2022least,
  title={Least-to-most prompting enables complex reasoning in large language models},
  author={Zhou, Denny and Sch{\"a}rli, Nathanael and Hou, Le and Wei, Jason and Scales, Nathan and Wang, Xuezhi and Schuurmans, Dale and Cui, Claire and Bousquet, Olivier and Le, Quoc and others},
  journal={arXiv preprint arXiv:2205.10625},
  year={2022}
}
@article{zheng2021minif2f,
  title={Minif2f: a cross-system benchmark for formal olympiad-level mathematics},
  author={Zheng, Kunhao and Han, Jesse Michael and Polu, Stanislas},
  journal={arXiv preprint arXiv:2109.00110},
  year={2021}
}
@inproceedings{knox2008tamer,
  title={Tamer: Training an agent manually via evaluative reinforcement},
  author={Knox, W Bradley and Stone, Peter},
  booktitle={2008 7th IEEE international conference on development and learning},
  pages={292--297},
  year={2008},
  organization={IEEE}
}

@inproceedings{bennett2007netflix,
  title={The netflix prize},
  author={Bennett, James and Lanning, Stan and others},
  booktitle={Proceedings of KDD cup and workshop},
  volume={2007},
  pages={35},
  year={2007},
  organization={New York}
}
@article{jiang2023mistral,
  title={Mistral 7B},
  author={Jiang, Albert Q and Sablayrolles, Alexandre and Mensch, Arthur and Bamford, Chris and Chaplot, Devendra Singh and Casas, Diego de las and Bressand, Florian and Lengyel, Gianna and Lample, Guillaume and Saulnier, Lucile and others},
  journal={arXiv preprint arXiv:2310.06825},
  year={2023}
}
@article{manheim2018categorizing,
  title={Categorizing variants of Goodhart's Law},
  author={Manheim, David and Garrabrant, Scott},
  journal={arXiv preprint arXiv:1803.04585},
  year={2018}
}
@inproceedings{liu2023maximize,
  title={Maximize to Explore: One Objective Function Fusing Estimation, Planning, and Exploration},
  author={Liu, Zhihan and Lu, Miao and Xiong, Wei and Zhong, Han and Hu, Hao and Zhang, Shenao and Zheng, Sirui and Yang, Zhuoran and Wang, Zhaoran},
  booktitle={Thirty-seventh Conference on Neural Information Processing Systems},
  year={2023}
}

@article{skalse2209defining,
  title={Defining and characterizing reward hacking. CoRR, abs/2209.13085, 2022. doi: 10.48550},
  author={Skalse, Joar and Howe, Nikolaus HR and Krasheninnikov, Dmitrii and Krueger, David},
  journal={arXiv preprint arXiv.2209.13085},
  year={2022}
}
@article{casper2023open,
  title={Open problems and fundamental limitations of reinforcement learning from human feedback},
  author={Casper, Stephen and Davies, Xander and Shi, Claudia and Gilbert, Thomas Krendl and Scheurer, J{\'e}r{\'e}my and Rando, Javier and Freedman, Rachel and Korbak, Tomasz and Lindner, David and Freire, Pedro and others},
  journal={arXiv preprint arXiv:2307.15217},
  year={2023}
}
@article{bansal2023peering,
  title={Peering through preferences: Unraveling feedback acquisition for aligning large language models},
  author={Bansal, Hritik and Dang, John and Grover, Aditya},
  journal={arXiv preprint arXiv:2308.15812},
  year={2023}
}

@article{wang2023enable,
  title={Enable Language Models to Implicitly Learn Self-Improvement From Data},
  author={Wang, Ziqi and Hou, Le and Lu, Tianjian and Wu, Yuexin and Li, Yunxuan and Yu, Hongkun and Ji, Heng},
  journal={arXiv preprint arXiv:2310.00898},
  year={2023}
}

@article{xu2023contrastive,
  title={Contrastive Post-training Large Language Models on Data Curriculum},
  author={Xu, Canwen and Rosset, Corby and Del Corro, Luciano and Mahajan, Shweti and McAuley, Julian and Neville, Jennifer and Awadallah, Ahmed Hassan and Rao, Nikhil},
  journal={arXiv preprint arXiv:2310.02263},
  year={2023}
}

@article{russo2013eluder,
  title={Eluder dimension and the sample complexity of optimistic exploration},
  author={Russo, Daniel and Van Roy, Benjamin},
  journal={Advances in Neural Information Processing Systems},
  volume={26},
  year={2013}
}

@article{song2023reward,
  title={Reward Collapse in Aligning Large Language Models},
  author={Song, Ziang and Cai, Tianle and Lee, Jason D and Su, Weijie J},
  journal={arXiv preprint arXiv:2305.17608},
  year={2023}
}
@article{zhan2023provable,
  title={Provable Offline Reinforcement Learning with Human Feedback},
  author={Zhan, Wenhao and Uehara, Masatoshi and Kallus, Nathan and Lee, Jason D and Sun, Wen},
  journal={arXiv preprint arXiv:2305.14816},
  year={2023}
}
@article{auer2002finite,
  title={Finite-time analysis of the multiarmed bandit problem},
  author={Auer, Peter and Cesa-Bianchi, Nicolo and Fischer, Paul},
  journal={Machine learning},
  volume={47},
  pages={235--256},
  year={2002},
  publisher={Springer}
}

@article{gentile2022fast,
  title={Fast rates in pool-based batch active learning},
  author={Gentile, Claudio and Wang, Zhilei and Zhang, Tong},
  journal={arXiv preprint arXiv:2202.05448},
  year={2022}
}
@article{christiano2017deep,
  title={Deep reinforcement learning from human preferences},
  author={Christiano, Paul F and Leike, Jan and Brown, Tom and Martic, Miljan and Legg, Shane and Amodei, Dario},
  journal={Advances in neural information processing systems},
  volume={30},
  year={2017}
}
@misc{wang2023helpsteer,
      title={HelpSteer: Multi-attribute Helpfulness Dataset for SteerLM}, 
      author={Zhilin Wang and Yi Dong and Jiaqi Zeng and Virginia Adams and Makesh Narsimhan Sreedhar and Daniel Egert and Olivier Delalleau and Jane Polak Scowcroft and Neel Kant and Aidan Swope and Oleksii Kuchaiev},
      year={2023},
      eprint={2311.09528},
      archivePrefix={arXiv},
      primaryClass={cs.CL}
}

@article{agarwal2019reinforcement,
  title={Reinforcement learning: Theory and algorithms},
  author={Agarwal, Alekh and Jiang, Nan and Kakade, Sham M and Sun, Wen},
  journal={CS Dept., UW Seattle, Seattle, WA, USA, Tech. Rep},
  volume={32},
  year={2019}
}
@article{bai2022training,
  title={Training a helpful and harmless assistant with reinforcement learning from human feedback},
  author={Bai, Yuntao and Jones, Andy and Ndousse, Kamal and Askell, Amanda and Chen, Anna and DasSarma, Nova and Drain, Dawn and Fort, Stanislav and Ganguli, Deep and Henighan, Tom and others},
  journal={arXiv preprint arXiv:2204.05862},
  year={2022}
}

@inproceedings{faury2020improved,
  title={Improved optimistic algorithms for logistic bandits},
  author={Faury, Louis and Abeille, Marc and Calauz{\`e}nes, Cl{\'e}ment and Fercoq, Olivier},
  booktitle={International Conference on Machine Learning},
  pages={3052--3060},
  year={2020},
  organization={PMLR}
}

@article{
dong2023raft,
title={{RAFT}: Reward rAnked FineTuning for Generative Foundation Model Alignment},
author={Hanze Dong and Wei Xiong and Deepanshu Goyal and Yihan Zhang and Winnie Chow and Rui Pan and Shizhe Diao and Jipeng Zhang and KaShun SHUM and Tong Zhang},
journal={Transactions on Machine Learning Research},
issn={2835-8856},
year={2023},
url={https://openreview.net/forum?id=m7p5O7zblY},
note={}
}

@article{ziegler2019fine,
  title={Fine-tuning language models from human preferences},
  author={Ziegler, Daniel M and Stiennon, Nisan and Wu, Jeffrey and Brown, Tom B and Radford, Alec and Amodei, Dario and Christiano, Paul and Irving, Geoffrey},
  journal={arXiv preprint arXiv:1909.08593},
  year={2019}
}

@article{wu2021recursively,
  title={Recursively summarizing books with human feedback},
  author={Wu, Jeff and Ouyang, Long and Ziegler, Daniel M and Stiennon, Nisan and Lowe, Ryan and Leike, Jan and Christiano, Paul},
  journal={arXiv preprint arXiv:2109.10862},
  year={2021}
}

@article{Anthropic@claude,
  title={Introducing claude},
  author={Anthropic},
  url={https://www.anthropic.com/index/introducing-claude},
  year={2023},
}

@article{google@bard,
  title={Bard},
  author={Google},
  url={https://bard.google.com/},
  year={2023},
}

@book{lattimore2020bandit,
  title={Bandit algorithms},
  author={Lattimore, Tor and Szepesv{\'a}ri, Csaba},
  year={2020},
  publisher={Cambridge University Press}
}

@article{rusmevichientong2010linearly,
  title={Linearly parameterized bandits},
  author={Rusmevichientong, Paat and Tsitsiklis, John N},
  journal={Mathematics of Operations Research},
  volume={35},
  number={2},
  pages={395--411},
  year={2010},
  publisher={INFORMS}
}

@inproceedings{gao2023scaling,
  title={Scaling laws for reward model overoptimization},
  author={Gao, Leo and Schulman, John and Hilton, Jacob},
  booktitle={International Conference on Machine Learning},
  pages={10835--10866},
  year={2023},
  organization={PMLR}
}

@article{textbooks2,
  title={Textbooks Are All You Need II: \textbf{phi-1.5} technical report},
  author={Li, Yuanzhi and Bubeck, S{\'e}bastien and Eldan, Ronen and Del Giorno, Allie and Gunasekar, Suriya and Lee, Yin Tat},
  journal={arXiv preprint arXiv:2309.05463},
  year={2023}
}

@software{openlm2023openllama,
  author = {Geng, Xinyang and Liu, Hao},
  title = {OpenLLaMA: An Open Reproduction of LLaMA},
  month = May,
  year = 2023,
  url = {https://github.com/openlm-research/open_llama}
}


@article{zheng2023judging,
  title={Judging LLM-as-a-judge with MT-Bench and Chatbot Arena},
  author={Zheng, Lianmin and Chiang, Wei-Lin and Sheng, Ying and Zhuang, Siyuan and Wu, Zhanghao and Zhuang, Yonghao and Lin, Zi and Li, Zhuohan and Li, Dacheng and Xing, Eric and others},
  journal={arXiv preprint arXiv:2306.05685},
  year={2023}
}
@inproceedings{xiong2022self,
  title={A self-play posterior sampling algorithm for zero-sum Markov games},
  author={Xiong, Wei and Zhong, Han and Shi, Chengshuai and Shen, Cong and Zhang, Tong},
  booktitle={International Conference on Machine Learning},
  pages={24496--24523},
  year={2022},
  organization={PMLR}
}
@article{korbak2022rl,
  title={RL with KL penalties is better viewed as Bayesian inference},
  author={Korbak, Tomasz and Perez, Ethan and Buckley, Christopher L},
  journal={arXiv preprint arXiv:2205.11275},
  year={2022}
}
@inproceedings{ziebart2008maximum,
  title={Maximum entropy inverse reinforcement learning.},
  author={Ziebart, Brian D and Maas, Andrew L and Bagnell, J Andrew and Dey, Anind K and others},
  booktitle={Aaai},
  volume={8},
  pages={1433--1438},
  year={2008},
  organization={Chicago, IL, USA}
}

@article{lin2023speciality,
  title={Speciality vs generality: An empirical study on catastrophic forgetting in fine-tuning foundation models},
  author={Lin, Yong and Tan, Lu and Lin, Hangyu and Zheng, Zeming and Pi, Renjie and Zhang, Jipeng and Diao, Shizhe and Wang, Haoxiang and Zhao, Han and Yao, Yuan and others},
  journal={arXiv preprint arXiv:2309.06256},
  year={2023}
}
@article{anthony2017thinking,
  title={Thinking fast and slow with deep learning and tree search},
  author={Anthony, Thomas and Tian, Zheng and Barber, David},
  journal={Advances in neural information processing systems},
  volume={30},
  year={2017}
}
@article{xiong2023sufficient,
  title={A Sufficient Condition of Sample-Efficient Reinforcement Learning with General Function Approximation},
  author={Xiong, Wei},
  year={2023},
  school={The Hong Kong University of Science and Technology}
}
@article{lu2024online,
  title={Online merging optimizers for boosting rewards and mitigating tax in alignment},
  author={Lu, Keming and Yu, Bowen and Huang, Fei and Fan, Yang and Lin, Runji and Zhou, Chang},
  journal={arXiv preprint arXiv:2405.17931},
  year={2024}
}
@article{rame2024warp,
  title={WARP: On the Benefits of Weight Averaged Rewarded Policies},
  author={Ram{\'e}, Alexandre and Ferret, Johan and Vieillard, Nino and Dadashi, Robert and Hussenot, L{\'e}onard and Cedoz, Pierre-Louis and Sessa, Pier Giuseppe and Girgin, Sertan and Douillard, Arthur and Bachem, Olivier},
  journal={arXiv preprint arXiv:2406.16768},
  year={2024}
}
@article{zhao2023slic,
  title={Slic-hf: Sequence likelihood calibration with human feedback},
  author={Zhao, Yao and Joshi, Rishabh and Liu, Tianqi and Khalman, Misha and Saleh, Mohammad and Liu, Peter J},
  journal={arXiv preprint arXiv:2305.10425},
  year={2023}
}
@article{jin2021power,
  title={The Power of Exploiter: Provable Multi-Agent RL in Large State Spaces},
  author={Jin, Chi and Liu, Qinghua and Yu, Tiancheng},
  journal={arXiv preprint arXiv:2106.03352},
  year={2021}
}
@article{liu2024augmenting,
  title={Augmenting math word problems via iterative question composing},
  author={Liu, Haoxiong and Yao, Andrew Chi-Chih},
  journal={arXiv preprint arXiv:2401.09003},
  year={2024}
}
@article{huang2021towards,
  title={Towards general function approximation in zero-sum markov games},
  author={Huang, Baihe and Lee, Jason D and Wang, Zhaoran and Yang, Zhuoran},
  journal={arXiv preprint arXiv:2107.14702},
  year={2021}
}

@misc{vonwerra2022trl,
  author = {Leandro von Werra and Younes Belkada and Lewis Tunstall and Edward Beeching and Tristan Thrush and Nathan Lambert and Shengyi Huang},
  title = {TRL: Transformer Reinforcement Learning},
  year = {2020},
  publisher = {GitHub},
  journal = {GitHub repository},
  howpublished = {\url{https://github.com/huggingface/trl}}
}

@article{yue2023mammoth,
  title={MAmmoTH: Building Math Generalist Models through Hybrid Instruction Tuning},
  author={Xiang Yue and Xingwei Qu, Ge Zhang and Yao Fu and Wenhao Huang and Huan Sun and Yu Su and Wenhu Chen},
  journal={arXiv preprint arXiv:2309.05653},
  year={2023}
}

@misc{SlimOrca,
  title = {SlimOrca: An Open Dataset of GPT-4 Augmented FLAN Reasoning Traces, with Verification},
  author = {Wing Lian and Guan Wang and Bleys Goodson and Eugene Pentland and Austin Cook and Chanvichet Vong and "Teknium"},
  year = {2023},
  publisher = {HuggingFace},
  url = {https://https://huggingface.co/Open-Orca/SlimOrca}
}

@article{liu2023statistical,
  title={Statistical rejection sampling improves preference optimization},
  author={Liu, Tianqi and Zhao, Yao and Joshi, Rishabh and Khalman, Misha and Saleh, Mohammad and Liu, Peter J and Liu, Jialu},
  journal={arXiv preprint arXiv:2309.06657},
  year={2023}
}

@article{rafailov2023direct,
  title={Direct preference optimization: Your language model is secretly a reward model},
  author={Rafailov, Rafael and Sharma, Archit and Mitchell, Eric and Ermon, Stefano and Manning, Christopher D and Finn, Chelsea},
  journal={arXiv preprint arXiv:2305.18290},
  year={2023}
}
@article{ouyang2022training,
  title={Training language models to follow instructions with human feedback},
  author={Ouyang, Long and Wu, Jeffrey and Jiang, Xu and Almeida, Diogo and Wainwright, Carroll and Mishkin, Pamela and Zhang, Chong and Agarwal, Sandhini and Slama, Katarina and Ray, Alex and others},
  journal={Advances in Neural Information Processing Systems},
  volume={35},
  pages={27730--27744},
  year={2022}
}

@article{pacchiano2021dueling,
  title={Dueling rl: reinforcement learning with trajectory preferences},
  author={Pacchiano, Aldo and Saha, Aadirupa and Lee, Jonathan},
  journal={arXiv preprint arXiv:2111.04850},
  year={2021}
}
@article{zhu2023principled,
  title={Principled Reinforcement Learning with Human Feedback from Pairwise or $ K $-wise Comparisons},
  author={Zhu, Banghua and Jiao, Jiantao and Jordan, Michael I},
  journal={arXiv preprint arXiv:2301.11270},
  year={2023}
}
@article{zanette2021provable,
  title={Provable benefits of actor-critic methods for offline reinforcement learning},
  author={Zanette, Andrea and Wainwright, Martin J and Brunskill, Emma},
  journal={Advances in neural information processing systems},
  volume={34},
  pages={13626--13640},
  year={2021}
}



@article{kong2022provably,
  title={Provably Feedback-Efficient Reinforcement Learning via Active Reward Learning},
  author={Kong, Dingwen and Yang, Lin},
  journal={Advances in Neural Information Processing Systems},
  volume={35},
  pages={11063--11078},
  year={2022}
}

@article{dubois2023alpacafarm,
  title={Alpacafarm: A simulation framework for methods that learn from human feedback},
  author={Dubois, Yann and Li, Xuechen and Taori, Rohan and Zhang, Tianyi and Gulrajani, Ishaan and Ba, Jimmy and Guestrin, Carlos and Liang, Percy and Hashimoto, Tatsunori B},
  journal={arXiv preprint arXiv:2305.14387},
  year={2023}
}
@article{wirth2017survey,
  title={A survey of preference-based reinforcement learning methods},
  author={Wirth, Christian and Akrour, Riad and Neumann, Gerhard and F{\"u}rnkranz, Johannes and others},
  journal={Journal of Machine Learning Research},
  volume={18},
  number={136},
  pages={1--46},
  year={2017},
  publisher={Journal of Machine Learning Research/Massachusetts Institute of Technology~…}
}

@article{bhardwaj2023adversarial,
  title={Adversarial model for offline reinforcement learning},
  author={Bhardwaj, Mohak and Xie, Tengyang and Boots, Byron and Jiang, Nan and Cheng, Ching-An},
  journal={arXiv preprint arXiv:2302.11048},
  year={2023}
}

@article{xie2021bellman,
  title={Bellman-consistent pessimism for offline reinforcement learning},
  author={Xie, Tengyang and Cheng, Ching-An and Jiang, Nan and Mineiro, Paul and Agarwal, Alekh},
  journal={Advances in neural information processing systems},
  volume={34},
  pages={6683--6694},
  year={2021}
}
@article{rashidinejad2021bridging,
  title={Bridging offline reinforcement learning and imitation learning: A tale of pessimism},
  author={Rashidinejad, Paria and Zhu, Banghua and Ma, Cong and Jiao, Jiantao and Russell, Stuart},
  journal={Advances in Neural Information Processing Systems},
  volume={34},
  pages={11702--11716},
  year={2021}
}

@article{agarwal2021theory,
  title={On the theory of policy gradient methods: Optimality, approximation, and distribution shift},
  author={Agarwal, Alekh and Kakade, Sham M and Lee, Jason D and Mahajan, Gaurav},
  journal={The Journal of Machine Learning Research},
  volume={22},
  number={1},
  pages={4431--4506},
  year={2021},
  publisher={JMLRORG}
}

@inproceedings{jin2021pessimism,
  title={Is pessimism provably efficient for offline rl?},
  author={Jin, Ying and Yang, Zhuoran and Wang, Zhaoran},
  booktitle={International Conference on Machine Learning},
  pages={5084--5096},
  year={2021},
  organization={PMLR}
}





@article{qin2023large,
  title={Large language models are effective text rankers with pairwise ranking prompting},
  author={Qin, Zhen and Jagerman, Rolf and Hui, Kai and Zhuang, Honglei and Wu, Junru and Shen, Jiaming and Liu, Tianqi and Liu, Jialu and Metzler, Donald and Wang, Xuanhui and others},
  journal={arXiv preprint arXiv:2306.17563},
  year={2023}
}
@inproceedings{zhang2022corruption,
  title={Corruption-robust offline reinforcement learning},
  author={Zhang, Xuezhou and Chen, Yiding and Zhu, Xiaojin and Sun, Wen},
  booktitle={International Conference on Artificial Intelligence and Statistics},
  pages={5757--5773},
  year={2022},
  organization={PMLR}
}

@article{jiang2023llm,
  title={LLM-Blender: Ensembling Large Language Models with Pairwise Ranking and Generative Fusion},
  author={Jiang, Dongfu and Ren, Xiang and Lin, Bill Yuchen},
  journal={arXiv preprint arXiv:2306.02561},
  year={2023}
}
@article{hong2022sensitivity,
  title={On the Sensitivity of Reward Inference to Misspecified Human Models},
  author={Hong, Joey and Bhatia, Kush and Dragan, Anca},
  journal={arXiv preprint arXiv:2212.04717},
  year={2022}
}

@article{zhong2022gec,
  title={Gec: A unified framework for interactive decision making in mdp, pomdp, and beyond},
  author={Zhong, Han and Xiong, Wei and Zheng, Sirui and Wang, Liwei and Wang, Zhaoran and Yang, Zhuoran and Zhang, Tong},
  journal={arXiv preprint arXiv:2211.01962},
  year={2022}
}

@article{tunstall2023zephyr,
  title={Zephyr: Direct distillation of lm alignment},
  author={Tunstall, Lewis and Beeching, Edward and Lambert, Nathan and Rajani, Nazneen and Rasul, Kashif and Belkada, Younes and Huang, Shengyi and von Werra, Leandro and Fourrier, Cl{\'e}mentine and Habib, Nathan and others},
  journal={arXiv preprint arXiv:2310.16944},
  year={2023}
}

@article{shin2023benchmarks,
  title={Benchmarks and algorithms for offline preference-based reward learning},
  author={Shin, Daniel and Dragan, Anca D and Brown, Daniel S},
  journal={arXiv preprint arXiv:2301.01392},
  year={2023}
}

@article{song2022hybrid,
  title={Hybrid rl: Using both offline and online data can make rl efficient},
  author={Song, Yuda and Zhou, Yifei and Sekhari, Ayush and Bagnell, J Andrew and Krishnamurthy, Akshay and Sun, Wen},
  journal={arXiv preprint arXiv:2210.06718},
  year={2022}
}

@article{coste2023reward,
  title={Reward Model Ensembles Help Mitigate Overoptimization},
  author={Coste, Thomas and Anwar, Usman and Kirk, Robert and Krueger, David},
  journal={arXiv preprint arXiv:2310.02743},
  year={2023}
}

@inproceedings{cai2020provably,
  title={Provably efficient exploration in policy optimization},
  author={Cai, Qi and Yang, Zhuoran and Jin, Chi and Wang, Zhaoran},
  booktitle={International Conference on Machine Learning},
  pages={1283--1294},
  year={2020},
  organization={PMLR}
}

@inproceedings{zanette2021cautiously,
  title={Cautiously optimistic policy optimization and exploration with linear function approximation},
  author={Zanette, Andrea and Cheng, Ching-An and Agarwal, Alekh},
  booktitle={Conference on Learning Theory},
  pages={4473--4525},
  year={2021},
  organization={PMLR}
}

@inproceedings{chen2022human,
  title={Human-in-the-loop: Provably efficient preference-based reinforcement learning with general function approximation},
  author={Chen, Xiaoyu and Zhong, Han and Yang, Zhuoran and Wang, Zhaoran and Wang, Liwei},
  booktitle={International Conference on Machine Learning},
  pages={3773--3793},
  year={2022},
  organization={PMLR}
}

@article{zhong2023theoretical,
  title={A theoretical analysis of optimistic proximal policy optimization in linear markov decision processes},
  author={Zhong, Han and Zhang, Tong},
  journal={arXiv preprint arXiv:2305.08841},
  year={2023}
}

@article{li2023reinforcement,
  title={Reinforcement Learning with Human Feedback: Learning Dynamic Choices via Pessimism},
  author={Li, Zihao and Yang, Zhuoran and Wang, Mengdi},
  journal={arXiv preprint arXiv:2305.18438},
  year={2023}
}

@article{ramamurthy2022reinforcement,
  title={Is reinforcement learning (not) for natural language processing?: Benchmarks, baselines, and building blocks for natural language policy optimization},
  author={Ramamurthy, Rajkumar and Ammanabrolu, Prithviraj and Brantley, Kiant{\'e} and Hessel, Jack and Sifa, Rafet and Bauckhage, Christian and Hajishirzi, Hannaneh and Choi, Yejin},
  journal={arXiv preprint arXiv:2210.01241},
  year={2022}
}


@article{chan2024dense,
  title={Dense Reward for Free in Reinforcement Learning from Human Feedback},
  author={Chan, Alex J and Sun, Hao and Holt, Samuel and van der Schaar, Mihaela},
  journal={arXiv preprint arXiv:2402.00782},
  year={2024}
}
@article{zhong2024dpo,
  title={DPO Meets PPO: Reinforced Token Optimization for RLHF},
  author={Zhong, Han and Feng, Guhao and Xiong, Wei and Zhao, Li and He, Di and Bian, Jiang and Wang, Liwei},
  journal={arXiv preprint arXiv:2404.18922},
  year={2024}
}
@article{chang2024dataset,
  title={Dataset Reset Policy Optimization for RLHF},
  author={Chang, Jonathan D and Shan, Wenhao and Oertell, Owen and Brantley, Kiant{\'e} and Misra, Dipendra and Lee, Jason D and Sun, Wen},
  journal={arXiv preprint arXiv:2404.08495},
  year={2024}
}
@article{chen2024noise,
  title={Noise Contrastive Alignment of Language Models with Explicit Rewards},
  author={Chen, Huayu and He, Guande and Su, Hang and Zhu, Jun},
  journal={arXiv preprint arXiv:2402.05369},
  year={2024}
}
@article{xie2023decomposition,
  title={Decomposition enhances reasoning via self-evaluation guided decoding},
  author={Xie, Yuxi and Kawaguchi, Kenji and Zhao, Yiran and Zhao, Xu and Kan, Min-Yen and He, Junxian and Xie, Qizhe},
  journal={arXiv preprint arXiv:2305.00633},
  volume={2},
  year={2023}
}
@article{laskin2022context,
  title={In-context reinforcement learning with algorithm distillation},
  author={Laskin, Michael and Wang, Luyu and Oh, Junhyuk and Parisotto, Emilio and Spencer, Stephen and Steigerwald, Richie and Strouse, DJ and Hansen, Steven and Filos, Angelos and Brooks, Ethan and others},
  journal={arXiv preprint arXiv:2210.14215},
  year={2022}
}
@article{wu2024self,
  title={Self-Play Preference Optimization for Language Model Alignment},
  author={Wu, Yue and Sun, Zhiqing and Yuan, Huizhuo and Ji, Kaixuan and Yang, Yiming and Gu, Quanquan},
  journal={arXiv preprint arXiv:2405.00675},
  year={2024}
}
@article{weng2022large,
  title={Large language models are better reasoners with self-verification},
  author={Weng, Yixuan and Zhu, Minjun and Xia, Fei and Li, Bin and He, Shizhu and Liu, Shengping and Sun, Bin and Liu, Kang and Zhao, Jun},
  journal={arXiv preprint arXiv:2212.09561},
  year={2022}
}
@article{pan2023automatically,
  title={Automatically correcting large language models: Surveying the landscape of diverse self-correction strategies},
  author={Pan, Liangming and Saxon, Michael and Xu, Wenda and Nathani, Deepak and Wang, Xinyi and Wang, William Yang},
  journal={arXiv preprint arXiv:2308.03188},
  year={2023}
}
@misc{xiong2024implementation,
  title={An implementation of generative prm},
  author={Xiong, Wei and Zhang, Hanning and Jiang, Nan and Zhang, Tong},
  year={2024}
}

@inproceedings{stienon2020learning,
  author = {Nisan Stiennon and Long Ouyang and Jeff Wu and Daniel M. Ziegler and Ryan Lowe and Chelsea Voss and Alec Radford and Dario Amodei and Paul Christiano},
  title = {Learning to summarize from human feedback},
  booktitle = {NeurIPS},
  year = 2020,
}

@inproceedings{mint2024a,
  title={MINT: Multi-turn interactive evaluation for Tool-augmented LLMs with Language Feedback}, 
  author={Wang, Xingyao and Wang, Zihan and Liu, Jiateng and Chen, Yangyi and Yuan, Lifan and Peng, Hao and Ji, Heng},
  year={2024},
  booktitle = {Proc. The Twelfth International Conference on Learning Representations (ICLR2024)}
}

@inproceedings{nlfeedback2023,
    title     = {LeTI: Learning to Generate from Textual Interactions},
    author    = {Wang, Xingyao and Peng, Hao and Jabbarvand, Reyhaneh and Ji, Heng},
    year      = {2023},
    booktitle = {arxiv}
}

@article{team2024codegemma,
  title={Codegemma: Open code models based on gemma},
  author={Team, CodeGemma},
  journal={arXiv preprint arXiv:2406.11409},
  year={2024}
}
@article{wang2023rlhf,
  title={Is RLHF More Difficult than Standard RL?},
  author={Wang, Yuanhao and Liu, Qinghua and Jin, Chi},
  journal={arXiv preprint arXiv:2306.14111},
  year={2023}
}

@article{nemirovskij1983problem,
  title={Problem complexity and method efficiency in optimization},
  author={Nemirovskij, Arkadij Semenovi{\v{c}} and Yudin, David Borisovich},
  year={1983},
  publisher={Wiley-Interscience}
}


@article{zhang2024iterative,
  title={Iterative Nash Policy Optimization: Aligning LLMs with General Preferences via No-Regret Learning},
  author={Zhang, Yuheng and Yu, Dian and Peng, Baolin and Song, Linfeng and Tian, Ye and Huo, Mingyue and Jiang, Nan and Mi, Haitao and Yu, Dong},
  journal={arXiv preprint arXiv:2407.00617},
  year={2024}
}

@article{wu2023making,
  title={Making RL with Preference-based Feedback Efficient via Randomization},
  author={Wu, Runzhe and Sun, Wen},
  journal={arXiv preprint arXiv:2310.14554},
  year={2023}
}

@article{lu2024step,
  title={Step-Controlled DPO: Leveraging Stepwise Error for Enhanced Mathematical Reasoning},
  author={Lu, Zimu and Zhou, Aojun and Wang, Ke and Ren, Houxing and Shi, Weikang and Pan, Junting and Zhan, Mingjie},
  journal={arXiv preprint arXiv:2407.00782},
  year={2024}
}
@article{pi2024strengthening,
  title={Strengthening multimodal large language model with bootstrapped preference optimization},
  author={Pi, Renjie and Han, Tianyang and Xiong, Wei and Zhang, Jipeng and Liu, Runtao and Pan, Rui and Zhang, Tong},
  journal={arXiv preprint arXiv:2403.08730},
  year={2024}
}
@article{zhan2023query,
  title={How to Query Human Feedback Efficiently in RL?},
  author={Zhan, Wenhao and Uehara, Masatoshi and Sun, Wen and Lee, Jason D},
  journal={arXiv preprint arXiv:2305.18505},
  year={2023}
}
@misc{zhu2023starling,
  title={Starling-7b: Improving llm helpfulness \& harmlessness with rlaif},
  author={Zhu, Banghua and Frick, Evan and Wu, Tianhao and Zhu, Hanlin and Jiao, Jiantao},
  year={2023},
  publisher={November}
}

@article{gui2024bonbon,
  title={BoNBoN Alignment for Large Language Models and the Sweetness of Best-of-n Sampling},
  author={Gui, Lin and G{\^a}rbacea, Cristina and Veitch, Victor},
  journal={arXiv preprint arXiv:2406.00832},
  year={2024}
}
@article{team2023gemini,
  title={Gemini: a family of highly capable multimodal models},
  author={Team, Gemini and Anil, Rohan and Borgeaud, Sebastian and Wu, Yonghui and Alayrac, Jean-Baptiste and Yu, Jiahui and Soricut, Radu and Schalkwyk, Johan and Dai, Andrew M and Hauth, Anja and others},
  journal={arXiv preprint arXiv:2312.11805},
  year={2023}
}

@article{yue2012k,
  title={The k-armed dueling bandits problem},
  author={Yue, Yisong and Broder, Josef and Kleinberg, Robert and Joachims, Thorsten},
  journal={Journal of Computer and System Sciences},
  volume={78},
  number={5},
  pages={1538--1556},
  year={2012},
  publisher={Elsevier}
}


@article{ethayarajh2024kto,
  title={Kto: Model alignment as prospect theoretic optimization},
  author={Ethayarajh, Kawin and Xu, Winnie and Muennighoff, Niklas and Jurafsky, Dan and Kiela, Douwe},
  journal={arXiv preprint arXiv:2402.01306},
  year={2024}
}
@article{bai2023qwen,
  title={Qwen technical report},
  author={Bai, Jinze and Bai, Shuai and Chu, Yunfei and Cui, Zeyu and Dang, Kai and Deng, Xiaodong and Fan, Yang and Ge, Wenbin and Han, Yu and Huang, Fei and others},
  journal={arXiv preprint arXiv:2309.16609},
  year={2023}
}
@article{bengs2021preference,
  title={Preference-based online learning with dueling bandits: A survey},
  author={Bengs, Viktor and Busa-Fekete, R{\'o}bert and El Mesaoudi-Paul, Adil and H{\"u}llermeier, Eyke},
  journal={The Journal of Machine Learning Research},
  volume={22},
  number={1},
  pages={278--385},
  year={2021},
  publisher={JMLRORG}
}

@article{liu2023one,
  title={One Objective to Rule Them All: A Maximization Objective Fusing Estimation and Planning for Exploration},
  author={Liu, Zhihan and Lu, Miao and Xiong, Wei and Zhong, Han and Hu, Hao and Zhang, Shenao and Zheng, Sirui and Yang, Zhuoran and Wang, Zhaoran},
  journal={arXiv preprint arXiv:2305.18258},
  year={2023}
}

@article{xiong2022nearly,
  title={Nearly minimax optimal offline reinforcement learning with linear function approximation: Single-agent mdp and markov game},
  author={Xiong, Wei and Zhong, Han and Shi, Chengshuai and Shen, Cong and Wang, Liwei and Zhang, Tong},
  journal={arXiv preprint arXiv:2205.15512},
  year={2022}
}

@article{yin2022near,
  title={Near-optimal offline reinforcement learning with linear representation: Leveraging variance information with pessimism},
  author={Yin, Ming and Duan, Yaqi and Wang, Mengdi and Wang, Yu-Xiang},
  journal={arXiv preprint arXiv:2203.05804},
  year={2022}
}

@inproceedings{xie2021batch,
  title={Batch value-function approximation with only realizability},
  author={Xie, Tengyang and Jiang, Nan},
  booktitle={International Conference on Machine Learning},
  pages={11404--11413},
  year={2021},
  organization={PMLR}
}
@article{saha2021optimal,
  title={Optimal algorithms for stochastic contextual preference bandits},
  author={Saha, Aadirupa},
  journal={Advances in Neural Information Processing Systems},
  volume={34},
  pages={30050--30062},
  year={2021}
}

@article{xiong2023gibbs,
  title={Gibbs sampling from human feedback: A provable kl-constrained framework for rlhf},
  author={Xiong, Wei and Dong, Hanze and Ye, Chenlu and Zhong, Han and Jiang, Nan and Zhang, Tong},
  journal={arXiv preprint arXiv:2312.11456},
  year={2023}
}

@inproceedings{xiong2023iterative,
  title={Iterative Preference Learning from Human Feedback: Bridging Theory and Practice for RLHF under KL-constraint},
  author={Xiong, Wei and Dong, Hanze and Ye, Chenlu and Wang, Ziqi and Zhong, Han and Ji, Heng and Jiang, Nan and Zhang, Tong},
  joural={ICLR 2024 Workshop on Mathematical and Empirical Understanding of Foundation Models},
    year={2023}
}

@inproceedings{xiong2024iterative,
  title={Iterative preference learning from human feedback: Bridging theory and practice for rlhf under kl-constraint},
  author={Xiong, Wei and Dong, Hanze and Ye, Chenlu and Wang, Ziqi and Zhong, Han and Ji, Heng and Jiang, Nan and Zhang, Tong},
  booktitle={Forty-first International Conference on Machine Learning},
    year={2023}
}

@inproceedings{zhong2022pessimistic,
  title={Pessimistic minimax value iteration: Provably efficient equilibrium learning from offline datasets},
  author={Zhong, Han and Xiong, Wei and Tan, Jiyuan and Wang, Liwei and Zhang, Tong and Wang, Zhaoran and Yang, Zhuoran},
  booktitle={International Conference on Machine Learning},
  pages={27117--27142},
  year={2022},
  organization={PMLR}
}
@article{ye2024theoretical,
  title={A theoretical analysis of nash learning from human feedback under general kl-regularized preference},
  author={Ye, Chenlu and Xiong, Wei and Zhang, Yuheng and Jiang, Nan and Zhang, Tong},
  journal={arXiv preprint arXiv:2402.07314},
  year={2024}
}
@article{xie2022role,
  title={The role of coverage in online reinforcement learning},
  author={Xie, Tengyang and Foster, Dylan J and Bai, Yu and Jiang, Nan and Kakade, Sham M},
  journal={arXiv preprint arXiv:2210.04157},
  year={2022}
}

@article{rosset2024direct,
  title={Direct nash optimization: Teaching language models to self-improve with general preferences},
  author={Rosset, Corby and Cheng, Ching-An and Mitra, Arindam and Santacroce, Michael and Awadallah, Ahmed and Xie, Tengyang},
  journal={arXiv preprint arXiv:2404.03715},
  year={2024}
}
@article{hendrycks2021measuring,
  title={Measuring mathematical problem solving with the math dataset},
  author={Hendrycks, Dan and Burns, Collin and Kadavath, Saurav and Arora, Akul and Basart, Steven and Tang, Eric and Song, Dawn and Steinhardt, Jacob},
  journal={arXiv preprint arXiv:2103.03874},
  year={2021}
}

@article{shani2024multi,
  title={Multi-turn Reinforcement Learning from Preference Human Feedback},
  author={Shani, Lior and Rosenberg, Aviv and Cassel, Asaf and Lang, Oran and Calandriello, Daniele and Zipori, Avital and Noga, Hila and Keller, Orgad and Piot, Bilal and Szpektor, Idan and others},
  journal={arXiv preprint arXiv:2405.14655},
  year={2024}
}
@article{cen2024value,
  title={Value-Incentivized Preference Optimization: A Unified Approach to Online and Offline RLHF},
  author={Cen, Shicong and Mei, Jincheng and Goshvadi, Katayoon and Dai, Hanjun and Yang, Tong and Yang, Sherry and Schuurmans, Dale and Chi, Yuejie and Dai, Bo},
  journal={arXiv preprint arXiv:2405.19320},
  year={2024}
}

@article{zhang2024self,
  title={Self-Exploring Language Models: Active Preference Elicitation for Online Alignment},
  author={Zhang, Shenao and Yu, Donghan and Sharma, Hiteshi and Yang, Ziyi and Wang, Shuohang and Hassan, Hany and Wang, Zhaoran},
  journal={arXiv preprint arXiv:2405.19332},
  year={2024}
}
@article{dong2024rlhf,
  title={Rlhf workflow: From reward modeling to online rlhf},
  author={Dong, Hanze and Xiong, Wei and Pang, Bo and Wang, Haoxiang and Zhao, Han and Zhou, Yingbo and Jiang, Nan and Sahoo, Doyen and Xiong, Caiming and Zhang, Tong},
  journal={arXiv preprint arXiv:2405.07863},
  year={2024}
}
@article{tajwar2024preference,
  title={Preference Fine-Tuning of LLMs Should Leverage Suboptimal, On-Policy Data},
  author={Tajwar, Fahim and Singh, Anikait and Sharma, Archit and Rafailov, Rafael and Schneider, Jeff and Xie, Tengyang and Ermon, Stefano and Finn, Chelsea and Kumar, Aviral},
  journal={arXiv preprint arXiv:2404.14367},
  year={2024}
}

@article{cui2022offline,
  title={When are Offline Two-Player Zero-Sum Markov Games Solvable?},
  author={Cui, Qiwen and Du, Simon S},
  journal={Advances in Neural Information Processing Systems},
  volume={35},
  pages={25779--25791},
  year={2022}
}

@inproceedings{dudik2015contextual,
  title={Contextual dueling bandits},
  author={Dud{\'\i}k, Miroslav and Hofmann, Katja and Schapire, Robert E and Slivkins, Aleksandrs and Zoghi, Masrour},
  booktitle={Conference on Learning Theory},
  pages={563--587},
  year={2015},
  organization={PMLR}
}

@article{zhang2023offline,
  title={Offline Learning in Markov Games with General Function Approximation},
  author={Zhang, Yuheng and Bai, Yu and Jiang, Nan},
  journal={arXiv preprint arXiv:2302.02571},
  year={2023}
}

@inproceedings{ye2023corruptiona,
  title={Corruption-robust algorithms with uncertainty weighting for nonlinear contextual bandits and markov decision processes},
  author={Ye, Chenlu and Xiong, Wei and Gu, Quanquan and Zhang, Tong},
  booktitle={International Conference on Machine Learning},
  pages={39834--39863},
  year={2023},
  organization={PMLR}
}

@article{ye2023corruptionb,
  title={Corruption-Robust Offline Reinforcement Learning with General Function Approximation},
  author={Ye, Chenlu and Yang, Rui and Gu, Quanquan and Zhang, Tong},
  journal={arXiv preprint arXiv:2310.14550},
  year={2023}
}

@article{calandriello2024human,
  title={Human Alignment of Large Language Models through Online Preference Optimisation},
  author={Calandriello, Daniele and Guo, Daniel and Munos, Remi and Rowland, Mark and Tang, Yunhao and Pires, Bernardo Avila and Richemond, Pierre Harvey and Lan, Charline Le and Valko, Michal and Liu, Tianqi and others},
  journal={arXiv preprint arXiv:2403.08635},
  year={2024}
}

@article{simpson1969defining,
  title={On defining areas of voter choice: Professor Tullock on stable voting},
  author={Simpson, Paul B},
  journal={The Quarterly Journal of Economics},
  volume={83},
  number={3},
  pages={478--490},
  year={1969},
  publisher={MIT Press}
}

@article{kramer1973class,
  title={On a class of equilibrium conditions for majority rule},
  author={Kramer, Gerald H},
  journal={Econometrica: Journal of the Econometric Society},
  pages={285--297},
  year={1973},
  publisher={JSTOR}
}

@article{fishburn1984probabilistic,
  title={Probabilistic social choice based on simple voting comparisons},
  author={Fishburn, Peter C},
  journal={The Review of Economic Studies},
  volume={51},
  number={4},
  pages={683--692},
  year={1984},
  publisher={Wiley-Blackwell}
}

@article{chen2024self,
  title={Self-play fine-tuning converts weak language models to strong language models},
  author={Chen, Zixiang and Deng, Yihe and Yuan, Huizhuo and Ji, Kaixuan and Gu, Quanquan},
  journal={arXiv preprint arXiv:2401.01335},
  year={2024}
}

@article{ji2024reinforcement,
  title={Reinforcement Learning from Human Feedback with Active Queries},
  author={Ji, Kaixuan and He, Jiafan and Gu, Quanquan},
  journal={arXiv preprint arXiv:2402.09401},
  year={2024}
}

@article{cobbe2021gsm8k,
  title={Training Verifiers to Solve Math Word Problems},
  author={Cobbe, Karl and Kosaraju, Vineet and Bavarian, Mohammad and Chen, Mark and Jun, Heewoo and Kaiser, Lukasz and Plappert, Matthias and Tworek, Jerry and Hilton, Jacob and Nakano, Reiichiro and Hesse, Christopher and Schulman, John},
  journal={arXiv preprint arXiv:2110.14168},
  year={2021}
}
@article{hendrycks2020measuring,
  title={Measuring massive multitask language understanding},
  author={Hendrycks, Dan and Burns, Collin and Basart, Steven and Zou, Andy and Mazeika, Mantas and Song, Dawn and Steinhardt, Jacob},
  journal={arXiv preprint arXiv:2009.03300},
  year={2020}
}
@article{allenai:arc,
      author    = {Peter Clark  and Isaac Cowhey and Oren Etzioni and Tushar Khot and
                    Ashish Sabharwal and Carissa Schoenick and Oyvind Tafjord},
      title     = {Think you have Solved Question Answering? Try ARC, the AI2 Reasoning Challenge},
      journal   = {arXiv:1803.05457v1},
      year      = {2018},
}
@article{austin2021program,
  title={Program Synthesis with Large Language Models},
  author={Austin, Jacob and Odena, Augustus and Nye, Maxwell and Bosma, Maarten and Michalewski, Henryk and Dohan, David and Jiang, Ellen and Cai, Carrie and Terry, Michael and Le, Quoc and others},
  journal={arXiv preprint arXiv:2108.07732},
  year={2021}}


@article{chen2021codex,
  title={Evaluating Large Language Models Trained on Code},
  author={Mark Chen and Jerry Tworek and Heewoo Jun and Qiming Yuan and Henrique Ponde de Oliveira Pinto and Jared Kaplan and Harri Edwards and Yuri Burda and Nicholas Joseph and Greg Brockman and Alex Ray and Raul Puri and Gretchen Krueger and Michael Petrov and Heidy Khlaaf and Girish Sastry and Pamela Mishkin and Brooke Chan and Scott Gray and Nick Ryder and Mikhail Pavlov and Alethea Power and Lukasz Kaiser and Mohammad Bavarian and Clemens Winter and Philippe Tillet and Felipe Petroski Such and Dave Cummings and Matthias Plappert and Fotios Chantzis and Elizabeth Barnes and Ariel Herbert-Voss and William Hebgen Guss and Alex Nichol and Alex Paino and Nikolas Tezak and Jie Tang and Igor Babuschkin and Suchir Balaji and Shantanu Jain and William Saunders and Christopher Hesse and Andrew N. Carr and Jan Leike and Josh Achiam and Vedant Misra and Evan Morikawa and Alec Radford and Matthew Knight and Miles Brundage and Mira Murati and Katie Mayer and Peter Welinder and Bob McGrew and Dario Amodei and Sam McCandlish and Ilya Sutskever and Wojciech Zaremba},
  year={2021},
  eprint={2107.03374},
  archivePrefix={arXiv},
  primaryClass={cs.LG}
}

@article{lin2021truthfulqa,
  title={Truthfulqa: Measuring how models mimic human falsehoods},
  author={Lin, Stephanie and Hilton, Jacob and Evans, Owain},
  journal={arXiv preprint arXiv:2109.07958},
  year={2021}
}
@misc{nomic,
      title={Nomic Embed: Training a Reproducible Long Context Text Embedder}, 
      author={Zach Nussbaum and John X. Morris and Brandon Duderstadt and Andriy Mulyar},
      year={2024},
      eprint={2402.01613},
      archivePrefix={arXiv},
      primaryClass={cs.CL}
}


@inproceedings{pang-etal-2024-arm,
  title={ARM: Alignment with Residual Energy-Based Model},
  author={Pang, Bo and Xiong, Caiming and Zhou, Yingbo},
    booktitle = "Proceedings of the 2024 Conference of the North American Chapter of the Association for Computational Linguistics: Human Language Technologies",
    month = jun,
    year = "2024",
}
@article{zheng2024cheating,
  title={Cheating automatic llm benchmarks: Null models achieve high win rates},
  author={Zheng, Xiaosen and Pang, Tianyu and Du, Chao and Liu, Qian and Jiang, Jing and Lin, Min},
  journal={arXiv preprint arXiv:2410.07137},
  year={2024}
}
@misc{helm-instruct,
  author = {Yian Zhang and Yifan Mai and Josselin Somerville Roberts and Rishi Bommasani and Yann Dubois and Percy Liang},
  title = {HELM Instruct: A Multidimensional Instruction Following Evaluation Framework with Absolute Ratings},
  month = {February},
  year = {2024},
  url = {https://crfm.stanford.edu/2024/02/18/helm-instruct.html},
}
@inproceedings{llm-blender-2023,
    title = "LLM-Blender: Ensembling Large Language Models with Pairwise Comparison and Generative Fusion",
    author = "Jiang, Dongfu and Ren, Xiang and Lin, Bill Yuchen",
    booktitle = "Proceedings of the 61th Annual Meeting of the Association for Computational Linguistics (ACL 2023)",
    year = "2023"
}
@inproceedings{biyik2018batch,
  title={Batch active preference-based learning of reward functions},
  author={Biyik, Erdem and Sadigh, Dorsa},
  booktitle={Conference on robot learning},
  pages={519--528},
  year={2018},
  organization={PMLR}
}
@article{feffer2023moral,
  title={Moral Machine or Tyranny of the Majority?},
  author={Feffer, Michael and Heidari, Hoda and Lipton, Zachary C},
  journal={arXiv preprint arXiv:2305.17319},
  year={2023}
}

@article{xu2024chatglm,
  title={ChatGLM-Math: Improving Math Problem-Solving in Large Language Models with a Self-Critique Pipeline},
  author={Xu, Yifan and Liu, Xiao and Liu, Xinghan and Hou, Zhenyu and Li, Yueyan and Zhang, Xiaohan and Wang, Zihan and Zeng, Aohan and Du, Zhengxiao and Zhao, Wenyi and others},
  journal={arXiv preprint arXiv:2404.02893},
  year={2024}
}
@article{lin2024limited,
  title={On the Limited Generalization Capability of the Implicit Reward Model Induced by Direct Preference Optimization},
  author={Lin, Yong and Seto, Skyler and ter Hoeve, Maartje and Metcalf, Katherine and Theobald, Barry-John and Wang, Xuan and Zhang, Yizhe and Huang, Chen and Zhang, Tong},
  journal={arXiv preprint arXiv:2409.03650},
  year={2024}
}
@article{pace2024west,
  title={West-of-N: Synthetic Preference Generation for Improved Reward Modeling},
  author={Pace, Aliz{\'e}e and Mallinson, Jonathan and Malmi, Eric and Krause, Sebastian and Severyn, Aliaksei},
  journal={arXiv preprint arXiv:2401.12086},
  year={2024}
}

@inproceedings{liu2022partially,
  title={When is partially observable reinforcement learning not scary?},
  author={Liu, Qinghua and Chung, Alan and Szepesv{\'a}ri, Csaba and Jin, Chi},
  booktitle={Conference on Learning Theory},
  pages={5175--5220},
  year={2022},
  organization={PMLR}
}
@article{wang2024interpretable,
  title={Interpretable Preferences via Multi-Objective Reward Modeling and Mixture-of-Experts},
  author={Wang, Haoxiang and Xiong, Wei and Xie, Tengyang and Zhao, Han and Zhang, Tong},
  journal={arXiv preprint arXiv:2406.12845},
  year={2024}
}
@misc{skyworkcritic2024,
  title={Skywork Critic Model Series},
  author={Shiwen, Tu and Liang, Zhao and Liu, Chris Yuhao and Zeng, Liang and Liu, Yang},
  year={2024},
  month={September},
  howpublished={\url{https://huggingface.co/Skywork}},
  url={https://huggingface.co/Skywork},
}
@inproceedings{liu2023optimistic,
  title={Optimistic mle: A generic model-based algorithm for partially observable sequential decision making},
  author={Liu, Qinghua and Netrapalli, Praneeth and Szepesvari, Csaba and Jin, Chi},
  booktitle={Proceedings of the 55th Annual ACM Symposium on Theory of Computing},
  pages={363--376},
  year={2023}
}

@book{sutton2018reinforcement,
  title={Reinforcement learning: An introduction},
  author={Sutton, Richard S and Barto, Andrew G},
  year={2018},
  publisher={MIT press}
}



@article{singhal2023long,
  title={A long way to go: Investigating length correlations in rlhf},
  author={Singhal, Prasann and Goyal, Tanya and Xu, Jiacheng and Durrett, Greg},
  journal={arXiv preprint arXiv:2310.03716},
  year={2023}
}
@misc{zhang2024entropyregularizedprocessrewardmodel,
      title={Entropy-Regularized Process Reward Model}, 
      author={Hanning Zhang and Pengcheng Wang and Shizhe Diao and Yong Lin and Rui Pan and Hanze Dong and Dylan Zhang and Pavlo Molchanov and Tong Zhang},
      year={2024},
      eprint={2412.11006},
      archivePrefix={arXiv},
      primaryClass={cs.LG},
      url={https://arxiv.org/abs/2412.11006}, 
}