@incollection{doshi-velez.kim_2018_considerations,
  title = {Considerations for {{Evaluation}} and {{Generalization}} in {{Interpretable Machine Learning}}},
  booktitle = {Explainable and {{Interpretable Models}} in {{Computer Vision}} and {{Machine Learning}}},
  author = {{Doshi-Velez}, Finale and Kim, Been},
  editor = {Escalante, Hugo Jair and Escalera, Sergio and Guyon, Isabelle and Bar{\'o}, Xavier and G{\"u}{\c c}l{\"u}t{\"u}rk, Ya{\u g}mur and G{\"u}{\c c}l{\"u}, Umut and {van Gerven}, Marcel},
  year = {2018},
  pages = {3--17},
  doi = {10.1007/978-3-319-98131-4_1},
  publisher={Springer},
  langid = {english}
}

@misc{mercier.etal_2022_time,
  title = {Time to {{Focus}}: {{A Comprehensive Benchmark Using Time Series Attribution Methods}}},
  author = {Mercier, Dominique and Bhatt, Jwalin and Dengel, Andreas and Ahmed, Sheraz},
  year = {2022},
  doi = {10.48550/arXiv.2202.03759}
}

@article{nauta.etal_2023_anecdotal,
  title = {From {{Anecdotal Evidence}} to {{Quantitative Evaluation Methods}}: {{A Systematic Review}} on {{Evaluating Explainable AI}}},
  author = {Nauta, Meike and Trienes, Jan and Pathak, Shreyasi and Nguyen, Elisa and Peters, Michelle and Schmitt, Yasmin and Schl{\"o}tterer, J{\"o}rg and Van Keulen, Maurice and Seifert, Christin},
  year = {2023},
  journal = {ACM Computing Surveys},
  volume = {55},
  pages = {1--42},
  doi = {10.1145/3583558},
  langid = {english}
}

@article{nguyen.etal_2024_robust,
  title = {Robust Explainer Recommendation for Time Series Classification},
  author = {Nguyen, Thu Trang and Le Nguyen, Thach and Ifrim, Georgiana},
  year = {2024},
  journal = {Data Mining and Knowledge Discovery},
  volume = {38},
  pages = {3372--3413},
  doi = {10.1007/s10618-024-01045-8},
  langid = {english}
}

@article{samek.etal_2017_evaluating,
  title = {Evaluating the {{Visualization}} of {{What}} a {{Deep Neural Network Has Learned}}},
  author = {Samek, Wojciech and Binder, Alexander and Montavon, Gr{\'e}goire and Lapuschkin, Sebastian and M{\"u}ller, Klaus-Robert},
  year = {2017},
  journal = {IEEE Transactions on Neural Networks and Learning Systems},
  volume = {28},
  pages = {2660--2673},
  doi = {10.1109/TNNLS.2016.2599820}
}

@inproceedings{schlegel.etal_2019_rigorous,
  title = {Towards a Rigorous Evaluation of {{XAI}} Methods on Time Series},
  booktitle = {2019 {{IEEE}}/{{CVF}} International Conference on Computer Vision Workshop ({{ICCVW}})},
  author = {Schlegel, Udo and Arnout, Hiba and {El-Assady}, Mennatallah and Oelke, Daniela and Keim, Daniel A.},
  year = {2019},
  pages = {4197--4201},
  doi = {10.1109/ICCVW.2019.00516}
}

@incollection{schlegel.keim_2023_deep,
  title = {A {{Deep Dive}} into {{Perturbations}} as {{Evaluation Technique}} for {{Time Series XAI}}},
  booktitle = {Explainable {{Artificial Intelligence}}},
  author = {Schlegel, Udo and Keim, Daniel A.},
  editor = {Longo, Luca},
  year = {2023},
  volume = {1903},
  pages = {165--180},
  doi = {10.1007/978-3-031-44070-0_9},
  langid = {english},
  publisher="Springer Nature Switzerland",
  address="Cham",
}

@inproceedings{schlegel.keim_2023_introducing,
  title = {Introducing the Attribution Stability Indicator: A Measure for Time Series {{XAI}} Attributions},
  booktitle = {{{ECML-PKDD}} Workshop {{XAI-TS}}: {{Explainable AI}} for Time Series: {{Advances}} and Applications},
  author = {Schlegel, Udo and Keim, Daniel A.},
  year = {2023},
  doi = {10.48550/arXiv.2310.04178}
}

@inproceedings{schulz.etal_2020_restricting,
  title = {Restricting the Flow: {{Information}} Bottlenecks for Attribution},
  booktitle = {International Conference on Learning Representations},
  author = {Schulz, Karl and Sixt, Leon and Tombari, Federico and Landgraf, Tim},
  year = {2020},
  url = {https://openreview.net/forum?id=S1xWh1rYwB}
}

@inproceedings{serramazza.etal_2024_improving,
  title = {Improving the~{{Evaluation}} and~{{Actionability}} of~{{Explanation Methods}} for~{{Multivariate Time Series Classification}}},
  booktitle = {Machine {{Learning}} and {{Knowledge Discovery}} in {{Databases}}. {{Research Track}}},
  author = {Serramazza, Davide Italo and Nguyen, Thach Le and Ifrim, Georgiana},
  editor = {Bifet, Albert and Davis, Jesse and Krilavi{\v c}ius, Tomas and Kull, Meelis and Ntoutsi, Eirini and {\v Z}liobait{\.e}, Indr{\.e}},
  year = {2024},
  pages = {177--195},
  doi = {10.1007/978-3-031-70359-1_11},
  langid = {english}
}

@inproceedings{simic.etal_2022_perturbation,
  title = {Perturbation Effect: A Metric to Counter Misleading Validation of Feature Attribution},
  booktitle = {Proceedings of the 31st {{ACM}} International Conference on Information \& Knowledge Management},
  author = {{\v S}imi{\'c}, Ilija and Sabol, Vedran and Veas, Eduardo},
  year = {2022},
  pages = {1798--1807},
  doi = {10.1145/3511808.3557418}
}

@article{theissler.etal_2022_explainable,
  title = {Explainable {{AI}} for {{Time Series Classification}}: {{A Review}}, {{Taxonomy}} and {{Research Directions}}},
  author = {Theissler, Andreas and Spinnato, Francesco and Schlegel, Udo and Guidotti, Riccardo},
  year = {2022},
  journal = {IEEE Access},
  volume = {10},
  pages = {100700--100724},
  doi = {10.1109/ACCESS.2022.3207765},
  langid = {english}
}

@article{turbe.etal_2023_evaluation,
  title = {Evaluation of Post-Hoc Interpretability Methods in Time-Series Classification},
  author = {Turb{\'e}, Hugues and Bjelogrlic, Mina and Lovis, Christian and Mengaldo, Gianmarco},
  year = {2023},
  journal = {Nature Machine Intelligence},
  volume = {5},
  pages = {250--260},
  doi = {10.1038/s42256-023-00620-w},
  langid = {english}
}

