@article{theissler.etal_2022_explainable,
  title = {Explainable {{AI}} for {{Time Series Classification}}: {{A Review}}, {{Taxonomy}} and {{Research Directions}}},
  author = {Theissler, Andreas and Spinnato, Francesco and Schlegel, Udo and Guidotti, Riccardo},
  year = {2022},
  journal = {IEEE Access},
  volume = {10},
  pages = {100700--100724},
  doi = {10.1109/ACCESS.2022.3207765},
  langid = {english}
}

@article{nguyen.etal_2024_robust,
  title = {Robust Explainer Recommendation for Time Series Classification},
  author = {Nguyen, Thu Trang and Le Nguyen, Thach and Ifrim, Georgiana},
  year = {2024},
  journal = {Data Mining and Knowledge Discovery},
  volume = {38},
  pages = {3372--3413},
  doi = {10.1007/s10618-024-01045-8},
  langid = {english}
}

@article{dau.etal_2019_ucr,
  title = {The {{UCR}} Time Series Archive},
  author = {Dau, Hoang Anh and Bagnall, Anthony and Kamgar, Kaveh and Yeh, Chin-Chia Michael and Zhu, Yan and Gharghabi, Shaghayegh and Ratanamahatana, Chotirat Ann and Keogh, Eamonn},
  year = {2019},
  journal = {IEEE/CAA Journal of Automatica Sinica},
  volume = {6},
  pages = {1293--1305},
  doi = {10.1109/JAS.2019.1911747}
}

@inproceedings{fong.vedaldi_2017_interpretable,
  title = {Interpretable {{Explanations}} of {{Black Boxes}} by {{Meaningful Perturbation}}},
  booktitle = {Proceedings of the {{IEEE International Conference}} on {{Computer Vision}}},
  author = {Fong, Ruth C. and Vedaldi, Andrea},
  year = {2017},
  pages = {3429--3437},
  url = {https://openaccess.thecvf.com/content_iccv_2017/html/Fong_Interpretable_Explanations_of_ICCV_2017_paper.html}
}

@article{samek.etal_2017_evaluating,
  title = {Evaluating the {{Visualization}} of {{What}} a {{Deep Neural Network Has Learned}}},
  author = {Samek, Wojciech and Binder, Alexander and Montavon, Gr{\'e}goire and Lapuschkin, Sebastian and M{\"u}ller, Klaus-Robert},
  year = {2017},
  journal = {IEEE Transactions on Neural Networks and Learning Systems},
  volume = {28},
  pages = {2660--2673},
  doi = {10.1109/TNNLS.2016.2599820}
}

@inproceedings{lundberg.lee_2017_unified,
  title = {A {{Unified Approach}} to {{Interpreting Model Predictions}}},
  booktitle = {Advances in {{Neural Information Processing Systems}}},
  author = {Lundberg, Scott M and Lee, Su-In},
  editor = {Guyon, I. and Luxburg, U. Von and Bengio, S. and Wallach, H. and Fergus, R. and Vishwanathan, S. and Garnett, R.},
  year = {2017},
  volume = {30},
  url = {https://proceedings.neurips.cc/paper_files/paper/2017/file/8a20a8621978632d76c43dfd28b67767-Paper.pdf}
}

@inproceedings{smilkov.etal_2017_smoothgrad,
  title = {{{SmoothGrad}}: Removing Noise by Adding Noise},
  author = {Smilkov, Daniel and Thorat, Nikhil and Kim, Been and Vi{\'e}gas, Fernanda and Wattenberg, Martin},
  year = {2017},
  doi = {10.48550/arXiv.1706.03825}
}

@article{turbe.etal_2023_evaluation,
  title = {Evaluation of Post-Hoc Interpretability Methods in Time-Series Classification},
  author = {Turb{\'e}, Hugues and Bjelogrlic, Mina and Lovis, Christian and Mengaldo, Gianmarco},
  year = {2023},
  journal = {Nature Machine Intelligence},
  volume = {5},
  pages = {250--260},
  doi = {10.1038/s42256-023-00620-w},
  langid = {english}
}

@article{fawaz.etal_2019_deep,
  title = {Deep Learning for Time Series Classification: A Review},
  author = {Fawaz, Hassan Ismail and Forestier, Germain and Weber, Jonathan and Idoumghar, Lhassane and Muller, Pierre-Alain},
  year = {2019},
  journal = {Data Mining and Knowledge Discovery},
  volume = {33},
  pages = {917--963},
  doi = {10.1007/s10618-019-00619-1},
  langid = {english}
}

@inproceedings{simic.etal_2022_perturbation,
  title = {Perturbation Effect: A Metric to Counter Misleading Validation of Feature Attribution},
  booktitle = {Proceedings of the 31st {{ACM}} International Conference on Information \& Knowledge Management},
  author = {{\v S}imi{\'c}, Ilija and Sabol, Vedran and Veas, Eduardo},
  year = {2022},
  pages = {1798--1807},
  doi = {10.1145/3511808.3557418}
}

@inproceedings{schulz.etal_2020_restricting,
  title = {Restricting the Flow: {{Information}} Bottlenecks for Attribution},
  booktitle = {International Conference on Learning Representations},
  author = {Schulz, Karl and Sixt, Leon and Tombari, Federico and Landgraf, Tim},
  year = {2020},
  url = {https://openreview.net/forum?id=S1xWh1rYwB}
}

@article{ismailfawaz.etal_2020_inceptiontime,
  title = {{{InceptionTime}}: {{Finding AlexNet}} for Time Series Classification},
  author = {Ismail Fawaz, Hassan and Lucas, Benjamin and Forestier, Germain and Pelletier, Charlotte and Schmidt, Daniel F. and Weber, Jonathan and Webb, Geoffrey I. and Idoumghar, Lhassane and Muller, Pierre-Alain and Petitjean, Fran{\c c}ois},
  year = {2020},
  journal = {Data Mining and Knowledge Discovery},
  volume = {34},
  pages = {1936--1962},
  doi = {10.1007/s10618-020-00710-y},
  langid = {english}
}

@inproceedings{simonyan.etal_2014_deep,
  title = {Deep inside Convolutional Networks: Visualising Image Classification Models and Saliency Maps},
  author = {Simonyan, K and Vedaldi, A and Zisserman, A},
  year = {2014},
  booktitle={Proceedings of the International Conference on Learning Representations (ICLR)},
  organizer = {2nd International Conference on Learning Representations (ICLR 2014)},
  doi = {10.48550/arXiv.1312.6034}
}


@incollection{doshi-velez.kim_2018_considerations,
  title = {Considerations for {{Evaluation}} and {{Generalization}} in {{Interpretable Machine Learning}}},
  booktitle = {Explainable and {{Interpretable Models}} in {{Computer Vision}} and {{Machine Learning}}},
  author = {{Doshi-Velez}, Finale and Kim, Been},
  editor = {Escalante, Hugo Jair and Escalera, Sergio and Guyon, Isabelle and Bar{\'o}, Xavier and G{\"u}{\c c}l{\"u}t{\"u}rk, Ya{\u g}mur and G{\"u}{\c c}l{\"u}, Umut and {van Gerven}, Marcel},
  year = {2018},
  pages = {3--17},
  doi = {10.1007/978-3-319-98131-4_1},
  publisher={Springer},
  langid = {english}
}

@article{nauta.etal_2023_anecdotal,
  title = {From {{Anecdotal Evidence}} to {{Quantitative Evaluation Methods}}: {{A Systematic Review}} on {{Evaluating Explainable AI}}},
  author = {Nauta, Meike and Trienes, Jan and Pathak, Shreyasi and Nguyen, Elisa and Peters, Michelle and Schmitt, Yasmin and Schl{\"o}tterer, J{\"o}rg and Van Keulen, Maurice and Seifert, Christin},
  year = {2023},
  journal = {ACM Computing Surveys},
  volume = {55},
  pages = {1--42},
  doi = {10.1145/3583558},
  langid = {english}
}

@inproceedings{schlegel.keim_2023_introducing,
  title = {Introducing the Attribution Stability Indicator: A Measure for Time Series {{XAI}} Attributions},
  booktitle = {{{ECML-PKDD}} Workshop {{XAI-TS}}: {{Explainable AI}} for Time Series: {{Advances}} and Applications},
  author = {Schlegel, Udo and Keim, Daniel A.},
  year = {2023},
  doi = {10.48550/arXiv.2310.04178}
}

@inproceedings{schlegel.etal_2019_rigorous,
  title = {Towards a Rigorous Evaluation of {{XAI}} Methods on Time Series},
  booktitle = {2019 {{IEEE}}/{{CVF}} International Conference on Computer Vision Workshop ({{ICCVW}})},
  author = {Schlegel, Udo and Arnout, Hiba and {El-Assady}, Mennatallah and Oelke, Daniela and Keim, Daniel A.},
  year = {2019},
  pages = {4197--4201},
  doi = {10.1109/ICCVW.2019.00516}
}

@incollection{schlegel.keim_2023_deep,
  title = {A {{Deep Dive}} into {{Perturbations}} as {{Evaluation Technique}} for {{Time Series XAI}}},
  booktitle = {Explainable {{Artificial Intelligence}}},
  author = {Schlegel, Udo and Keim, Daniel A.},
  editor = {Longo, Luca},
  year = {2023},
  volume = {1903},
  pages = {165--180},
  doi = {10.1007/978-3-031-44070-0_9},
  langid = {english},
  publisher="Springer Nature Switzerland",
  address="Cham",
}

@inproceedings{serramazza.etal_2024_improving,
  title = {Improving the~{{Evaluation}} and~{{Actionability}} of~{{Explanation Methods}} for~{{Multivariate Time Series Classification}}},
  booktitle = {Machine {{Learning}} and {{Knowledge Discovery}} in {{Databases}}. {{Research Track}}},
  author = {Serramazza, Davide Italo and Nguyen, Thach Le and Ifrim, Georgiana},
  editor = {Bifet, Albert and Davis, Jesse and Krilavi{\v c}ius, Tomas and Kull, Meelis and Ntoutsi, Eirini and {\v Z}liobait{\.e}, Indr{\.e}},
  year = {2024},
  pages = {177--195},
  doi = {10.1007/978-3-031-70359-1_11},
  langid = {english}
}

@misc{mercier.etal_2022_time,
  title = {Time to {{Focus}}: {{A Comprehensive Benchmark Using Time Series Attribution Methods}}},
  author = {Mercier, Dominique and Bhatt, Jwalin and Dengel, Andreas and Ahmed, Sheraz},
  year = {2022},
  doi = {10.48550/arXiv.2202.03759}
}

@inproceedings{wang.etal_2017_time,
  title = {Time Series Classification from Scratch with Deep Neural Networks: {{A}} Strong Baseline},
  booktitle = {2017 {{International Joint Conference}} on {{Neural Networks}} ({{IJCNN}})},
  author = {Wang, Zhiguang and Yan, Weizhong and Oates, Tim},
  year = {2017},
  pages = {1578--1585},
  doi = {10.1109/IJCNN.2017.7966039}
}

@article{hollig.etal_2023_tsinterpret,
  title = {{{TSInterpret}}: A Python Package for the Interpretability of Time Series Classification},
  author = {H{\"o}llig, Jacqueline and Kulbach, Cedric and Thoma, Steffen},
  year = {2023},
  journal = {Journal of Open Source Software},
  volume = {8},
  pages = {5220},
  doi = {10.21105/joss.05220}
}

@article{rong.etal_2024_humancentered,
  author={Rong, Yao and Leemann, Tobias and Nguyen, Thai-Trang and Fiedler, Lisa and Qian, Peizhu and Unhelkar, Vaibhav and Seidel, Tina and Kasneci, Gjergji and Kasneci, Enkelejda},
  journal={IEEE Transactions on Pattern Analysis and Machine Intelligence}, 
  title={Towards Human-Centered Explainable AI: A Survey of User Studies for Model Explanations}, 
  year={2024},
  volume={46},
  number={4},
  pages={2104-2122},
  doi={10.1109/TPAMI.2023.3331846}}

@inproceedings{sundararajan.etal_2017_axiomatic,
  title = {Axiomatic {{Attribution}} for {{Deep Networks}}},
  booktitle = {Proceedings of the 34th {{International Conference}} on {{Machine Learning}}},
  author = {Sundararajan, Mukund and Taly, Ankur and Yan, Qiqi},
  year = {2017},
  pages = {3319--3328},
  url = {https://proceedings.mlr.press/v70/sundararajan17a.html},
  langid = {english}
}