@inproceedings{chan2022efficient,
  title={Efficient geometry-aware 3d generative adversarial networks},
  author={Chan, Eric R and Lin, Connor Z and Chan, Matthew A and Nagano, Koki and Pan, Boxiao and De Mello, Shalini and Gallo, Orazio and Guibas, Leonidas J and Tremblay, Jonathan and Khamis, Sameh and others},
  booktitle={Proceedings of the IEEE/CVF conference on computer vision and pattern recognition},
  pages={16123--16133},
  year={2022}
}

@article{chen2024echomimic,
  title={Echomimic: Lifelike audio-driven portrait animations through editable landmark conditions},
  author={Chen, Zhiyuan and Cao, Jiajiong and Chen, Zhiquan and Li, Yuming and Ma, Chenguang},
  journal={arXiv preprint arXiv:2407.08136},
  year={2024}
}

@article{guo2024liveportrait,
  title={Liveportrait: Efficient portrait animation with stitching and retargeting control},
  author={Guo, Jianzhu and Zhang, Dingyun and Liu, Xiaoqiang and Zhong, Zhizhou and Zhang, Yuan and Wan, Pengfei and Zhang, Di},
  journal={arXiv preprint arXiv:2407.03168},
  year={2024}
}

@inproceedings{hong2022depth,
  title={Depth-aware generative adversarial network for talking head video generation},
  author={Hong, Fa-Ting and Zhang, Longhao and Shen, Li and Xu, Dan},
  booktitle={Proceedings of the IEEE/CVF conference on computer vision and pattern recognition},
  pages={3397--3406},
  year={2022}
}

@inproceedings{hong2022headnerf,
  title={Headnerf: A real-time nerf-based parametric head model},
  author={Hong, Yang and Peng, Bo and Xiao, Haiyao and Liu, Ligang and Zhang, Juyong},
  booktitle={Proceedings of the IEEE/CVF Conference on Computer Vision and Pattern Recognition},
  pages={20374--20384},
  year={2022}
}

@inproceedings{hu2024animate,
  title={Animate anyone: Consistent and controllable image-to-video synthesis for character animation},
  author={Hu, Li},
  booktitle={Proceedings of the IEEE/CVF Conference on Computer Vision and Pattern Recognition},
  pages={8153--8163},
  year={2024}
}

@article{kim2018deep,
  title={Deep video portraits},
  author={Kim, Hyeongwoo and Garrido, Pablo and Tewari, Ayush and Xu, Weipeng and Thies, Justus and Niessner, Matthias and P{\'e}rez, Patrick and Richardt, Christian and Zollh{\"o}fer, Michael and Theobalt, Christian},
  journal={ACM transactions on graphics (TOG)},
  volume={37},
  number={4},
  pages={1--14},
  year={2018},
  publisher={ACM New York, NY, USA}
}

@inproceedings{pumarola2018ganimation,
  title={Ganimation: Anatomically-aware facial animation from a single image},
  author={Pumarola, Albert and Agudo, Antonio and Martinez, Aleix M and Sanfeliu, Alberto and Moreno-Noguer, Francesc},
  booktitle={Proceedings of the European conference on computer vision (ECCV)},
  pages={818--833},
  year={2018}
}

@InProceedings{rombach2022high,
  author    = {Rombach, Robin and Blattmann, Andreas and Lorenz, Dominik and Esser, Patrick and Ommer, Bj{\"o}rn},
  title     = {High-resolution image synthesis with latent diffusion models},
  booktitle = {Proceedings of the IEEE/CVF conference on computer vision and pattern recognition},
  year      = {2022},
  pages     = {10684--10695},
}

@article{sun2023vividtalk,
  title={Vividtalk: One-shot audio-driven talking head generation based on 3d hybrid prior},
  author={Sun, Xusen and Zhang, Longhao and Zhu, Hao and Zhang, Peng and Zhang, Bang and Ji, Xinya and Zhou, Kangneng and Gao, Daiheng and Bo, Liefeng and Cao, Xun},
  journal={arXiv preprint arXiv:2312.01841},
  year={2023}
}

@article{vougioukas2020realistic,
  title={Realistic speech-driven facial animation with gans},
  author={Vougioukas, Konstantinos and Petridis, Stavros and Pantic, Maja},
  journal={International Journal of Computer Vision},
  volume={128},
  number={5},
  pages={1398--1413},
  year={2020},
  publisher={Springer}
}

@inproceedings{wang2021one,
  title={One-shot free-view neural talking-head synthesis for video conferencing},
  author={Wang, Ting-Chun and Mallya, Arun and Liu, Ming-Yu},
  booktitle={Proceedings of the IEEE/CVF conference on computer vision and pattern recognition},
  pages={10039--10049},
  year={2021}
}

@article{wang2024v,
  title={V-Express: Conditional Dropout for Progressive Training of Portrait Video Generation},
  author={Wang, Cong and Tian, Kuan and Zhang, Jun and Guan, Yonghang and Luo, Feng and Shen, Fei and Jiang, Zhiwei and Gu, Qing and Han, Xiao and Yang, Wei},
  journal={arXiv preprint arXiv:2406.02511},
  year={2024}
}

@article{wei2024aniportrait,
  title={Aniportrait: Audio-driven synthesis of photorealistic portrait animation},
  author={Wei, Huawei and Yang, Zejun and Wang, Zhisheng},
  journal={arXiv preprint arXiv:2403.17694},
  year={2024}
}

@article{xu2024hallo,
  title={Hallo: Hierarchical Audio-Driven Visual Synthesis for Portrait Image Animation},
  author={Xu, Mingwang and Li, Hui and Su, Qingkun and Shang, Hanlin and Zhang, Liwei and Liu, Ce and Wang, Jingdong and Van Gool, Luc and Yao, Yao and Zhu, Siyu},
  journal={arXiv preprint arXiv:2406.08801},
  year={2024}
}

@inproceedings{yang2023effective,
  title={Effective whole-body pose estimation with two-stages distillation},
  author={Yang, Zhendong and Zeng, Ailing and Yuan, Chun and Li, Yu},
  booktitle={Proceedings of the IEEE/CVF International Conference on Computer Vision},
  pages={4210--4220},
  year={2023}
}

@inproceedings{zhang2023sadtalker,
  title={Sadtalker: Learning realistic 3d motion coefficients for stylized audio-driven single image talking face animation},
  author={Zhang, Wenxuan and Cun, Xiaodong and Wang, Xuan and Zhang, Yong and Shen, Xi and Guo, Yu and Shan, Ying and Wang, Fei},
  booktitle={Proceedings of the IEEE/CVF Conference on Computer Vision and Pattern Recognition},
  pages={8652--8661},
  year={2023}
}

@article{zhou2020makelttalk,
  title={Makelttalk: speaker-aware talking-head animation},
  author={Zhou, Yang and Han, Xintong and Shechtman, Eli and Echevarria, Jose and Kalogerakis, Evangelos and Li, Dingzeyu},
  journal={ACM Transactions On Graphics (TOG)},
  volume={39},
  number={6},
  pages={1--15},
  year={2020},
  publisher={ACM New York, NY, USA}
}

