% Use this file for citations not found in the ACL Anthology (contained in "anthology.bib").

@book{Aho:72,
    author  = {Alfred V. Aho and Jeffrey D. Ullman},
    title   = {The Theory of Parsing, Translation and Compiling},
    year    = "1972",
    volume  = "1",
    publisher = {Prentice-Hall},
    address = {Englewood Cliffs, NJ}
}

@book{APA:83,
    author  = {{American Psychological Association}},
    title   = {Publications Manual},
    year    = "1983",
    publisher = {American Psychological Association},
    address = {Washington, DC}
}

@article{Chandra:81,
	author = {Ashok K. Chandra and Dexter C. Kozen and Larry J. Stockmeyer},
	year = "1981",
	title = {Alternation},
	journal = {Journal of the Association for Computing Machinery},
	volume = "28",
	number = "1",
	pages = "114--133",
	doi = "10.1145/322234.322243",
}

@inproceedings{andrew2007scalable,
  title={Scalable training of {L1}-regularized log-linear models},
  author={Andrew, Galen and Gao, Jianfeng},
  booktitle={Proceedings of the 24th International Conference on Machine Learning},
  pages={33--40},
  year={2007},
}

@book{Gusfield:97,
    author  = {Dan Gusfield},
    title   = {Algorithms on Strings, Trees and Sequences},
    year    = "1997",
    publisher = {Cambridge University Press},
    address = {Cambridge, UK}
}

@article{rasooli-tetrault-2015,
    author    = {Mohammad Sadegh Rasooli and Joel R. Tetreault},
    title     = {Yara Parser: {A} Fast and Accurate Dependency Parser},
    journal   = {Computing Research Repository},
    volume    = {arXiv:1503.06733},
    year      = {2015},
    url       = {http://arxiv.org/abs/1503.06733},
    note    = {version 2}
}

@article{Ando2005,
	Acmid = {1194905},
	Author = {Ando, Rie Kubota and Zhang, Tong},
	Issn = {1532-4435},
	Issue_Date = {12/1/2005},
	Journal = {Journal of Machine Learning Research},
	Month = dec,
	Numpages = {37},
	Pages = {1817--1853},
	Publisher = {JMLR.org},
	Title = {A Framework for Learning Predictive Structures from Multiple Tasks and Unlabeled Data},
	Volume = {6},
	Year = {2005}
}

@article{openai2024b,
    author = {OpenAI},
    title = {Learning to reason with llms.},
    journal = {},
    year = {2024b}
}

@article{ouyang2022training,
  title={Training language models to follow instructions with human feedback},
  author={Ouyang, Long and Wu, Jeffrey and Jiang, Xu and Almeida, Diogo and Wainwright, Carroll and Mishkin, Pamela and Zhang, Chong and Agarwal, Sandhini and Slama, Katarina and Ray, Alex and others},
  journal={Advances in neural information processing systems},
  volume={35},
  pages={27730--27744},
  year={2022}
}


@article{kadavath2022language,
  title={Language models (mostly) know what they know},
  author={Kadavath, Saurav and Conerly, Tom and Askell, Amanda and Henighan, Tom and Drain, Dawn and Perez, Ethan and Schiefer, Nicholas and Hatfield-Dodds, Zac and DasSarma, Nova and Tran-Johnson, Eli and others},
  journal={arXiv preprint arXiv:2207.05221},
  year={2022}
}

@article{huang2023look,
  title={Look before you leap: An exploratory study of uncertainty measurement for large language models},
  author={Huang, Yuheng and Song, Jiayang and Wang, Zhijie and Zhao, Shengming and Chen, Huaming and Juefei-Xu, Felix and Ma, Lei},
  journal={arXiv preprint arXiv:2307.10236},
  year={2023}
}

@article{varshney2023stitch,
  title={A stitch in time saves nine: Detecting and mitigating hallucinations of llms by validating low-confidence generation},
  author={Varshney, Neeraj and Yao, Wenlin and Zhang, Hongming and Chen, Jianshu and Yu, Dong},
  journal={arXiv preprint arXiv:2307.03987},
  year={2023}
}

@article{orgad2024llms,
  title={Llms know more than they show: On the intrinsic representation of LLM hallucinations},
  author={Orgad, Hadas and Toker, Michael and Gekhman, Zorik and Reichart, Roi and Szpektor, Idan and Kotek, Hadas and Belinkov, Yonatan},
  journal={arXiv preprint arXiv:2410.02707},
  year={2024}
}

@article{xiong2023can,
  title={Can llms express their uncertainty? an empirical evaluation of confidence elicitation in llms},
  author={Xiong, Miao and Hu, Zhiyuan and Lu, Xinyang and Li, Yifei and Fu, Jie and He, Junxian and Hooi, Bryan},
  journal={arXiv preprint arXiv:2306.13063},
  year={2023}
}

@article{kuhn2023semantic,
  title={Semantic uncertainty: Linguistic invariances for uncertainty estimation in natural language generation},
  author={Kuhn, Lorenz and Gal, Yarin and Farquhar, Sebastian},
  journal={arXiv preprint arXiv:2302.09664},
  year={2023}
}

@inproceedings{davis2006relationship,
  title={The relationship between Precision-Recall and ROC curves},
  author={Davis, Jesse and Goadrich, Mark},
  booktitle={Proceedings of the 23rd international conference on Machine learning},
  pages={233--240},
  year={2006}
}

@article{fawcett2006introduction,
  title={An introduction to ROC analysis},
  author={Fawcett, Tom},
  journal={Pattern recognition letters},
  volume={27},
  number={8},
  pages={861--874},
  year={2006},
  publisher={Elsevier}
}

@article{creswell2022selection,
  title={Selection-inference: Exploiting large language models for interpretable logical reasoning},
  author={Creswell, Antonia and Shanahan, Murray and Higgins, Irina},
  journal={arXiv preprint arXiv:2205.09712},
  year={2022}
}

@article{duan2024gtbench,
  title={Gtbench: Uncovering the strategic reasoning limitations of llms via game-theoretic evaluations},
  author={Duan, Jinhao and Zhang, Renming and Diffenderfer, James and Kailkhura, Bhavya and Sun, Lichao and Stengel-Eskin, Elias and Bansal, Mohit and Chen, Tianlong and Xu, Kaidi},
  journal={arXiv preprint arXiv:2402.12348},
  year={2024}
}

@article{chowdhery2023palm,
  title={Palm: Scaling language modeling with pathways},
  author={Chowdhery, Aakanksha and Narang, Sharan and Devlin, Jacob and Bosma, Maarten and Mishra, Gaurav and Roberts, Adam and Barham, Paul and Chung, Hyung Won and Sutton, Charles and Gehrmann, Sebastian and others},
  journal={Journal of Machine Learning Research},
  volume={24},
  number={240},
  pages={1--113},
  year={2023}
}

@article{wei2022chain,
  title={Chain-of-thought prompting elicits reasoning in large language models},
  author={Wei, Jason and Wang, Xuezhi and Schuurmans, Dale and Bosma, Maarten and Xia, Fei and Chi, Ed and Le, Quoc V and Zhou, Denny and others},
  journal={Advances in neural information processing systems},
  volume={35},
  pages={24824--24837},
  year={2022}
}

@article{romera2024mathematical,
  title={Mathematical discoveries from program search with large language models},
  author={Romera-Paredes, Bernardino and Barekatain, Mohammadamin and Novikov, Alexander and Balog, Matej and Kumar, M Pawan and Dupont, Emilien and Ruiz, Francisco JR and Ellenberg, Jordan S and Wang, Pengming and Fawzi, Omar and others},
  journal={Nature},
  volume={625},
  number={7995},
  pages={468--475},
  year={2024},
  publisher={Nature Publishing Group UK London}
}

@article{long2023large,
  title={Large language model guided tree-of-thought},
  author={Long, Jieyi},
  journal={arXiv preprint arXiv:2305.08291},
  year={2023}
}

@article{chen2023chatcot,
  title={Chatcot: Tool-augmented chain-of-thought reasoning on chat-based large language models},
  author={Chen, Zhipeng and Zhou, Kun and Zhang, Beichen and Gong, Zheng and Zhao, Wayne Xin and Wen, Ji-Rong},
  journal={arXiv preprint arXiv:2305.14323},
  year={2023}
}

@article{yao2024tree,
  title={Tree of thoughts: Deliberate problem solving with large language models},
  author={Yao, Shunyu and Yu, Dian and Zhao, Jeffrey and Shafran, Izhak and Griffiths, Tom and Cao, Yuan and Narasimhan, Karthik},
  journal={Advances in Neural Information Processing Systems},
  volume={36},
  year={2024}
}

@article{shao2024deepseekmath,
  title={Deepseekmath: Pushing the limits of mathematical reasoning in open language models},
  author={Shao, Zhihong and Wang, Peiyi and Zhu, Qihao and Xu, Runxin and Song, Junxiao and Bi, Xiao and Zhang, Haowei and Zhang, Mingchuan and Li, YK and Wu, Y and others},
  journal={arXiv preprint arXiv:2402.03300},
  year={2024}
}

@article{ji2023survey,
  title={Survey of hallucination in natural language generation},
  author={Ji, Ziwei and Lee, Nayeon and Frieske, Rita and Yu, Tiezheng and Su, Dan and Xu, Yan and Ishii, Etsuko and Bang, Ye Jin and Madotto, Andrea and Fung, Pascale},
  journal={ACM Computing Surveys},
  volume={55},
  number={12},
  pages={1--38},
  year={2023},
  publisher={ACM New York, NY}
}

@article{clusmann2023future,
  title={The future landscape of large language models in medicine},
  author={Clusmann, Jan and Kolbinger, Fiona R and Muti, Hannah Sophie and Carrero, Zunamys I and Eckardt, Jan-Niklas and Laleh, Narmin Ghaffari and L{\"o}ffler, Chiara Maria Lavinia and Schwarzkopf, Sophie-Caroline and Unger, Michaela and Veldhuizen, Gregory P and others},
  journal={Communications medicine},
  volume={3},
  number={1},
  pages={141},
  year={2023},
  publisher={Nature Publishing Group UK London}
}

@article{manakul2023selfcheckgpt,
  title={Selfcheckgpt: Zero-resource black-box hallucination detection for generative large language models},
  author={Manakul, Potsawee and Liusie, Adian and Gales, Mark JF},
  journal={arXiv preprint arXiv:2303.08896},
  year={2023}
}

@article{lin2023generating,
  title={Generating with confidence: Uncertainty quantification for black-box large language models},
  author={Lin, Zhen and Trivedi, Shubhendu and Sun, Jimeng},
  journal={arXiv preprint arXiv:2305.19187},
  year={2023}
}

@article{hendrycks2021unsolved,
  title={Unsolved problems in ml safety},
  author={Hendrycks, Dan and Carlini, Nicholas and Schulman, John and Steinhardt, Jacob},
  journal={arXiv preprint arXiv:2109.13916},
  year={2021}
}

@article{qiu2024semantic,
  title={Semantic Density: Uncertainty Quantification in Semantic Space for Large Language Models},
  author={Qiu, Xin and Miikkulainen, Risto},
  journal={arXiv preprint arXiv:2405.13845},
  year={2024}
}

@inproceedings{gal2016dropout,
  title={Dropout as a bayesian approximation: Representing model uncertainty in deep learning},
  author={Gal, Yarin and Ghahramani, Zoubin},
  booktitle={international conference on machine learning},
  pages={1050--1059},
  year={2016},
  organization={PMLR}
}

@article{lakshminarayanan2017simple,
  title={Simple and scalable predictive uncertainty estimation using deep ensembles},
  author={Lakshminarayanan, Balaji and Pritzel, Alexander and Blundell, Charles},
  journal={Advances in neural information processing systems},
  volume={30},
  year={2017}
}

@inproceedings{guo2017calibration,
  title={On calibration of modern neural networks},
  author={Guo, Chuan and Pleiss, Geoff and Sun, Yu and Weinberger, Kilian Q},
  booktitle={International conference on machine learning},
  pages={1321--1330},
  year={2017},
  organization={PMLR}
}

@article{ovadia2019can,
  title={Can you trust your model's uncertainty? evaluating predictive uncertainty under dataset shift},
  author={Ovadia, Yaniv and Fertig, Emily and Ren, Jie and Nado, Zachary and Sculley, David and Nowozin, Sebastian and Dillon, Joshua and Lakshminarayanan, Balaji and Snoek, Jasper},
  journal={Advances in neural information processing systems},
  volume={32},
  year={2019}
}

@inproceedings{kuleshov2018accurate,
  title={Accurate uncertainties for deep learning using calibrated regression},
  author={Kuleshov, Volodymyr and Fenner, Nathan and Ermon, Stefano},
  booktitle={International conference on machine learning},
  pages={2796--2804},
  year={2018},
  organization={PMLR}
}

@inproceedings{duan2024shifting,
  title={Shifting attention to relevance: Towards the predictive uncertainty quantification of free-form large language models},
  author={Duan, Jinhao and Cheng, Hao and Wang, Shiqi and Zavalny, Alex and Wang, Chenan and Xu, Renjing and Kailkhura, Bhavya and Xu, Kaidi},
  booktitle={Proceedings of the 62nd Annual Meeting of the Association for Computational Linguistics (Volume 1: Long Papers)},
  pages={5050--5063},
  year={2024}
}

@inproceedings{slobodkin2023curious,
  title={The curious case of hallucinatory (un) answerability: Finding truths in the hidden states of over-confident large language models},
  author={Slobodkin, Aviv and Goldman, Omer and Caciularu, Avi and Dagan, Ido and Ravfogel, Shauli},
  booktitle={Proceedings of the 2023 Conference on Empirical Methods in Natural Language Processing},
  pages={3607--3625},
  year={2023}
}

@article{brunner2019identifiability,
  title={On identifiability in transformers},
  author={Brunner, Gino and Liu, Yang and Pascual, Damian and Richter, Oliver and Ciaramita, Massimiliano and Wattenhofer, Roger},
  journal={arXiv preprint arXiv:1908.04211},
  year={2019}
}

@article{gupta2024language,
  title={Language Model Cascades: Token-level uncertainty and beyond},
  author={Gupta, Neha and Narasimhan, Harikrishna and Jitkrittum, Wittawat and Rawat, Ankit Singh and Menon, Aditya Krishna and Kumar, Sanjiv},
  journal={arXiv preprint arXiv:2404.10136},
  year={2024}
}

@inproceedings{malinin2021uncertainty,
    author = {Malinin, Andrey and Gales, Mark},
    title = {Uncertainty estimation in autoregressive structured prediction},
    booktitle = {International Conference on Learning Representations.},
    year = {2021}
}

@article{ling2024uncertainty,
  title={Uncertainty decomposition and quantification for in-context learning of large language models},
  author={Ling, Chen and Zhao, Xujiang and Cheng, Wei and Liu, Yanchi and Sun, Yiyou and Zhang, Xuchao and Oishi, Mika and Osaki, Takao and Matsuda, Katsushi and Ji, Jie and others},
  journal={arXiv preprint arXiv:2402.10189},
  year={2024}
}

@article{miao2023selfcheck,
  title={Selfcheck: Using llms to zero-shot check their own step-by-step reasoning},
  author={Miao, Ning and Teh, Yee Whye and Rainforth, Tom},
  journal={arXiv preprint arXiv:2308.00436},
  year={2023}
}

@article{weng2022large,
  title={Large language models are better reasoners with self-verification},
  author={Weng, Yixuan and Zhu, Minjun and Xia, Fei and Li, Bin and He, Shizhu and Liu, Shengping and Sun, Bin and Liu, Kang and Zhao, Jun},
  journal={arXiv preprint arXiv:2212.09561},
  year={2022}
}

@article{yang2018hotpotqa,
  title={HotpotQA: A dataset for diverse, explainable multi-hop question answering},
  author={Yang, Zhilin and Qi, Peng and Zhang, Saizheng and Bengio, Yoshua and Cohen, William W and Salakhutdinov, Ruslan and Manning, Christopher D},
  journal={arXiv preprint arXiv:1809.09600},
  year={2018}
}

@article{ho2020constructing,
  title={Constructing a multi-hop QA dataset for comprehensive evaluation of reasoning steps},
  author={Ho, Xanh and Nguyen, Anh-Khoa Duong and Sugawara, Saku and Aizawa, Akiko},
  journal={arXiv preprint arXiv:2011.01060},
  year={2020}
}

@article{cobbe2021training,
  title={Training verifiers to solve math word problems},
  author={Cobbe, Karl and Kosaraju, Vineet and Bavarian, Mohammad and Chen, Mark and Jun, Heewoo and Kaiser, Lukasz and Plappert, Matthias and Tworek, Jerry and Hilton, Jacob and Nakano, Reiichiro and others},
  journal={arXiv preprint arXiv:2110.14168},
  year={2021}
}

@article{patel2021nlp,
  title={Are NLP models really able to solve simple math word problems?},
  author={Patel, Arkil and Bhattamishra, Satwik and Goyal, Navin},
  journal={arXiv preprint arXiv:2103.07191},
  year={2021}
}

@article{miao2021diverse,
  title={A diverse corpus for evaluating and developing English math word problem solvers},
  author={Miao, Shen-Yun and Liang, Chao-Chun and Su, Keh-Yih},
  journal={arXiv preprint arXiv:2106.15772},
  year={2021}
}

@article{touvron2023llama,
  title={Llama: Open and efficient foundation language models},
  author={Touvron, Hugo and Lavril, Thibaut and Izacard, Gautier and Martinet, Xavier and Lachaux, Marie-Anne and Lacroix, Timoth{\'e}e and Rozi{\`e}re, Baptiste and Goyal, Naman and Hambro, Eric and Azhar, Faisal and others},
  journal={arXiv preprint arXiv:2302.13971},
  year={2023}
}

@article{ashok2023promptner,
  title={Promptner: Prompting for named entity recognition},
  author={Ashok, Dhananjay and Lipton, Zachary C},
  journal={arXiv preprint arXiv:2305.15444},
  year={2023}
}

@inproceedings{ren2023self,
  title={Self-evaluation improves selective generation in large language models},
  author={Ren, Jie and Zhao, Yao and Vu, Tu and Liu, Peter J and Lakshminarayanan, Balaji},
  booktitle={Proceedings on},
  pages={49--64},
  year={2023},
  organization={PMLR}
}

@article{guerreiro2022looking,
  title={Looking for a needle in a haystack: A comprehensive study of hallucinations in neural machine translation},
  author={Guerreiro, Nuno M and Voita, Elena and Martins, Andr{\'e} FT},
  journal={arXiv preprint arXiv:2208.05309},
  year={2022}
}

@article{jiang2023mistral,
  title={Mistral 7B},
  author={Jiang, Albert Q and Sablayrolles, Alexandre and Mensch, Arthur and Bamford, Chris and Chaplot, Devendra Singh and Casas, Diego de las and Bressand, Florian and Lengyel, Gianna and Lample, Guillaume and Saulnier, Lucile and others},
  journal={arXiv preprint arXiv:2310.06825},
  year={2023}
}

@article{fu2025multiple,
  title={Multiple Choice Questions: Reasoning Makes Large Language Models (LLMs) More Self-Confident Even When They Are Wrong},
  author={Fu, Tairan and Conde, Javier and Mart{\'\i}nez, Gonzalo and Grandury, Mar{\'\i}a and Reviriego, Pedro},
  journal={arXiv preprint arXiv:2501.09775},
  year={2025}
}

@article{tian2023fine,
  title={Fine-tuning language models for factuality},
  author={Tian, Katherine and Mitchell, Eric and Yao, Huaxiu and Manning, Christopher D and Finn, Chelsea},
  journal={arXiv preprint arXiv:2311.08401},
  year={2023}
}

@article{tian2023just,
  title={Just ask for calibration: Strategies for eliciting calibrated confidence scores from language models fine-tuned with human feedback},
  author={Tian, Katherine and Mitchell, Eric and Zhou, Allan and Sharma, Archit and Rafailov, Rafael and Yao, Huaxiu and Finn, Chelsea and Manning, Christopher D},
  journal={arXiv preprint arXiv:2305.14975},
  year={2023}
}

@article{desai2020calibration,
  title={Calibration of pre-trained transformers},
  author={Desai, Shrey and Durrett, Greg},
  journal={arXiv preprint arXiv:2003.07892},
  year={2020}
}

@article{xiao2022uncertainty,
  title={Uncertainty quantification with pre-trained language models: A large-scale empirical analysis},
  author={Xiao, Yuxin and Liang, Paul Pu and Bhatt, Umang and Neiswanger, Willie and Salakhutdinov, Ruslan and Morency, Louis-Philippe},
  journal={arXiv preprint arXiv:2210.04714},
  year={2022}
}

@article{ye2024benchmarking,
  title={Benchmarking llms via uncertainty quantification},
  author={Ye, Fanghua and Yang, Mingming and Pang, Jianhui and Wang, Longyue and Wong, Derek F and Yilmaz, Emine and Shi, Shuming and Tu, Zhaopeng},
  journal={arXiv preprint arXiv:2401.12794},
  year={2024}
}

@article{bakman2024mars,
  title={MARS: Meaning-Aware Response Scoring for Uncertainty Estimation in Generative LLMs},
  author={Bakman, Yavuz Faruk and Yaldiz, Duygu Nur and Buyukates, Baturalp and Tao, Chenyang and Dimitriadis, Dimitrios and Avestimehr, Salman},
  journal={arXiv preprint arXiv:2402.11756},
  year={2024}
}

@article{lin2022teaching,
  title={Teaching models to express their uncertainty in words},
  author={Lin, Stephanie and Hilton, Jacob and Evans, Owain},
  journal={arXiv preprint arXiv:2205.14334},
  year={2022}
}

@article{kapoor2024large,
  title={Large Language Models Must Be Taught to Know What They Don't Know},
  author={Kapoor, Sanyam and Gruver, Nate and Roberts, Manley and Collins, Katherine and Pal, Arka and Bhatt, Umang and Weller, Adrian and Dooley, Samuel and Goldblum, Micah and Wilson, Andrew Gordon},
  journal={arXiv preprint arXiv:2406.08391},
  year={2024}
}

@article{kojima2022large,
  title={Large language models are zero-shot reasoners},
  author={Kojima, Takeshi and Gu, Shixiang Shane and Reid, Machel and Matsuo, Yutaka and Iwasawa, Yusuke},
  journal={Advances in neural information processing systems},
  volume={35},
  pages={22199--22213},
  year={2022}
}

@article{chu2023survey,
  title={A survey of chain of thought reasoning: Advances, frontiers and future},
  author={Chu, Zheng and Chen, Jingchang and Chen, Qianglong and Yu, Weijiang and He, Tao and Wang, Haotian and Peng, Weihua and Liu, Ming and Qin, Bing and Liu, Ting},
  journal={arXiv preprint arXiv:2309.15402},
  year={2023}
}

@article{wang2022self,
  title={Self-consistency improves chain of thought reasoning in language models},
  author={Wang, Xuezhi and Wei, Jason and Schuurmans, Dale and Le, Quoc and Chi, Ed and Narang, Sharan and Chowdhery, Aakanksha and Zhou, Denny},
  journal={arXiv preprint arXiv:2203.11171},
  year={2022}
}

@article{feng2024towards,
  title={Towards revealing the mystery behind chain of thought: a theoretical perspective},
  author={Feng, Guhao and Zhang, Bohang and Gu, Yuntian and Ye, Haotian and He, Di and Wang, Liwei},
  journal={Advances in Neural Information Processing Systems},
  volume={36},
  year={2024}
}

@article{liu2024era,
  title={ERA-CoT: Improving Chain-of-Thought through Entity Relationship Analysis},
  author={Liu, Yanming and Peng, Xinyue and Du, Tianyu and Yin, Jianwei and Liu, Weihao and Zhang, Xuhong},
  journal={arXiv preprint arXiv:2403.06932},
  year={2024}
}

@article{mielke2022reducing,
  title={Reducing conversational agents’ overconfidence through linguistic calibration},
  author={Mielke, Sabrina J and Szlam, Arthur and Dinan, Emily and Boureau, Y-Lan},
  journal={Transactions of the Association for Computational Linguistics},
  volume={10},
  pages={857--872},
  year={2022},
  publisher={MIT Press One Broadway, 12th Floor, Cambridge, Massachusetts 02142, USA~…}
}

@article{guo2025deepseek,
  title={Deepseek-r1: Incentivizing reasoning capability in llms via reinforcement learning},
  author={DeepSeek-AI},
  journal={arXiv preprint arXiv:2501.12948},
  year={2025}
}