@article{bakman2024mars,
  title={MARS: Meaning-Aware Response Scoring for Uncertainty Estimation in Generative LLMs},
  author={Bakman, Yavuz Faruk and Yaldiz, Duygu Nur and Buyukates, Baturalp and Tao, Chenyang and Dimitriadis, Dimitrios and Avestimehr, Salman},
  journal={arXiv preprint arXiv:2402.11756},
  year={2024}
}

@article{chu2023survey,
  title={A survey of chain of thought reasoning: Advances, frontiers and future},
  author={Chu, Zheng and Chen, Jingchang and Chen, Qianglong and Yu, Weijiang and He, Tao and Wang, Haotian and Peng, Weihua and Liu, Ming and Qin, Bing and Liu, Ting},
  journal={arXiv preprint arXiv:2309.15402},
  year={2023}
}

@inproceedings{duan2024shifting,
  title={Shifting attention to relevance: Towards the predictive uncertainty quantification of free-form large language models},
  author={Duan, Jinhao and Cheng, Hao and Wang, Shiqi and Zavalny, Alex and Wang, Chenan and Xu, Renjing and Kailkhura, Bhavya and Xu, Kaidi},
  booktitle={Proceedings of the 62nd Annual Meeting of the Association for Computational Linguistics (Volume 1: Long Papers)},
  pages={5050--5063},
  year={2024}
}

@article{feng2024towards,
  title={Towards revealing the mystery behind chain of thought: a theoretical perspective},
  author={Feng, Guhao and Zhang, Bohang and Gu, Yuntian and Ye, Haotian and He, Di and Wang, Liwei},
  journal={Advances in Neural Information Processing Systems},
  volume={36},
  year={2024}
}

@article{fu2025multiple,
  title={Multiple Choice Questions: Reasoning Makes Large Language Models (LLMs) More Self-Confident Even When They Are Wrong},
  author={Fu, Tairan and Conde, Javier and Mart{\'\i}nez, Gonzalo and Grandury, Mar{\'\i}a and Reviriego, Pedro},
  journal={arXiv preprint arXiv:2501.09775},
  year={2025}
}

@article{kadavath2022language,
  title={Language models (mostly) know what they know},
  author={Kadavath, Saurav and Conerly, Tom and Askell, Amanda and Henighan, Tom and Drain, Dawn and Perez, Ethan and Schiefer, Nicholas and Hatfield-Dodds, Zac and DasSarma, Nova and Tran-Johnson, Eli and others},
  journal={arXiv preprint arXiv:2207.05221},
  year={2022}
}

@article{kapoor2024large,
  title={Large Language Models Must Be Taught to Know What They Don't Know},
  author={Kapoor, Sanyam and Gruver, Nate and Roberts, Manley and Collins, Katherine and Pal, Arka and Bhatt, Umang and Weller, Adrian and Dooley, Samuel and Goldblum, Micah and Wilson, Andrew Gordon},
  journal={arXiv preprint arXiv:2406.08391},
  year={2024}
}

@article{kojima2022large,
  title={Large language models are zero-shot reasoners},
  author={Kojima, Takeshi and Gu, Shixiang Shane and Reid, Machel and Matsuo, Yutaka and Iwasawa, Yusuke},
  journal={Advances in neural information processing systems},
  volume={35},
  pages={22199--22213},
  year={2022}
}

@article{kuhn2023semantic,
  title={Semantic uncertainty: Linguistic invariances for uncertainty estimation in natural language generation},
  author={Kuhn, Lorenz and Gal, Yarin and Farquhar, Sebastian},
  journal={arXiv preprint arXiv:2302.09664},
  year={2023}
}

@article{lin2022teaching,
  title={Teaching models to express their uncertainty in words},
  author={Lin, Stephanie and Hilton, Jacob and Evans, Owain},
  journal={arXiv preprint arXiv:2205.14334},
  year={2022}
}

@article{liu2024era,
  title={ERA-CoT: Improving Chain-of-Thought through Entity Relationship Analysis},
  author={Liu, Yanming and Peng, Xinyue and Du, Tianyu and Yin, Jianwei and Liu, Weihao and Zhang, Xuhong},
  journal={arXiv preprint arXiv:2403.06932},
  year={2024}
}

@inproceedings{malinin2021uncertainty,
    author = {Malinin, Andrey and Gales, Mark},
    title = {Uncertainty estimation in autoregressive structured prediction},
    booktitle = {International Conference on Learning Representations.},
    year = {2021}
}

@article{manakul2023selfcheckgpt,
  title={Selfcheckgpt: Zero-resource black-box hallucination detection for generative large language models},
  author={Manakul, Potsawee and Liusie, Adian and Gales, Mark JF},
  journal={arXiv preprint arXiv:2303.08896},
  year={2023}
}

@article{mielke2022reducing,
  title={Reducing conversational agents’ overconfidence through linguistic calibration},
  author={Mielke, Sabrina J and Szlam, Arthur and Dinan, Emily and Boureau, Y-Lan},
  journal={Transactions of the Association for Computational Linguistics},
  volume={10},
  pages={857--872},
  year={2022},
  publisher={MIT Press One Broadway, 12th Floor, Cambridge, Massachusetts 02142, USA~…}
}

@article{qiu2024semantic,
  title={Semantic Density: Uncertainty Quantification in Semantic Space for Large Language Models},
  author={Qiu, Xin and Miikkulainen, Risto},
  journal={arXiv preprint arXiv:2405.13845},
  year={2024}
}

@article{tian2023fine,
  title={Fine-tuning language models for factuality},
  author={Tian, Katherine and Mitchell, Eric and Yao, Huaxiu and Manning, Christopher D and Finn, Chelsea},
  journal={arXiv preprint arXiv:2311.08401},
  year={2023}
}

@article{tian2023just,
  title={Just ask for calibration: Strategies for eliciting calibrated confidence scores from language models fine-tuned with human feedback},
  author={Tian, Katherine and Mitchell, Eric and Zhou, Allan and Sharma, Archit and Rafailov, Rafael and Yao, Huaxiu and Finn, Chelsea and Manning, Christopher D},
  journal={arXiv preprint arXiv:2305.14975},
  year={2023}
}

@article{wang2022self,
  title={Self-consistency improves chain of thought reasoning in language models},
  author={Wang, Xuezhi and Wei, Jason and Schuurmans, Dale and Le, Quoc and Chi, Ed and Narang, Sharan and Chowdhery, Aakanksha and Zhou, Denny},
  journal={arXiv preprint arXiv:2203.11171},
  year={2022}
}

@article{wei2022chain,
  title={Chain-of-thought prompting elicits reasoning in large language models},
  author={Wei, Jason and Wang, Xuezhi and Schuurmans, Dale and Bosma, Maarten and Xia, Fei and Chi, Ed and Le, Quoc V and Zhou, Denny and others},
  journal={Advances in neural information processing systems},
  volume={35},
  pages={24824--24837},
  year={2022}
}

@article{xiao2022uncertainty,
  title={Uncertainty quantification with pre-trained language models: A large-scale empirical analysis},
  author={Xiao, Yuxin and Liang, Paul Pu and Bhatt, Umang and Neiswanger, Willie and Salakhutdinov, Ruslan and Morency, Louis-Philippe},
  journal={arXiv preprint arXiv:2210.04714},
  year={2022}
}

@article{xiong2023can,
  title={Can llms express their uncertainty? an empirical evaluation of confidence elicitation in llms},
  author={Xiong, Miao and Hu, Zhiyuan and Lu, Xinyang and Li, Yifei and Fu, Jie and He, Junxian and Hooi, Bryan},
  journal={arXiv preprint arXiv:2306.13063},
  year={2023}
}

@article{ye2024benchmarking,
  title={Benchmarking llms via uncertainty quantification},
  author={Ye, Fanghua and Yang, Mingming and Pang, Jianhui and Wang, Longyue and Wong, Derek F and Yilmaz, Emine and Shi, Shuming and Tu, Zhaopeng},
  journal={arXiv preprint arXiv:2401.12794},
  year={2024}
}

