@ieeetranbstctl{setting,
  ctluse_forced_etal       = "yes",
  ctlmax_names_forced_etal = "6",
  ctlnames_show_etal       = "1",
  ctldash_repeated_names   = "no"
}
@ARTICLE{10438215,
  author={Bozkus, Talha and Mitra, Urbashi},
  journal=IEEE_J_SP, 
  title={Leveraging Digital Cousins for Ensemble {Q}-Learning in Large-Scale Wireless Networks}, 
  year={2024},month={Feb.},
  volume={72},
  number={},
  pages={1114-1129},
  keywords={Wireless networks;Q-learning;Digital twins;Complexity theory;Signal processing algorithms;Optimization;Heuristic algorithms;Reinforcement learning;Q-learning;Markov decision processes;wireless networks},
  doi={10.1109/TSP.2024.3366434}}

@article{banach1922operations,
  title={Sur les op{\'e}rations dans les ensembles abstraits et leur application aux {\'e}quations int{\'e}grales},
  author={Banach, Stefan},
  journal={Fundamenta mathematicae},
  volume={3},
  number={1},
  pages={133--181},
  year={1922},
  publisher={Polska Akademia Nauk. Instytut Matematyczny PAN}
}


@article{kantorovich1960mathematical,
  title={Mathematical methods of organizing and planning production},
  author={Kantorovich, Leonid V},
  journal={Management science},
  volume={6},
  number={4},
  pages={366--422},
  year={1960},month={July}
}

@ARTICLE{9767557,
  author={Hajiakhondi-Meybodi, Zohreh and Mohammadi, Arash and Hou, Ming and Plataniotis, Konstantinos N.},
  journal=IEEE_J_SP, 
  title={{DQLEL}: Deep {Q}-Learning for Energy-Optimized {LoS}/{NLoS} {UWB} Node Selection}, 
  year={2022},month={May},
  volume={70},
  number={},
  pages={2532-2547},
  keywords={Location awareness;Batteries;Energy consumption;Power demand;Indoor environment;Wireless communication;Synchronization;Energy consumption;indoor localization;internet of things;LoS/NLoS detection;reinforcement learning;ultra wide band (UWB)},
  doi={10.1109/TSP.2022.3171678}}

@ARTICLE{9904958,
  author={Wang, Xu and Wang, Sen and Liang, Xingxing and Zhao, Dawei and Huang, Jincai and Xu, Xin and Dai, Bin and Miao, Qiguang},
  journal=IEEE_J_NNLS, 
  title={Deep Reinforcement Learning: A Survey}, 
  year={2024},month={Apr.},
  volume={35},
  number={4},
  pages={5064-5078},
  keywords={Task analysis;Mathematical models;Deep learning;Trajectory;Behavioral sciences;Q-learning;Dynamic programming;Deep learning;deep reinforcement learning (DRL);imitation learning;maximum entropy deep reinforcement learning (RL);policy gradient;value function},
  doi={10.1109/TNNLS.2022.3207346}}


@ARTICLE{10552627,
  author={Wang, Guangchen and Cheng, Peng and Chen, Zhuo and Vucetic, Branka and Li, Yonghui},
  journal=IEEE_J_SP, 
  title={Green Cell-Free Massive {MIMO}: An Optimization Embedded Deep Reinforcement Learning Approach}, 
  year={2024},month={June},
  volume={72},
  number={},
  pages={2751-2766},
  keywords={Resource management;Massive MIMO;Optimization;Downlink;Training;Energy efficiency;Uplink;Green cell-free massive MIMO;power allocation and AP selection;energy efficiency;optimization-embedded soft actor-critic with graph transformer networks (OSAC-G);deep reinforcement learning},
  doi={10.1109/TSP.2024.3411800}}



@book{villani2021topics,
  title={Topics in Optimal Transportation},
  author={Villani, C{\'e}dric},
  volume={58},
  year={2021},
  publisher={American Mathematical Soc.}
}

@inproceedings{NEURIPS2021_256bf8e6,
 author = {Kemertas, Mete and Aumentado-Armstrong, Tristan},
 booktitle = nips,
 pages = {4764--4777},
 title = {Towards Robust Bisimulation Metric Learning},
 volume = {34}, 
address = {Virtal},
 year = {2021},month={Dec.}
}

@ARTICLE{10486201,
  author={Yu, Jiadong and Alhilal, Ahmad Yousef and Zhou, Tailin and Hui, Pan and Tsang, Danny H. K.},
  journal=IEEE_J_WCOM, 
  title={Attention-Based {QoE}-Aware Digital Twin Empowered Edge Computing for Immersive Virtual Reality}, 
  year={2024},month={Mar.},
  volume={23},
  number={9},
  pages={11276-11290},
  keywords={Quality of experience;Servers;Rendering (computer graphics);Resource management;Task analysis;Measurement;Wireless communication;Continual reinforcement learning;digital twin;edge computing;quality of experience;virtual reality},
  doi={10.1109/TWC.2024.3380820}}

@inproceedings{LeLan2021, 
title={Metrics and Continuity in Reinforcement Learning}, volume={35},
number={9}, booktitle=aaai, 
address = {Virtal},
author={Le Lan, Charline and G. Bellemare, Marc and Castro, Pablo Samuel}, 
year={2021}, month={May}, pages={8261-8269} }

@inproceedings{Li2006TowardsAU,
  title={Towards a Unified Theory of State Abstraction for {MDPs}},
  author={Lihong Li and Thomas J. Walsh and Michael L. Littman},
  booktitle={AI\&M},
  year={2006},
  url={https://api.semanticscholar.org/CorpusID:245037}
}


@article{LARSEN19911,
title = {Bisimulation through probabilistic testing},
journal = {Inf. Comput.},
volume = {94},
number = {1},
pages = {1-28},
year = {1991},month={Sep.},
author = {Kim G. Larsen and Arne Skou},
}

@article{kaelbling1996reinforcement,
  title={Reinforcement learning: A survey},
  author={Kaelbling, Leslie Pack and Littman, Michael L and Moore, Andrew W},
  journal={J. Artif. Intell. Res.},
  volume={4},
  pages={237--285},
  year={1996}
}


@article{DOBKIN19801,
title = {The complexity of linear programming},
journal = {Theoretical Computer Science},
volume = {11},
number = {1},
pages = {1-18},
year = {1980},month={May},
issn = {0304-3975},
author = {David P. Dobkin and Steven P. Reiss},
}

@InProceedings{pmlr-v70-arjovsky17a,
  title = 	 {{W}asserstein Generative Adversarial Networks},
  author =       {Martin Arjovsky and Soumith Chintala and L{\'e}on Bottou},
  booktitle = 	 icml,
  pages = 	 {214--223},
address={Sydney, Australia},
  year = 	 {2017},month={Aug.},
  volume = 	 {70},
  series = 	 {Proceedings of Machine Learning Research}
}



@inproceedings{NIPS2017_350db081,
 author = {Barreto, Andre and Dabney, Will and Munos, Remi and Hunt, Jonathan J and Schaul, Tom and van Hasselt, Hado P and Silver, David},
 booktitle = nips,
 pages = {},
address = {Long Beach, CA},
 title = {Successor Features for Transfer in Reinforcement Learning},
 volume = {30},
 year = {2017},month={Dec.},
}


@InProceedings{pmlr-v80-barreto18a,
  title = 	 {Transfer in Deep Reinforcement Learning Using Successor Features and Generalised Policy Improvement},
  author =       {Barreto, Andre and Borsa, Diana and Quan, John and Schaul, Tom and Silver, David and Hessel, Matteo and Mankowitz, Daniel and Zidek, Augustin and Munos, Remi},
  booktitle = 	 icml,
address = {Stockholm, Sweden},
  pages = 	 {501--510},
  year = 	 {2018},
  volume = 	 {80},
  month = 	 {July},

}


@InProceedings{pmlr-v139-tao21a,
  title = 	 {REPAINT: Knowledge Transfer in Deep Reinforcement Learning},
  author =       {Tao, Yunzhe and Genc, Sahika and Chung, Jonathan and Sun, Tao and Mallya, Sunil},
  booktitle = 	icml,
  pages = 	 {10141--10152},
  year = 	 {2021},
  volume = 	 {139},
address = {Virtual},
  month = 	 {July},
  publisher =    {PMLR}}


@book{villani2009optimal,
  title={Optimal Transport: Old and New},
  author={Villani, C{\'e}dric and others},
  volume={338},
  year={2009},
  publisher={Springer}
}

@ARTICLE{10172347,
  author={Zhu, Zhuangdi and Lin, Kaixiang and Jain, Anil K. and Zhou, Jiayu},
  journal=IEEE_J_PAMI, 
  title={Transfer Learning in Deep Reinforcement Learning: A Survey}, 
  year={2023},month={July},
  volume={45},
  number={11},
  pages={13344-13362},
  doi={10.1109/TPAMI.2023.3292075}}

@inproceedings{castro2010using,
  title={Using bisimulation for policy transfer in {MDPs}},
  author={Castro, Pablo and Precup, Doina},
  booktitle=aaai,
  volume={24},
  number={1},
  pages={1065--1070},
address={Atlanta, GA},
  year={2010}
}

@inproceedings{10.5555/2074226.2074241,
author = {Dean, Thomas and Givan, Robert and Leach, Sonia},
title = {Model reduction techniques for computing approximately optimal solutions for Markov decision processes},
year = {1997},month={Aug.},
booktitle = uai,
pages = {124--131},
numpages = {8},
address = {Providence, Rhode Island},
}

@ARTICLE{10363344,
  author={Huang, Xinyu and Wu, Wen and Hu, Shisheng and Li, Mushu and Zhou, Conghao and Shen, Xuemin},
  journal=IEEE_J_STSP, 
  title={Digital Twin Based User-Centric Resource Management for Multicast Short Video Streaming}, 
  year={2024},month={Jan.},
  volume={18},
  number={1},
  pages={50-65},
  keywords={Streaming media;Bandwidth;Behavioral sciences;Resource management;Wireless networks;Servers;Real-time systems;Digital twin;resource management;multicast transmission;user-centric},
  doi={10.1109/JSTSP.2023.3343626}}


@ARTICLE{10415196,
  author={Chen, Zhixiong and Yi, Wenqiang and Nallanathan, Arumugam and Chambers, Jonathon A.},
  journal=IEEE_J_STSP, 
  title={Distributed Digital Twin Migration in Multi-Tier Computing Systems}, 
  year={2024},month={Jan.},
  volume={18},
  number={1},
  pages={109-123},
  keywords={Digital twins;Servers;Computational modeling;Synchronization;Data models;Real-time systems;Resource management;Digital twin migration;multi-tier computing;multi-agent reinforcement learning},
  doi={10.1109/JSTSP.2024.3359009}}


@techreport{3GPP.21.915,
  author = {3GPP},
  title = {{Digital cellular telecommunications system (Phase 2) (GSM); Universal Mobile Telecommunications System (UMTS); LTE; 5G; 3rd Generation Partnership Project (3GPP)}},
  year = {2019},
  type = {Technical Report},
  number = {21.915},
  version = {15.0.0}
}

@inproceedings{BSM,
author = {Ferns, Norm and Panangaden, Prakash and Precup, Doina},
title = {Metrics for finite Markov decision processes},
year = {2004},
address = {Banff, Canada},month={July},
booktitle = uai,
pages = {162--169},
numpages = {8}
}

@book{puterman2014markov,
  title={Markov Decision Processes: Discrete Stochastic Dynamic Programming},
  author={Puterman, Martin L},
  year={2014},
  publisher={John Wiley \& Sons}
}
@ARTICLE{9725256,
  author={Yang, Helin and Zhao, Jun and Lam, Kwok-Yan and Xiong, Zehui and Wu, Qingqing and Xiao, Liang},
  journal=IEEE_J_WCOM, 
  title={Distributed Deep Reinforcement Learning-Based Spectrum and Power Allocation for Heterogeneous Networks}, 
  year={2022},month={Sep.},
  volume={21},
  number={9},
  pages={6935-6948},
  keywords={Resource management;Heterogeneous networks;Optimization;Quality of service;Wireless networks;Heuristic algorithms;Mobile handsets;Heterogeneous wireless networks;distributed resource management;QoS;dueling deep reinforcement learning},
  doi={10.1109/TWC.2022.3153175}}

@article{chen2024review,
  title={Review of lightweight deep convolutional neural networks},
  author={Chen, Fanghui and Li, Shouliang and Han, Jiale and Ren, Fengyuan and Yang, Zhen},
  journal={Arch. Comput. Methods Eng.},
  volume={31},
  number={4},
  pages={1915--1937},
  year={2023},month={Nov.},
  publisher={Springer}
}

@article{taylor2009transfer,
  title={Transfer learning for reinforcement learning domains: A survey},
  author={Taylor, Matthew E and Stone, Peter},
  journal={J. Mach. Learn. Res.},
  volume={10},
  number={7},
  year={2009}
}

@article{doi:10.1137/10080484X,
author = {Ferns, Norm and Panangaden, Prakash and Precup, Doina},
title = {Bisimulation Metrics for Continuous Markov Decision Processes},
journal = {SIAM J. Comput.},
volume = {40},
number = {6},
pages = {1662-1714},
year = {2011},month={Dec.},
doi = {10.1137/10080484X},}

@techreport{phillips2006knowledge,
  title={Knowledge transfer in Markov decision processes},
  author={Phillips, Caitlin},
  year={2006},
  institution={Technical report, McGill University, School of Computer Science}
}

@article{hoeffding1994probability,
  title={Probability inequalities for sums of bounded random variables},
  author={Hoeffding, Wassily},
  journal={The collected works of Wassily Hoeffding},
  pages={409--426},
  year={1994},
  publisher={Springer}}

@ARTICLE{10623528,
  author={Cheng, Nan and Wang, Xiucheng and Li, Zan and Yin, Zhisheng and Luan, Tom and Shen, Xuemin Sherman},
  journal=IEEE_M_NET, 
  title={Toward Enhanced Reinforcement Learning-Based Resource Management via Digital Twin: Opportunities, Applications, and Challenges}, 
  year={2024},month={early access Aug.},
  volume={},
  number={},
  pages={},
  keywords={Training;Resource management;Optimization;Convergence;Task analysis;Reliability;Vehicle dynamics;digital twin;6G;resource management;reinforcement learning;optimization},
  doi={10.1109/MNET.2024.3438543}}

@ARTICLE{9854866,
  author={Khan, Latif U. and Han, Zhu and Saad, Walid and Hossain, Ekram and Guizani, Mohsen and Hong, Choong Seon},
  journal=IEEE_O_CSTO, 
  title={Digital Twin of Wireless Systems: Overview, Taxonomy, Challenges, and Opportunities}, 
  year={2022},month={Aug.},
  volume={24},
  number={4},
  pages={2230-2254},
  keywords={Digital twins;Wireless communication;Tutorials;Computational modeling;Communication system security;Taxonomy;Market research;Digital twin;wireless system;machine learning;federated learning;virtual modeling},
  doi={10.1109/COMST.2022.3198273}}

@ARTICLE{10577097,
  author={Chai, Haoye and Wang, Huandong and Li, Tong and Wang, Zhaocheng},
  journal=IEEE_M_NET, 
  title={Generative {AI}-Driven Digital Twin for Mobile Networks}, 
  year={2024},month={Sep.},
  volume={38},
  number={5},
  pages={84-92},
  keywords={Optimization;6G mobile communication;Digital twins;Wireless communication;Generative AI;Protocols;Optimization models;Ubiquitous computing;Telecommunication network performance;Network digital twin;generative AI;network optimization},
  doi={10.1109/MNET.2024.3420702}}


@ARTICLE{tao2023wireless,
  author={Tao, Zhenyu and Xu, Wei and Huang, Yongming and Wang, Xiaoyun and You, Xiaohu},
  journal=IEEE_M_WC, 
  title={Wireless Network Digital Twin for {6G}: Generative {AI} as a Key Enabler}, 
  year={2024},month={Aug.},
  volume={31},
  number={4},
  pages={24-31},
  keywords={6G mobile communication;Generative AI;Wireless networks;Emulation;Network architecture;Transformers;Digital twins},
  doi={10.1109/MWC.002.2300564}}

@ARTICLE{10286117,
  author={Tao, Zhenyu and Guo, Yongliang and He, Guanghui and Huang, Yongming and You, Xiaohu},
  journal=IEEE_J_T, 
  title={Deep Learning-Based Modeling of {5G} Core Control Plane for {5G} Network Digital Twin}, 
  year={2024}, month={Oct.},
  volume={10},
  number={1},
  pages={238-251},
  keywords={5G mobile communication;Data models;Transformers;Decoding;Uplink;Transformer cores;Programming;Digital twin;5G core;control plane;deep learning;LSTM;transformer},
  doi={10.1109/TCCN.2023.3324634}}

@ARTICLE{10235311,
  author={Zhang, Yongchao and Hu, Jia and Min, Geyong},
  journal=IEEE_J_JSAC, 
  title={Digital Twin-Driven Intelligent Task Offloading for Collaborative Mobile Edge Computing}, 
  year={2023},
  volume={41},month={Oct.},
  number={10},
  pages={3034-3045},
  keywords={Task analysis;Collaboration;Internet of Things;Servers;Resource management;Heuristic algorithms;Delays;Edge computing;digital twin;task offloading;deep reinforcement learning},
  doi={10.1109/JSAC.2023.3310058}}



@article{van2019optimal,
  title={Optimal and fast real-time resource slicing with deep dueling neural networks},
  author={Van Huynh, Nguyen and Hoang, Dinh Thai and Nguyen, Diep N and Dutkiewicz, Eryk},
  journal=IEEE_J_JSAC,
  volume={37},
  number={6},
  pages={1455--1470},
  year={2019},month={Mar.},
  publisher={IEEE}
}

@article{tarski1955lattice,
  title={A lattice-theoretical fixpoint theorem and its applications.},
  author={Tarski, Alfred},
 journal={Pacific J. Math.},
  volume={5},
  number={2},
  pages={285--309},month={June},
  year={1955}
}

@ARTICLE{10522623,
  author={Zhang, Zhengming and Huang, Yongming and Zhang, Cheng and Zheng, Qingbi and Yang, Luxi and You, Xiaohu},
  journal={IEEE Transactions on Communications}, 
  title={Digital Twin-Enhanced Deep Reinforcement Learning for Resource Management in Networks Slicing}, 
  year={2024},month={Oct.},
  volume={72},
  number={10},
  pages={6209-6224},
  keywords={Digital twins;Network slicing;Resource management;Optimization;Deep reinforcement learning;Synchronization;Spectral efficiency;Network slice;digital twin;deep reinforcement learning;resource management},
  doi={10.1109/TCOMM.2024.3395698}}


@ARTICLE{10287987,
  author={Zhang, Shubin and Bao, Senlei and Chi, Kaikai and Yu, Keping and Mumtaz, Shahid},
  journal=IEEE_J_COM, 
  title={DRL-Based Computation Rate Maximization for Wireless Powered Multi-{AP} Edge Computing}, 
  year={2024},month={Feb.},
  volume={72},
  number={2},
  pages={1105-1118},
  keywords={Servers;Task analysis;Internet of Things;Resource management;Time division multiple access;Radio frequency;Computational modeling;Edge computing;wireless power transfer;resource allocation;computation rate maximization},
  doi={10.1109/TCOMM.2023.3325905}}


@ARTICLE{tao2023DTAC,
  author={Tao, Zhenyu and Xu, Wei and You, Xiaohu},
  journal=IEEE_J_COM, 
  title={Digital Twin-Accelerated Online Deep Reinforcement Learning for Admission Control in Sliced Communication Networks}, 
  year={2024},month={early access Oct.},
  volume={},
  number={}}

@article{tao2024parallel,
  title={Parallel Digital Twin-driven Deep Reinforcement Learning for User Association and Load Balancing in Dynamic Wireless Networks},
  author={Tao, Zhenyu and Xu, Wei and You, Xiaohu},
  journal={arXiv preprint arXiv:2410.07611},
  year={2024}
}

@article{mnih2016asynchronous,
  title={Asynchronous Methods for Deep Reinforcement Learning},
  author={Mnih, Volodymyr},
  journal={arXiv preprint arXiv:1602.01783},
  year={2016}
}

@misc{3gpp,
  author       = {3GPP},
  title        = {Study on channel model for frequencies from 0.5 to 100 {GHz}},
  year = {2020},
  note="Accessed: 2020-01-11",
  howpublished   = "\url{https://www.3gpp.org/ftp/Specs/archive/38_series/38.901/38901-g10.zip}",
}


@article{tao2024map2traj,
title={Map2Traj: Street Map Piloted Zero-shot Trajectory Generation with Diffusion Model},
  author={Tao, Zhenyu and Xu, Wei and You, Xiaohu},
  journal={arXiv preprint arXiv:2407.19765},
  year={2024}
}

@article{schulman2017proximal,
  title={Proximal policy optimization algorithms},
  author={Schulman, John and Wolski, Filip and Dhariwal, Prafulla and Radford, Alec and Klimov, Oleg},
  journal={arXiv preprint arXiv:1707.06347},
  year={2017}
}

@misc{didi2017gaia,
  author       = {{Didi-Chuxing}},
  title        = {{GAIA Initiative}},
  year         = {2017},
  howpublished = "\url{https://outreach.didichuxing.com}"
}



@article{oktay2018attention,
  title={Attention u-net: Learning where to look for the pancreas},
  author={Oktay, Ozan and Schlemper, Jo and Folgoc, Loic Le and Lee, Matthew and Heinrich, Mattias and Misawa, Kazunari and Mori, Kensaku and McDonagh, Steven and Hammerla, Nils Y and Kainz, Bernhard and others},
  journal={arXiv preprint arXiv:1804.03999},
  year={2018}
}


@ARTICLE{10024766,
  author={Xu, Wei and Yang, Zhaohui and Ng, Derrick Wing Kwan and Levorato, Marco and Eldar, Yonina C. and Debbah, Mérouane},
  journal=IEEE_J_STSP, 
  title={Edge Learning for {B5G} Networks With Distributed Signal Processing: Semantic Communication, Edge Computing, and Wireless Sensing}, 
  year={2023},month={Jan.},
  volume={17},
  number={1},
  pages={9-39}}


@article{goodfellow2020generative,
  title={Generative adversarial networks},
  author={Goodfellow, Ian and Pouget-Abadie, Jean and Mirza, Mehdi and Xu, Bing and Warde-Farley, David and Ozair, Sherjil and Courville, Aaron and Bengio, Yoshua},
  journal={Communications of the ACM},
  volume={63},
  number={11},
  pages={139--144},
  year={2020},month={Oct.},
  publisher={ACM New York, NY, USA}
}


@article{hochreiter1997long,
  title={Long short-term memory},
  author={Hochreiter, Sepp and Schmidhuber, J{\"u}rgen},
  journal={Neural Computation},
  volume={9},
  number={8},
  pages={1735--1780},
  year={1997},month={Jan.},
  publisher={MIT press}
}


@inproceedings{sutskever2014sequence,
  title={Sequence to sequence learning with neural networks},
 author = {Sutskever, Ilya and Vinyals, Oriol and Le, Quoc V},
 booktitle = nips,
 publisher = {Curran Associates, Inc.},
 title = {Sequence to Sequence Learning with Neural Networks},
 volume = {27},
 year = {2014},month={Dec.},
address = {Montreal, Quebec}
}

@inproceedings{xian2017zero,
author = {Xian, Yongqin and Schiele, Bernt and Akata, Zeynep},
title = {Zero-Shot Learning - the Good, the Bad and the Ugly},
booktitle = CVPR,
month = {July},
year = {2017},
address = {Honolulu, Hawaii}}

@INPROCEEDINGS{quadriga_website,
  author={Jaeckel, Stephana and Raschkowski, Leszek and Burkhardt, Frank and Thiele, Lars},
  booktitle=globecom, 
  title={Efficient Sum-of-Sinusoids-Based Spatial Consistency for the {3GPP} New-Radio Channel Model}, 
  year={2018},month={Dec.},
  pages={1-7},
address = {Abu Dhabi, United Arab Emirates}
}

@INPROCEEDINGS{9685781,
  author={Gupta, Manan and Dreifuerst, Ryan M. and Yazdan, Ali and Huang, Po-Han and Kasturia, Sanjay and Andrews, Jeffrey G.},
  booktitle=globecom, 
  title={Load Balancing and Handover Optimization in Multi-band Networks using Deep Reinforcement Learning}, month={Dec.},
  year={2021},
  volume={},
  number={},
  pages={1-6},
address={Madrid, Spain}}

@INPROCEEDINGS{752157,
  author={Liang, B. and Haas, Z.J.},
  booktitle=infocom, 
  title={Predictive distance-based mobility management for {PCS} networks}, 
  year={1999},month={Mar.},
  volume={3},
  number={},
  pages={1377-1384 vol.3},
 address={New York, NY},
  doi={10.1109/INFCOM.1999.752157}}

@Inbook{Johnson1996,
author="Johnson, David B. and Maltz, David A.",
title="Dynamic Source Routing in Ad Hoc Wireless Networks",
bookTitle="Mobile Computing",
year="1996",
publisher="Springer US",
address="Boston, MA",
pages="153--181",
}



@inproceedings{kolouri2019generalized,
 author = {Kolouri, Soheil and Nadjahi, Kimia and Simsekli, Umut and Badeau, Roland and Rohde, Gustavo},
 booktitle = nips,
 pages = {},
 publisher = {Curran Associates, Inc.},
 title = {Generalized Sliced Wasserstein Distances},month={Dec.},
 volume = {32},
 year = {2019},
address = {Vancouver, BC, Canada}
}


@article{ruschendorf1985wasserstein,
  title={The Wasserstein distance and approximation theorems},
  author={R{\"u}schendorf, Ludger},
  journal={Probability Theory and Related Fields},
  volume={70},month={Mar.},
  number={1},
  pages={117--129},
  year={1985},
  publisher={Springer}
}
@article{gis,
author = {Yaguang Tao and Alan Both and Rodrigo I. Silveira and Kevin Buchin and Stef Sijben and Ross S. Purves and Patrick Laube and Dongliang Peng and Kevin Toohey and Matt Duckham},
title = {A comparative analysis of trajectory similarity measures},
journal = {GIScience \& Remote Sensing},
volume = {58},
number = {5},
pages = {643--669},
year = {2021},month={June},
doi = {10.1080/15481603.2021.1908927},
}

@ARTICLE{5288526,
  author={Pan, Sinno Jialin and Yang, Qiang},
  journal=IEEE_J_KDE, 
  title={A Survey on Transfer Learning}, 
  year={2010},month={Oct.},
  volume={22},
  number={10},
  pages={1345-1359}}

@ARTICLE{10636241,
  author={Wu, Xuetong and Manton, Jonathan H. and Aickelin, Uwe and Zhu, Jingge},
  journal=IEEE_J_IT, 
  title={On the Generalization for Transfer Learning: An Information-Theoretic Analysis}, 
  year={2024},month={Aug.},
  volume={70},
  number={10},
  pages={7089-7124},}

@article{berner2019dota,
  title={Dota 2 with large scale deep reinforcement learning},
  author={Berner, Christopher and Brockman, Greg and Chan, Brooke and Cheung, Vicki and Debiak, Przemyslaw and Dennison, Christy and Farhi, David and Fischer, Quirin and Hashme, Shariq and Hesse, Chris and others},
  journal={arXiv preprint arXiv:1912.06680},
  year={2019},month={Dec.}
}
@article{silver2016mastering,
  title={Mastering the game of {Go} with deep neural networks and tree search},
  author={Silver, David and Huang, Aja and Maddison, Chris J and Guez, Arthur and Sifre, Laurent and Van Den Driessche, George and Schrittwieser, Julian and Antonoglou, Ioannis and Panneershelvam, Veda and Lanctot, Marc and others},
  journal={Nature},
  volume={529},
  number={7587},
  pages={484--489},
  year={2016},month={Jan.},
  publisher={Nature Publishing Group}
}

@InProceedings{pmlr-v97-cobbe19a,
  title = 	 {Quantifying Generalization in Reinforcement Learning},
  author =       {Cobbe, Karl and Klimov, Oleg and Hesse, Chris and Kim, Taehoon and Schulman, John},
  booktitle = 	 icml,
  pages = 	 {1282--1289},
address = {Long Beach, CA},
  year = 	 {2019},
  volume = 	 {97},
  month = 	 {Jun.},
}


@ARTICLE{9372298,
  author={Feriani, Amal and Hossain, Ekram},
  journal=IEEE_O_CSTO, 
  title={Single and Multi-Agent Deep Reinforcement Learning for {AI}-Enabled Wireless Networks: A Tutorial}, 
  year={2021}, month={Mar.},
  volume={23},
  number={2},
  pages={1226-1252}}

@inproceedings{dtw,
author = {Berndt, Donald J. and Clifford, James},
title = {Using dynamic time warping to find patterns in time series},month={July},
year = {1994},
booktitle = kdd,
pages = {359--370},
keywords = {time series, pattern analysis, knowledge discovery, dynamic time warping, dynamic programming},
address = {Seattle, WA},
}



@inproceedings{editdistance,
author = {Chen, Lei and \"{O}zsu, M. Tamer and Oria, Vincent},
title = {Robust and fast similarity search for moving object trajectories},
year = {2005},month={June},
address = {New York, NY},
booktitle = sigmod,
pages = {491--502},
address = {Baltimore, Maryland},
}

@InProceedings{Wu_2018_ECCV,
author = {Wu, Yuxin and He, Kaiming},
title = {Group Normalization},
booktitle = eccv,
month = {Sep.},
year = {2018},
pages = {3--19},
address = {Munich, Germany}
}


@inproceedings{ronneberger2015u,
  title={U-net: Convolutional networks for biomedical image segmentation},
  author={Ronneberger, Olaf and Fischer, Philipp and Brox, Thomas},
  booktitle={Proc. Int. Conf. Med. Image Comput. Comput. Assist. Interv. (MICCAI)},
  pages={234--241},month={Nov.},
  year={2015},
  organization={Springer},address = {Munich, Germany}
}

@inproceedings{NEURIPS2020_4c5bcfec,
 author = {Ho, Jonathan and Jain, Ajay and Abbeel, Pieter},
 booktitle = nips,
 pages = {6840--6851},
 title = {Denoising Diffusion Probabilistic Models},month={Dec.},
 volume = {33},
 year = {2020},
address = {virtual}
}


@article{endo2016classifying,
  title={Classifying spatial trajectories using representation learning},
  author={Endo, Yuki and Toda, Hiroyuki and Nishida, Kyosuke and Ikedo, Jotaro},
  journal={Int. J. Data Sci. Anal.},
  volume={2},
  number={3},
  pages={107--117},month={July},
  year={2016},
  publisher={Springer}
}

@inproceedings{mapmatching,
author = {Newson, Paul and Krumm, John},
title = {Hidden {Markov} map matching through noise and sparseness},
year = {2009},month={Nov.},
address = {New York, NY},
booktitle = {Proc. Int. Conf. Adv. Geogr. Inf. Syst. (SIGSPATIAL)},
pages = {336--343},
keywords = {road map, map matching, location, driving routes},
address = {Seattle, Washington},
}


@inproceedings{liu2018trajgans,
  title={{TrajGANs}: Using generative adversarial networks for geo-privacy protection of trajectory data (Vision paper)},
  author={Liu, Xi and Chen, Hanzhou and Andris, Clio},
  booktitle={Location Privacy and Security Workshop},
  pages={1--7},
  year={2018}
}


@InProceedings{pmlr-v139-ramesh21a,
  title = 	 {Zero-Shot Text-to-Image Generation},
  author =       {Ramesh, Aditya and Pavlov, Mikhail and Goh, Gabriel and Gray, Scott and Voss, Chelsea and Radford, Alec and Chen, Mark and Sutskever, Ilya},
  booktitle = 	 icml,
  pages = 	 {8821--8831},
  year = 	 {2021},
  volume = 	 {139},
  month = 	 {July},
  publisher =    {PMLR}
}


@INPROCEEDINGS{9338370,
  author={Zhang, Xin and Li, Yanhua and Zhou, Xun and Zhang, Ziming and Luo, Jun},
  booktitle=icdm, 
  title={{TrajGAIL}: Trajectory Generative Adversarial Imitation Learning for Long-Term Decision Analysis}, month={Nov.},
  year={2020},
  volume={},
  number={},
  pages={801-810},address = {Sorrento, Italy},}

@inproceedings{DiffTraj,
 author = {Zhu, Yuanshao and Ye, Yongchao and Zhang, Shiyao and Zhao, Xiangyu and Yu, James},
 booktitle = nips,
 pages = {65168--65188},
 title = {{DiffTraj}: Generating GPS Trajectory with Diffusion Probabilistic Model},
 address = {New Orleans, LA},
 volume = {36},
 year = {2023},month={Dec.},
}

@inproceedings{tstrajgen,
  title={Continuous trajectory generation based on two-stage {GAN}},
  author={Jiang, Wenjun and Zhao, Wayne Xin and Wang, Jingyuan and Jiang, Jiawei},
  booktitle=aaai,
  volume={37},
  number={4},month={Jun.},
  pages={4374--4382},
  year={2023},
address = {Washington, DC}
}

@inproceedings{trajgen,
author = {Cao, Chu and Li, Mo},
title = {Generating mobility trajectories with retained data utility},
year = {2021},
address = {New York, NY},month={Aug.},
booktitle = kdd,
pages = {2610--2620},
keywords = {data utility, generative adversarial nets, mobility trajectories generating, sequence-to-sequence learning},
address = {Virtual Event, Singapore},
}

@inproceedings{SynMob,
 author = {Zhu, Yuanshao and Ye, Yongchao and Wu, Ying and Zhao, Xiangyu and Yu, James},
 booktitle = nips,
 pages = {22961--22977},
 title = {{SynMob}: Creating High-Fidelity Synthetic {GPS} Trajectory Dataset for Urban Mobility Analysis},
 address = {New Orleans, LA},
 volume = {36},
 year = {2023},month={Dec.},
}
@ARTICLE{10147312,
  author={Xu, Xing and Li, Rongpeng and Zhao, Zhifeng and Zhang, Honggang},
  journal=IEEE_J_WCOM, 
  title={The Gradient Convergence Bound of Federated Multi-Agent Reinforcement Learning With Efficient Communication}, 
  year={2024},month={Jan.},
  volume={23},
  number={1},
  pages={507-528},
  keywords={Convergence;Servers;Reinforcement learning;Training;Optimization methods;Analytical models;Trajectory;Independent reinforcement learning;federated learning;consensus algorithm;communication overheads},
  doi={10.1109/TWC.2023.3279268}}

@ARTICLE{10623365,
  author={Safavinejad, Ramin and Chang, Hao-Hsuan and Liu, Lingjia},
  journal=IEEE_J_WCOM, 
  title={Deep Reinforcement Learning for Dynamic Spectrum Access: Convergence Analysis and System Design}, 
  year={2024},month={Dec.},
  volume={23},
  number={12},
  pages={18888-18902},
  keywords={Training;Training data;Convergence;Wireless communication;5G mobile communication;Upper bound;6G mobile communication;Deep reinforcement learning (DRL);covering numbers;dynamic spectrum access (DSA);echo state network (ESN);recurrent neural network;5G beyond and 6G},
  doi={10.1109/TWC.2024.3414428}}


@ARTICLE{10298039,
  author={Gupta, Manan and Chinchali, Sandeep and Varkey, Paul Parayil and Andrews, Jeffrey G.},
  journal=IEEE_J_WCOM, 
  title={Forecaster-Aided User Association and Load Balancing in Multi-Band Mobile Networks}, 
  year={2024},month={May},
  volume={23},
  number={5},
  pages={5157-5171}}

@ARTICLE{9329087,
  author={Naderializadeh, Navid and Sydir, Jaroslaw J. and Simsek, Meryem and Nikopour, Hosein},
  journal=IEEE_J_WCOM, 
  title={Resource Management in Wireless Networks via Multi-Agent Deep Reinforcement Learning}, 
  year={2021},month={June},
  volume={20},
  number={6},
  pages={3507-3523}}

@ARTICLE{8673556,
  author={Tabassum, Hina and Salehi, Mohammad and Hossain, Ekram},
  journal=IEEE_O_CSTO, 
  title={Fundamentals of Mobility-Aware Performance Characterization of Cellular Networks: A Tutorial}, 
  year={2019},month={thirdquarter},
  volume={21},
  number={3},
  pages={2288-2308}}


@ARTICLE{10183795,
  author={You, Xiaohu and Huang, Yongming and Liu, Shengheng and Wang, Dongming and Ma, Junchao and Zhang, Chuan and Zhan, Hang and Zhang, Cheng and Zhang, Jiao and Liu, Zening and Li, Jin and Zhu, Min and You, Jianjie and Liu, Dongjie and Cao, Yang and He, Shiwen and He, Guanghui and Yang, Fengyi and Liu, Yang and Wu, Jianjun and Lu, Jianmin and Li, Ge and Chen, Xiaowu and Chen, Wenguang and Gao, Wen},
  journal=IEEE_M_WC, 
  title={Toward {6G} $\text{TK}\mu$ Extreme Connectivity: Architecture, Key Technologies and Experiments}, 
  year={2023},month={June},
  volume={30},
  number={3},
  pages={86-95},
  keywords={6G mobile communication;Systematics;Computer architecture;Massive MIMO;Network architecture;Spatiotemporal phenomena;Task analysis},
  doi={10.1109/MWC.004.2200482}}

@ARTICLE{9237116,
  author={Wang, Cheng-Xiang and Huang, Jie and Wang, Haiming and Gao, Xiqi and You, Xiaohu and Hao, Yang},
  journal=IEEE_M_VT, 
  title={{6G} Wireless Channel Measurements and Models: Trends and Challenges}, 
  year={2020}, month={Oct.},
  volume={15},
  number={4},
  pages={22-32},
  keywords={6G mobile communication;Wireless communication;Frequency measurement;Marine vehicles;Satellites;Loss measurement;Nonlinear optics},
  doi={10.1109/MVT.2020.3018436}}

@ARTICLE{9789983,
  author={Alizadeh, Alireza and Vu, Mai},
  journal=IEEE_J_WCOM, 
  title={Reinforcement Learning for User Association and Handover in mmWave-Enabled Networks}, 
  year={2022}, month={June},
  volume={21},
  number={11},
  pages={9712-9728},}


@ARTICLE{9127161,
  author={Sana, Mohamed and De Domenico, Antonio and Yu, Wei and Lostanlen, Yves and Calvanese Strinati, Emilio},
  journal=IEEE_J_WCOM, 
  title={Multi-Agent Reinforcement Learning for Adaptive User Association in Dynamic mmWave Networks}, 
  year={2020},month={June},
  volume={19},
  number={10},
  pages={6520-6534},
  keywords={Interference;Wireless communication;Reinforcement learning;5G mobile communication;Signal to noise ratio;Complexity theory;Downlink;Distributed user association;millimeter-wave (mmWave) communications;small cells;deep multi-agent reinforcement learning (MARL)},
  doi={10.1109/TWC.2020.3003719}}

@ARTICLE{9303466,
  author={Elsayed, Medhat and Erol-Kantarci, Melike and Yanikomeroglu, Halim},
  journal=IEEE_J_WCOM, 
  title={Transfer Reinforcement Learning for {5G} New Radio mmWave Networks}, 
  year={2021},month={Dec.},
  volume={20},
  number={5},
  pages={2838-2849},
  keywords={Reinforcement learning;Task analysis;Resource management;Interference;NOMA;Array signal processing;Silicon carbide;5G-NR;beamforming;mm-Wave;Q-learning;reinforcement learning;transfer learning},
  doi={10.1109/TWC.2020.3044597}}


@ARTICLE{8796358,
  author={Zhao, Nan and Liang, Ying-Chang and Niyato, Dusit and Pei, Yiyang and Wu, Minghu and Jiang, Yunhao},
  journal=IEEE_J_WCOM, 
  title={Deep Reinforcement Learning for User Association and Resource Allocation in Heterogeneous Cellular Networks}, 
  year={2019},month={Aug.},
  volume={18},
  number={11},
  pages={5141-5152}}

@ARTICLE{9491087,
  author={Lu, Yunlong and Maharjan, Sabita and Zhang, Yan},
  journal=IEEE_J_IOT, 
  title={Adaptive Edge Association for Wireless Digital Twin Networks in {6G}}, 
  year={2021}, month={July},
  volume={8},
  number={22},
  pages={16219-16230},
  keywords={Digital twin;6G mobile communication;Wireless communication;Servers;Reinforcement learning;Vehicle dynamics;Task analysis;Deep reinforcement learning (DRL);digital twin;edge association;transfer learning;wireless network},
  doi={10.1109/JIOT.2021.3098508}}

@ARTICLE{10078846,
  author={Shui, Tingyu and Hu, Jie and Yang, Kun and Kang, Honghui and Rui, Hua and Wang, Bo},
  journal=IEEE_J_WCOM, 
  title={Cell-Free Networking for Integrated Data and Energy Transfer: Digital Twin Based Double Parameterized {DQN} for Energy Sustainability}, 
  year={2023}, month= {Nov.},
  volume={22},
  number={11},
  pages={8035-8049},
  keywords={Digital twins;Training;Downlink;Array signal processing;Wireless communication;Optimization;Convergence;Cell-free networking;integrated data and energy transfer (IDET);mixed time-scale;beamforming;AP classification;deep reinforcement learning (DRL);double parameterized deep-Q-network (DP-DQN);digital twin (DT)},
  doi={10.1109/TWC.2023.3258143}}

@ARTICLE{10234388,
  author={Guo, Qi and Tang, Fengxiao and Kato, Nei},
  journal=IEEE_J_JSAC, 
  title={Resource Allocation for Aerial Assisted Digital Twin Edge Mobile Network}, 
  year={2023},month={Aug.},
  volume={41},
  number={10},
  pages={3070-3079},
  keywords={Autonomous aerial vehicles;Resource management;Quality of service;Digital twins;Optimization;Relays;Data models;Resource allocation;edge computing;multi-task reinforcement learning (RL);digital twin (DT);unmanned aerial vehicle (UAV);device-to-device (D2D) communication;5G;6G},
  doi={10.1109/JSAC.2023.3310065}}

@ARTICLE{10345669,
  author={Paul, Anal and Singh, Keshav and Nguyen, Minh-Hien T. and Pan, Cunhua and Li, Chih-Peng},
  journal=IEEE_J_STSP, 
  title={Digital Twin-Assisted Space-Air-Ground Integrated Networks for Vehicular Edge Computing}, 
  year={2024}, month ={Dec.},
  volume={18},
  number={1},
  pages={66-82},
  keywords={Task analysis;Ultra reliable low latency communication;Satellites;Edge computing;Resource management;Energy consumption;Optimization;Digital twin;space-air-ground integrated networks;vehicular edge computing;ultra-reliable low-latency communications;deep reinforcement learning},
  doi={10.1109/JSTSP.2023.3340107}}

@ARTICLE{9795902,
  author={Li, Bin and Liu, Yufeng and Tan, Ling and Pan, Heng and Zhang, Yan},
  journal=IEEE_J_VT, 
  title={Digital Twin Assisted Task Offloading for Aerial Edge Computing and Networks}, 
  year={2022}, month={June},
  volume={71},
  number={10},
  pages={10863-10877},
  keywords={Task analysis;Autonomous aerial vehicles;Energy consumption;Digital twins;Trajectory;Servers;Resource management;Digital twin;unmanned aerial vehicle;mobile edge computing;user mobility;deep reinforcement learning},
  doi={10.1109/TVT.2022.3182647}}

@ARTICLE{10551488,
  author={Paul, Anal and Singh, Keshav and Li, Chih-Peng and Dobre, Octavia A. and Duong, Trung Q.},
  journal=IEEE_J_VT, 
  title={Digital Twin-Aided Vehicular Edge Network: A Large-Scale Model Optimization by Quantum-{DRL}}, 
  year={2024}, month={early access June},
  volume={},
  number={},
  pages={},
  keywords={Task analysis;Computational modeling;Quantum computing;Optimization;Ultra reliable low latency communication;Edge computing;Data models;Vehicular edge computing;task offloading;ultra-reliable low-latency communication;quantum deep reinforcement learning;large model framework;long short-term memory networks;digital twin;and multi-agent systems},
  doi={10.1109/TVT.2024.3410897}}

@ARTICLE{10319104,
  author={Sun, Kangkang and Wu, Jun and Pan, Qianqian and Zheng, Xi and Li, Jianhua and Yu, Shui},
  journal=IEEE_J_VT, 
  title={Leveraging Digital Twin and {DRL} for Collaborative Context Offloading in {C-V2X} Autonomous Driving}, 
  year={2024},month={Nov.},
  volume={73},
  number={4},
  pages={5020-5035},
  keywords={Autonomous vehicles;Collaboration;Task analysis;Solid modeling;Quality of service;Resource management;Context modeling;Digital Twin (DT);C-V2X autonomous driving;context offloading;mean field game;deep reinforcement learning},
  doi={10.1109/TVT.2023.3333243}}

@ARTICLE{9174795,
  author={Sun, Wen and Zhang, Haibin and Wang, Rong and Zhang, Yan},
  journal=IEEE_J_VT, 
  title={Reducing Offloading Latency for Digital Twin Edge Networks in {6G}}, 
  year={2020},month={Aug.},
  volume={69},
  number={10},
  pages={12240-12251},
  keywords={Servers;Task analysis;Vehicle dynamics;Optimization;Real-time systems;Wireless communication;Training data;Mobile edge computing;deep reinforcement learning;digital twin;digital twin edge network},
  doi={10.1109/TVT.2020.3018817}}

@inproceedings{1869807,
author = {Yuan, Jing and Zheng, Yu and Zhang, Chengyang and Xie, Wenlei and Xie, Xing and Sun, Guangzhong and Huang, Yan},
title = {T-drive: driving directions based on taxi trajectories},
year = {2010}, month={Nov.},
isbn = {9781450304283},
address = {New York, NY, USA},
booktitle = {Proc. Int. Conf. Adv. Geogr. Inf. Syst. (SIGSPATIAL)},
pages = {99--108},
keywords = {time-dependent fast route, taxi trajectories, landmark graph, driving directions, T-drive},
address = {San Jose, California},
}

@ARTICLE{6497017,
  author={Ye, Qiaoyang and Rong, Beiyu and Chen, Yudong and Al-Shalash, Mazin and Caramanis, Constantine and Andrews, Jeffrey G.},
  journal=IEEE_J_WCOM, 
  title={User Association for Load Balancing in Heterogeneous Cellular Networks}, 
  year={2013},month={Apr.},
  volume={12},
  number={6},
  pages={2706-2716},
  keywords={Resource management;Interference;Load management;Signal to noise ratio;Macrocell networks;Joints;Distributed algorithms;Load balancing;user association;heterogeneous cellular networks;distributed algorithm;range expansion},
  doi={10.1109/TWC.2013.040413.120676}}

@book{srikant2014communication,
  title={Communication Networks: An Optimization, Control and Stochastic Networks Perspective},
  author={Srikant, Rayadurgam and Ying, Lei},
  year={2014},
  publisher={Cambridge University Press},
 address={New York, NY, USA}
}