@inproceedings{Mediapipe,
title={Real-time Facial Surface Geometry from Monocular Video on Mobile GPUs},
author={Yury Kartynnik and Artsiom Ablavatski and Ivan Grishchenko and Matthias Grundmann},
year={2019},
URL={https://arxiv.org/abs/1907.06724},
booktitle={CVPR Workshop on Computer Vision for Augmented and Virtual Reality 2019},
address={Long Beach, CA}
}

@article{fsr1,
  title={Guided depth map super-resolution: A survey},
  author={Zhong, Zhiwei and Liu, Xianming and Jiang, Junjun and Zhao, Debin and Ji, Xiangyang},
  journal={ACM Computing Surveys},
  volume={55},
  number={14s},
  pages={1--36},
  year={2023},
  publisher={ACM New York, NY}
}

@inproceedings{fsr10,
  title={Second-order attention network for single image super-resolution},
  author={Dai, Tao and Cai, Jianrui and Zhang, Yongbing and Xia, Shu-Tao and Zhang, Lei},
  booktitle={Proceedings of the IEEE/CVF conference on computer vision and pattern recognition},
  pages={11065--11074},
  year={2019}
}

@inproceedings{fsr11,
  title={Face hallucination via split-attention in split-attention network},
  author={Lu, Tao and Wang, Yuanzhi and Zhang, Yanduo and Wang, Yu and Wei, Liu and Wang, Zhongyuan and Jiang, Junjun},
  booktitle={Proceedings of the 29th ACM international conference on multimedia},
  pages={5501--5509},
  year={2021}
}

@article{fsr12,
  title={Dual-path deep fusion network for face image hallucination},
  author={Jiang, Kui and Wang, Zhongyuan and Yi, Peng and Lu, Tao and Jiang, Junjun and Xiong, Zixiang},
  journal={IEEE Transactions on Neural Networks and Learning Systems},
  volume={33},
  number={1},
  pages={378--391},
  year={2020},
  publisher={IEEE}
}

@article{fsr13,
  title={MFFN: image super-resolution via multi-level features fusion network},
  author={Chen, Yuantao and Xia, Runlong and Yang, Kai and Zou, Ke},
  journal={The Visual Computer},
  volume={40},
  number={2},
  pages={489--504},
  year={2024},
  publisher={Springer}
}

@article{fsr14,
  title={Deep hyfeat based attention in attention model for face super-resolution},
  author={Tomar, Anurag Singh and Arya, KV and Rajput, Shyam Singh},
  journal={IEEE Transactions on Instrumentation and Measurement},
  volume={72},
  pages={1--11},
  year={2023},
  publisher={IEEE}
}

@article{fsr15,
  title={Atfacegan: Single face semantic aware image restoration and recognition from atmospheric turbulence},
  author={Lau, Chun Pong and Castillo, Carlos D and Chellappa, Rama},
  journal={IEEE Transactions on Biometrics, Behavior, and Identity Science},
  volume={3},
  number={2},
  pages={240--251},
  year={2021},
  publisher={IEEE}
}

@inproceedings{fsr16,
  title={Hifacegan: Face renovation via collaborative suppression and replenishment},
  author={Yang, Lingbo and Wang, Shanshe and Ma, Siwei and Gao, Wen and Liu, Chang and Wang, Pan and Ren, Peiran},
  booktitle={Proceedings of the 28th ACM international conference on multimedia},
  pages={1551--1560},
  year={2020}
}

@article{fsr17,
  title={Supervised pixel-wise GAN for face super-resolution},
  author={Zhang, Menglei and Ling, Qiang},
  journal={IEEE Transactions on Multimedia},
  volume={23},
  pages={1938--1950},
  year={2020},
  publisher={IEEE}
}

@inproceedings{fsr18,
  title={PCA-SRGAN: Incremental orthogonal projection discrimination for face super-resolution},
  author={Dou, Hao and Chen, Chen and Hu, Xiyuan and Xuan, Zuxing and Hu, Zhisen and Peng, Silong},
  booktitle={Proceedings of the 28th ACM international conference on multimedia},
  pages={1891--1899},
  year={2020}
}

@inproceedings{fsr19,
  title={Gcfsr: a generative and controllable face super resolution method without facial and gan priors},
  author={He, Jingwen and Shi, Wu and Chen, Kai and Fu, Lean and Dong, Chao},
  booktitle={Proceedings of the IEEE/CVF conference on computer vision and pattern recognition},
  pages={1889--1898},
  year={2022}
}

@article{fsr2,
  title={Deep learning-based human pose estimation: A survey},
  author={Zheng, Ce and Wu, Wenhan and Chen, Chen and Yang, Taojiannan and Zhu, Sijie and Shen, Ju and Kehtarnavaz, Nasser and Shah, Mubarak},
  journal={ACM Computing Surveys},
  volume={56},
  number={1},
  pages={1--37},
  year={2023},
  publisher={ACM New York, NY}
}

@article{fsr20,
  title={E-ComSupResNet: Enhanced face super-resolution through compact network},
  author={Chudasama, Vishal and Nighania, Kartik and Upla, Kishor and Raja, Kiran and Ramachandra, Raghavendra and Busch, Christoph},
  journal={IEEE Transactions on Biometrics, Behavior, and Identity Science},
  volume={3},
  number={2},
  pages={166--179},
  year={2021},
  publisher={IEEE}
}

@inproceedings{fsr21,
  title={Super-fan: Integrated facial landmark localization and super-resolution of real-world low resolution faces in arbitrary poses with gans},
  author={Bulat, Adrian and Tzimiropoulos, Georgios},
  booktitle={Proceedings of the IEEE conference on computer vision and pattern recognition},
  pages={109--117},
  year={2018}
}

@article{fsr22,
  title={Edge and identity preserving network for face super-resolution},
  author={Kim, Jonghyun and Li, Gen and Yun, Inyong and Jung, Cheolkon and Kim, Joongkyu},
  journal={Neurocomputing},
  volume={446},
  pages={11--22},
  year={2021},
  publisher={Elsevier}
}

@inproceedings{fsr23,
  title={Multi-laplacian GAN with edge enhancement for face super resolution},
  author={Ko, Shanlei and Dai, Bi-Ru},
  booktitle={2020 25th International Conference on Pattern Recognition (ICPR)},
  pages={3505--3512},
  year={2021},
  organization={IEEE}
}

@inproceedings{fsr24,
  title={Fsrnet: End-to-end learning face super-resolution with facial priors},
  author={Chen, Yu and Tai, Ying and Liu, Xiaoming and Shen, Chunhua and Yang, Jian},
  booktitle={Proceedings of the IEEE conference on computer vision and pattern recognition},
  pages={2492--2501},
  year={2018}
}

@inproceedings{fsr25,
  title={Progressive face super-resolution via attention to face landmark},
  author={Kim, Deokyun and Kim, Minseon and Kwon, Gihyun and Kim, Dae-Shik},
  booktitle={the 30th British Machine Vision Conference (BMVC) 2019},
  year={2019},
  organization={the 30th British Machine Vision Conference (BMVC) 2019}
}

@inproceedings{fsr26,
  title={Deep face super-resolution with iterative collaboration between attentive recovery and landmark estimation},
  author={Ma, Cheng and Jiang, Zhenyu and Rao, Yongming and Lu, Jiwen and Zhou, Jie},
  booktitle={Proceedings of the IEEE/CVF conference on computer vision and pattern recognition},
  pages={5569--5578},
  year={2020}
}

@inproceedings{fsr27,
  title={Joint super-resolution and alignment of tiny faces},
  author={Yin, Yu and Robinson, Joseph and Zhang, Yulun and Fu, Yun},
  booktitle={Proceedings of the AAAI Conference on Artificial Intelligence},
  volume={34},
  number={07},
  pages={12693--12700},
  year={2020}
}

@article{fsr28,
  title={Dclnet: Dual closed-loop networks for face super-resolution},
  author={Wang, Huan and Hu, Qian and Wu, Chengdong and Chi, Jianning and Yu, Xiaosheng and Wu, Hao},
  journal={Knowledge-Based Systems},
  volume={222},
  pages={106987},
  year={2021},
  publisher={Elsevier}
}

@inproceedings{fsr29,
  title={Face hallucination based on key parts enhancement},
  author={Li, Ke and Bare, Bahetiyaer and Yan, Bo and Feng, Bailan and Yao, Chunfeng},
  booktitle={2018 IEEE International Conference on Acoustics, Speech and Signal Processing (ICASSP)},
  pages={1378--1382},
  year={2018},
  organization={IEEE}
}

@inproceedings{fsr3,
  title={Hybrid pixel-unshuffled network for lightweight image super-resolution},
  author={Sun, Bin and Zhang, Yulun and Jiang, Songyao and Fu, Yun},
  booktitle={Proceedings of the AAAI conference on artificial intelligence},
  volume={37},
  number={2},
  pages={2375--2383},
  year={2023}
}

@inproceedings{fsr30,
  title={Component attention guided face super-resolution network: Cagface},
  author={Kalarot, Ratheesh and Li, Tao and Porikli, Fatih},
  booktitle={Proceedings of the IEEE/CVF winter conference on applications of computer vision},
  pages={370--380},
  year={2020}
}

@inproceedings{fsr31,
  title={Face super-resolution network with incremental enhancement of facial parsing information},
  author={Liu, Shuang and Xiong, Chengyi and Gao, Zhirong},
  booktitle={2020 25th International Conference on Pattern Recognition (ICPR)},
  pages={7537--7543},
  year={2021},
  organization={IEEE}
}

@inproceedings{fsr32,
  title={Saan: Semantic attention adaptation network for face super-resolution},
  author={Zhao, Tianyu and Zhang, Changqing},
  booktitle={2020 IEEE International Conference on Multimedia and Expo (ICME)},
  pages={1--6},
  year={2020},
  organization={IEEE}
}

@inproceedings{fsr33,
  title={MSFSR: A multi-stage face super-resolution with accurate facial representation via enhanced facial boundaries},
  author={Zhang, Yunchen and Wu, Yi and Chen, Liang},
  booktitle={Proceedings of the IEEE/CVF conference on computer vision and pattern recognition workshops},
  pages={504--505},
  year={2020}
}

@inproceedings{fsr34,
  title={Heatmap-aware pyramid face hallucination},
  author={Wang, Chenyang and Jiang, Junjun and Liu, Xianming},
  booktitle={2021 IEEE International Conference on Multimedia and Expo (ICME)},
  pages={1--6},
  year={2021},
  organization={IEEE}
}

@article{fsr35,
  title={Super-resolving face image by facial parsing information},
  author={Wang, Chenyang and Jiang, Junjun and Zhong, Zhiwei and Zhai, Deming and Liu, Xianming},
  journal={IEEE Transactions on Biometrics, Behavior, and Identity Science},
  volume={5},
  number={4},
  pages={435--448},
  year={2023},
  publisher={IEEE}
}

@InProceedings{fsr36_esrgan,
author = {Wang, Xintao and Yu, Ke and Wu, Shixiang and Gu, Jinjin and Liu, Yihao and Dong, Chao and Qiao, Yu and Change Loy, Chen},
title = {ESRGAN: Enhanced Super-Resolution Generative Adversarial Networks},
booktitle = {Proceedings of the European Conference on Computer Vision (ECCV) Workshops},
month = {September},
year = {2018}
}

@inproceedings{fsr4,
  title={Learning generalizable latent representations for novel degradations in super-resolution},
  author={Li, Fengjun and Feng, Xin and Chen, Fanglin and Lu, Guangming and Pei, Wenjie},
  booktitle={Proceedings of the 30th ACM International Conference on Multimedia},
  pages={1797--1807},
  year={2022}
}

@article{fsr5,
  title={Deep learning-based face super-resolution: A survey},
  author={Jiang, Junjun and Wang, Chenyang and Liu, Xianming and Ma, Jiayi},
  journal={ACM Computing Surveys (CSUR)},
  volume={55},
  number={1},
  pages={1--36},
  year={2021},
  publisher={ACM New York, NY}
}

@inproceedings{fsr6,
  title={Learning face hallucination in the wild},
  author={Zhou, Erjin and Fan, Haoqiang and Cao, Zhimin and Jiang, Yuning and Yin, Qi},
  booktitle={Proceedings of the AAAI conference on artificial intelligence},
  volume={29},
  number={1},
  year={2015}
}

@inproceedings{fsr7,
  title={Ultra-resolving face images by discriminative generative networks},
  author={Yu, Xin and Porikli, Fatih},
  booktitle={European conference on computer vision},
  pages={318--333},
  year={2016},
  organization={Springer}
}

@inproceedings{fsr8,
  title={Wavelet-srnet: A wavelet-based cnn for multi-scale face super resolution},
  author={Huang, Huaibo and He, Ran and Sun, Zhenan and Tan, Tieniu},
  booktitle={Proceedings of the IEEE international conference on computer vision},
  pages={1689--1697},
  year={2017}
}

@inproceedings{fsr9,
  title={Image super-resolution using very deep residual channel attention networks},
  author={Zhang, Yulun and Li, Kunpeng and Li, Kai and Wang, Lichen and Zhong, Bineng and Fu, Yun},
  booktitle={Proceedings of the European conference on computer vision (ECCV)},
  pages={286--301},
  year={2018}
}

@inproceedings{s1,
  title={Learning a deep convolutional network for image super-resolution},
  author={Dong, Chao and Loy, Chen Change and He, Kaiming and Tang, Xiaoou},
  booktitle={Computer Vision--ECCV 2014: 13th European Conference, Zurich, Switzerland, September 6-12, 2014, Proceedings, Part IV 13},
  pages={184--199},
  year={2014},
  organization={Springer}
}

@inproceedings{s10,
  title={Photo-realistic single image super-resolution using a generative adversarial network},
  author={Ledig, Christian and Theis, Lucas and Husz{\'a}r, Ferenc and Caballero, Jose and Cunningham, Andrew and Acosta, Alejandro and Aitken, Andrew and Tejani, Alykhan and Totz, Johannes and Wang, Zehan and others},
  booktitle={Proceedings of the IEEE conference on computer vision and pattern recognition},
  pages={4681--4690},
  year={2017}
}

@inproceedings{s11,
  title={Enhanced deep residual networks for single image super-resolution},
  author={Lim, Bee and Son, Sanghyun and Kim, Heewon and Nah, Seungjun and Mu Lee, Kyoung},
  booktitle={Proceedings of the IEEE conference on computer vision and pattern recognition workshops},
  pages={136--144},
  year={2017}
}

@inproceedings{s12,
  title={Image super-resolution using dense skip connections},
  author={Tong, Tong and Li, Gen and Liu, Xiejie and Gao, Qinquan},
  booktitle={Proceedings of the IEEE international conference on computer vision},
  pages={4799--4807},
  year={2017}
}

@inproceedings{s13,
  title={Image super-resolution via dual-state recurrent networks},
  author={Han, Wei and Chang, Shiyu and Liu, Ding and Yu, Mo and Witbrock, Michael and Huang, Thomas S},
  booktitle={Proceedings of the IEEE conference on computer vision and pattern recognition},
  pages={1654--1663},
  year={2018}
}

@inproceedings{s14,
    author    = {Lai, Wei-Sheng and Huang, Jia-Bin and Ahuja, Narendra and Yang, Ming-Hsuan}, 
    title     = {Deep Laplacian Pyramid Networks for Fast and Accurate Super-Resolution}, 
    booktitle = {IEEE Conferene on Computer Vision and Pattern Recognition},
    year      = {2017}
}

@article{s15,
  title={Fast and accurate image super-resolution with deep laplacian pyramid networks},
  author={Lai, Wei-Sheng and Huang, Jia-Bin and Ahuja, Narendra and Yang, Ming-Hsuan},
  journal={IEEE transactions on pattern analysis and machine intelligence},
  volume={41},
  number={11},
  pages={2599--2613},
  year={2018},
  publisher={IEEE}
}

@inproceedings{s16,
  title={A fully progressive approach to single-image super-resolution},
  author={Wang, Yifan and Perazzi, Federico and McWilliams, Brian and Sorkine-Hornung, Alexander and Sorkine-Hornung, Olga and Schroers, Christopher},
  booktitle={Proceedings of the IEEE conference on computer vision and pattern recognition workshops},
  pages={864--873},
  year={2018}
}

@article{s17,
  title={Improving resolution by image registration},
  author={Irani, Michal and Peleg, Shmuel},
  journal={CVGIP: Graphical models and image processing},
  volume={53},
  number={3},
  pages={231--239},
  year={1991},
  publisher={Elsevier}
}

@inproceedings{s18,
  title={Seven ways to improve example-based single image super resolution},
  author={Timofte, Radu and Rothe, Rasmus and Van Gool, Luc},
  booktitle={Proceedings of the IEEE conference on computer vision and pattern recognition},
  pages={1865--1873},
  year={2016}
}

@inproceedings{s19,
  title={Deep back-projection networks for super-resolution},
  author={Haris, Muhammad and Shakhnarovich, Gregory and Ukita, Norimichi},
  booktitle={Proceedings of the IEEE conference on computer vision and pattern recognition},
  pages={1664--1673},
  year={2018}
}

@article{s2,
  title={Image super-resolution using deep convolutional networks},
  author={Dong, Chao and Loy, Chen Change and He, Kaiming and Tang, Xiaoou},
  journal={IEEE transactions on pattern analysis and machine intelligence},
  volume={38},
  number={2},
  pages={295--307},
  year={2015},
  publisher={IEEE}
}

@inproceedings{s20,
  title={Feedback network for image super-resolution},
  author={Li, Zhen and Yang, Jinglei and Liu, Zheng and Yang, Xiaomin and Jeon, Gwanggil and Wu, Wei},
  booktitle={Proceedings of the IEEE/CVF conference on computer vision and pattern recognition},
  pages={3867--3876},
  year={2019}
}

@inproceedings{s21,
  title={Recurrent back-projection network for video super-resolution},
  author={Haris, Muhammad and Shakhnarovich, Gregory and Ukita, Norimichi},
  booktitle={Proceedings of the IEEE/CVF conference on computer vision and pattern recognition},
  pages={3897--3906},
  year={2019}
}

@inproceedings{s22,
  title={“zero-shot” super-resolution using deep internal learning},
  author={Shocher, Assaf and Cohen, Nadav and Irani, Michal},
  booktitle={Proceedings of the IEEE conference on computer vision and pattern recognition},
  pages={3118--3126},
  year={2018}
}

@inproceedings{s23,
  title={Nonparametric blind super-resolution},
  author={Michaeli, Tomer and Irani, Michal},
  booktitle={Proceedings of the IEEE International Conference on Computer Vision},
  pages={945--952},
  year={2013}
}

@inproceedings{s24,
  title={To learn image super-resolution, use a gan to learn how to do image degradation first},
  author={Bulat, Adrian and Yang, Jing and Tzimiropoulos, Georgios},
  booktitle={Proceedings of the European conference on computer vision (ECCV)},
  pages={185--200},
  year={2018}
}

@INPROCEEDINGS{s25,
  author={Zhu, Jun-Yan and Park, Taesung and Isola, Phillip and Efros, Alexei A.},
  booktitle={2017 IEEE International Conference on Computer Vision (ICCV)}, 
  title={Unpaired Image-to-Image Translation Using Cycle-Consistent Adversarial Networks}, 
  year={2017},
  volume={},
  number={},
  pages={2242-2251},
  keywords={Training;Painting;Training data;Semantics;Extraterrestrial measurements;Graphics},
  doi={10.1109/ICCV.2017.244}}

@inproceedings{s26,
author = {Yuan, Yuan and Liu, Siyuan and Zhang, Jiawei and Zhang, Yongbing and Dong, Chao and Lin, Liang},
year = {2018},
month = {06},
pages = {814-81409},
title = {Unsupervised Image Super-Resolution Using Cycle-in-Cycle Generative Adversarial Networks},
doi = {10.1109/CVPRW.2018.00113}
}

@inproceedings{s3,
  title={Accurate image super-resolution using very deep convolutional networks},
  author={Kim, Jiwon and Lee, Jung Kwon and Lee, Kyoung Mu},
  booktitle={Proceedings of the IEEE conference on computer vision and pattern recognition},
  pages={1646--1654},
  year={2016}
}

@inproceedings{s4,
  title={Memnet: A persistent memory network for image restoration},
  author={Tai, Ying and Yang, Jian and Liu, Xiaoming and Xu, Chunyan},
  booktitle={Proceedings of the IEEE international conference on computer vision},
  pages={4539--4547},
  year={2017}
}

@inproceedings{s5,
  title={Image super-resolution via deep recursive residual network},
  author={Tai, Ying and Yang, Jian and Liu, Xiaoming},
  booktitle={Proceedings of the IEEE conference on computer vision and pattern recognition},
  pages={3147--3155},
  year={2017}
}

@inproceedings{s6,
  title={Deeply-recursive convolutional network for image super-resolution},
  author={Kim, Jiwon and Lee, Jung Kwon and Lee, Kyoung Mu},
  booktitle={Proceedings of the IEEE conference on computer vision and pattern recognition},
  pages={1637--1645},
  year={2016}
}

@inproceedings{s7,
  title={“zero-shot” super-resolution using deep internal learning},
  author={Shocher, Assaf and Cohen, Nadav and Irani, Michal},
  booktitle={Proceedings of the IEEE conference on computer vision and pattern recognition},
  pages={3118--3126},
  year={2018}
}

@inproceedings{s8,
  title={Accelerating the super-resolution convolutional neural network},
  author={Dong, Chao and Loy, Chen Change and Tang, Xiaoou},
  booktitle={Computer Vision--ECCV 2016: 14th European Conference, Amsterdam, The Netherlands, October 11-14, 2016, Proceedings, Part II 14},
  pages={391--407},
  year={2016},
  organization={Springer}
}

@inproceedings{s9,
  title={Real-time single image and video super-resolution using an efficient sub-pixel convolutional neural network},
  author={Shi, Wenzhe and Caballero, Jose and Husz{\'a}r, Ferenc and Totz, Johannes and Aitken, Andrew P and Bishop, Rob and Rueckert, Daniel and Wang, Zehan},
  booktitle={Proceedings of the IEEE conference on computer vision and pattern recognition},
  pages={1874--1883},
  year={2016}
}

@article{sr056,
  title={A deep journey into super-resolution: A survey},
  author={Anwar, Saeed and Khan, Salman and Barnes, Nick},
  journal={ACM Computing Surveys (CSUR)},
  volume={53},
  number={3},
  pages={1--34},
  year={2020},
  publisher={ACM New York, NY, USA}
}

@article{sr057,
  title={Deep learning for image super-resolution: A survey},
  author={Wang, Zhihao and Chen, Jian and Hoi, Steven CH},
  journal={IEEE transactions on pattern analysis and machine intelligence},
  volume={43},
  number={10},
  pages={3365--3387},
  year={2020},
  publisher={IEEE}
}

@article{sr058,
  title={Deep learning methods in real-time image super-resolution: a survey},
  author={Li, Xiaofang and Wu, Yirui and Zhang, Wen and Wang, Ruichao and Hou, Feng},
  journal={Journal of Real-Time Image Processing},
  volume={17},
  number={6},
  pages={1885--1909},
  year={2020},
  publisher={Springer}
}

