@inproceedings{petroni-etal-2019-language,
    title = "Language Models as Knowledge Bases?",
    author = {Petroni, Fabio  and
      Rockt{\"a}schel, Tim  and
      Riedel, Sebastian  and
      Lewis, Patrick  and
      Bakhtin, Anton  and
      Wu, Yuxiang  and
      Miller, Alexander},
    editor = "Inui, Kentaro  and
      Jiang, Jing  and
      Ng, Vincent  and
      Wan, Xiaojun",
    booktitle = "Proceedings of the 2019 Conference on Empirical Methods in Natural Language Processing and the 9th International Joint Conference on Natural Language Processing (EMNLP-IJCNLP)",
    month = nov,
    year = "2019",
    address = "Hong Kong, China",
    publisher = "Association for Computational Linguistics",
    url = "https://aclanthology.org/D19-1250",
    doi = "10.18653/v1/D19-1250",
    pages = "2463--2473"
}


@article{jiang-etal-2020-know,
    title = "How Can We Know What Language Models Know?",
    author = "Jiang, Zhengbao  and
      Xu, Frank F.  and
      Araki, Jun  and
      Neubig, Graham",
    editor = "Johnson, Mark  and
      Roark, Brian  and
      Nenkova, Ani",
    journal = "Transactions of the Association for Computational Linguistics",
    volume = "8",
    year = "2020",
    address = "Cambridge, MA",
    publisher = "MIT Press",
    url = "https://aclanthology.org/2020.tacl-1.28",
    doi = "10.1162/tacl_a_00324",
    pages = "423--438"
}

@inproceedings{dai-etal-2022-knowledge,
    title = "Knowledge Neurons in Pretrained Transformers",
    author = "Dai, Damai  and
      Dong, Li  and
      Hao, Yaru  and
      Sui, Zhifang  and
      Chang, Baobao  and
      Wei, Furu",
    editor = "Muresan, Smaranda  and
      Nakov, Preslav  and
      Villavicencio, Aline",
    booktitle = "Proceedings of the 60th Annual Meeting of the Association for Computational Linguistics (Volume 1: Long Papers)",
    month = may,
    year = "2022",
    address = "Dublin, Ireland",
    publisher = "Association for Computational Linguistics",
    url = "https://aclanthology.org/2022.acl-long.581",
    doi = "10.18653/v1/2022.acl-long.581",
    pages = "8493--8502"
}

@inproceedings{geva-etal-2023-dissecting,
    title = "Dissecting Recall of Factual Associations in Auto-Regressive Language Models",
    author = "Geva, Mor  and
      Bastings, Jasmijn  and
      Filippova, Katja  and
      Globerson, Amir",
    editor = "Bouamor, Houda  and
      Pino, Juan  and
      Bali, Kalika",
    booktitle = "Proceedings of the 2023 Conference on Empirical Methods in Natural Language Processing",
    month = dec,
    year = "2023",
    address = "Singapore",
    publisher = "Association for Computational Linguistics",
    url = "https://aclanthology.org/2023.emnlp-main.751",
    doi = "10.18653/v1/2023.emnlp-main.751",
    pages = "12216--12235"
}

@inproceedings{geva-etal-2021-transformer,
    title = "Transformer Feed-Forward Layers Are Key-Value Memories",
    author = "Geva, Mor  and
      Schuster, Roei  and
      Berant, Jonathan  and
      Levy, Omer",
    editor = "Moens, Marie-Francine  and
      Huang, Xuanjing  and
      Specia, Lucia  and
      Yih, Scott Wen-tau",
    booktitle = "Proceedings of the 2021 Conference on Empirical Methods in Natural Language Processing",
    month = nov,
    year = "2021",
    address = "Online and Punta Cana, Dominican Republic",
    publisher = "Association for Computational Linguistics",
    url = "https://aclanthology.org/2021.emnlp-main.446",
    doi = "10.18653/v1/2021.emnlp-main.446",
    pages = "5484--5495"
}

@misc{touvron2023llama2openfoundation,
      title={Llama 2: Open Foundation and Fine-Tuned Chat Models}, 
      author={Hugo Touvron and Louis Martin and Kevin Stone and Peter Albert and Amjad Almahairi and Yasmine Babaei and Nikolay Bashlykov and Soumya Batra and Prajjwal Bhargava and Shruti Bhosale and Dan Bikel and Lukas Blecher and Cristian Canton Ferrer and Moya Chen and Guillem Cucurull and David Esiobu and Jude Fernandes and Jeremy Fu and Wenyin Fu and Brian Fuller and Cynthia Gao and Vedanuj Goswami and Naman Goyal and Anthony Hartshorn and Saghar Hosseini and Rui Hou and Hakan Inan and Marcin Kardas and Viktor Kerkez and Madian Khabsa and Isabel Kloumann and Artem Korenev and Punit Singh Koura and Marie-Anne Lachaux and Thibaut Lavril and Jenya Lee and Diana Liskovich and Yinghai Lu and Yuning Mao and Xavier Martinet and Todor Mihaylov and Pushkar Mishra and Igor Molybog and Yixin Nie and Andrew Poulton and Jeremy Reizenstein and Rashi Rungta and Kalyan Saladi and Alan Schelten and Ruan Silva and Eric Michael Smith and Ranjan Subramanian and Xiaoqing Ellen Tan and Binh Tang and Ross Taylor and Adina Williams and Jian Xiang Kuan and Puxin Xu and Zheng Yan and Iliyan Zarov and Yuchen Zhang and Angela Fan and Melanie Kambadur and Sharan Narang and Aurelien Rodriguez and Robert Stojnic and Sergey Edunov and Thomas Scialom},
      year={2023},
      eprint={2307.09288},
      archivePrefix={arXiv},
      primaryClass={cs.CL},
      url={https://arxiv.org/abs/2307.09288}, 
}

@inproceedings{wang2023circuit,
  author       = {Kevin Ro Wang and
                  Alexandre Variengien and
                  Arthur Conmy and
                  Buck Shlegeris and
                  Jacob Steinhardt},
  title        = {Interpretability in the Wild: a Circuit for Indirect Object Identification
                  in {GPT-2} Small},
  booktitle    = {The Eleventh International Conference on Learning Representations,
                  {ICLR} 2023, Kigali, Rwanda, May 1-5, 2023},
  publisher    = {OpenReview.net},
  year         = {2023},
  url          = {https://openreview.net/forum?id=NpsVSN6o4ul},
  timestamp    = {Wed, 24 Jul 2024 16:50:33 +0200},
  biburl       = {https://dblp.org/rec/conf/iclr/WangVCSS23.bib},
  bibsource    = {dblp computer science bibliography, https://dblp.org}
}

@misc{mondorf2024circuit,
      title={Circuit Compositions: Exploring Modular Structures in Transformer-Based Language Models}, 
      author={Philipp Mondorf and Sondre Wold and Barbara Plank},
      year={2024},
      eprint={2410.01434},
      archivePrefix={arXiv},
      primaryClass={cs.LG},
      url={https://arxiv.org/abs/2410.01434}, 
}

@inproceedings{bayazit-etal-2024-discovering,
    title = "Discovering Knowledge-Critical Subnetworks in Pretrained Language Models",
    author = "Bayazit, Deniz  and
      Foroutan, Negar  and
      Chen, Zeming  and
      Weiss, Gail  and
      Bosselut, Antoine",
    editor = "Al-Onaizan, Yaser  and
      Bansal, Mohit  and
      Chen, Yun-Nung",
    booktitle = "Proceedings of the 2024 Conference on Empirical Methods in Natural Language Processing",
    month = nov,
    year = "2024",
    address = "Miami, Florida, USA",
    publisher = "Association for Computational Linguistics",
    url = "https://aclanthology.org/2024.emnlp-main.376",
    doi = "10.18653/v1/2024.emnlp-main.376",
    pages = "6549--6583"
}

@inproceedings{merullo-etal-2024-language,
    title = "Language Models Implement Simple {W}ord2{V}ec-style Vector Arithmetic",
    author = "Merullo, Jack  and
      Eickhoff, Carsten  and
      Pavlick, Ellie",
    editor = "Duh, Kevin  and
      Gomez, Helena  and
      Bethard, Steven",
    booktitle = "Proceedings of the 2024 Conference of the North American Chapter of the Association for Computational Linguistics: Human Language Technologies (Volume 1: Long Papers)",
    month = jun,
    year = "2024",
    address = "Mexico City, Mexico",
    publisher = "Association for Computational Linguistics",
    url = "https://aclanthology.org/2024.naacl-long.281",
    doi = "10.18653/v1/2024.naacl-long.281",
    pages = "5030--5047"
}

@inproceedings{Todd2024functon,
  author       = {Eric Todd and
                  Millicent L. Li and
                  Arnab Sen Sharma and
                  Aaron Mueller and
                  Byron C. Wallace and
                  David Bau},
  title        = {Function Vectors in Large Language Models},
  booktitle    = {The Twelfth International Conference on Learning Representations,
                  {ICLR} 2024, Vienna, Austria, May 7-11, 2024},
  publisher    = {OpenReview.net},
  year         = {2024},
  url          = {https://openreview.net/forum?id=AwyxtyMwaG},
  timestamp    = {Wed, 07 Aug 2024 17:11:53 +0200},
  biburl       = {https://dblp.org/rec/conf/iclr/ToddLSMWB24.bib},
  bibsource    = {dblp computer science bibliography, https://dblp.org}
}


@inproceedings{wendler-etal-2024-llamas,
    title = "Do Llamas Work in {E}nglish? On the Latent Language of Multilingual Transformers",
    author = "Wendler, Chris  and
      Veselovsky, Veniamin  and
      Monea, Giovanni  and
      West, Robert",
    editor = "Ku, Lun-Wei  and
      Martins, Andre  and
      Srikumar, Vivek",
    booktitle = "Proceedings of the 62nd Annual Meeting of the Association for Computational Linguistics (Volume 1: Long Papers)",
    month = aug,
    year = "2024",
    address = "Bangkok, Thailand",
    publisher = "Association for Computational Linguistics",
    url = "https://aclanthology.org/2024.acl-long.820",
    doi = "10.18653/v1/2024.acl-long.820",
    pages = "15366--15394"
}

@inproceedings{dumas2024llamas,
  title={How do Llamas process multilingual text? A latent exploration through activation patching},
  author={Dumas, Cl{\'e}ment and Veselovsky, Veniamin and Monea, Giovanni and West, Robert and Wendler, Chris},
  booktitle={ICML 2024 Workshop on Mechanistic Interpretability},
  year={2024}
}

@article{liang2024multilingual,
  title={Multilingual Knowledge Editing with Language-Agnostic Factual Neurons},
  author={Liang, Yunlong and Meng, Fandong and Zhang, Songming and Chen, Yufeng and Xu, Jinan and Zhou, Jie and others},
  journal={arXiv preprint arXiv:2406.16416},
  year={2024}
}

@inproceedings{chen2024journey,
  author       = {Yuheng Chen and
                  Pengfei Cao and
                  Yubo Chen and
                  Kang Liu and
                  Jun Zhao},
  editor       = {Michael J. Wooldridge and
                  Jennifer G. Dy and
                  Sriraam Natarajan},
  title        = {Journey to the Center of the Knowledge Neurons: Discoveries of Language-Independent
                  Knowledge Neurons and Degenerate Knowledge Neurons},
  booktitle    = {Thirty-Eighth {AAAI} Conference on Artificial Intelligence, {AAAI}
                  2024, Thirty-Sixth Conference on Innovative Applications of Artificial
                  Intelligence, {IAAI} 2024, Fourteenth Symposium on Educational Advances
                  in Artificial Intelligence, {EAAI} 2014, February 20-27, 2024, Vancouver,
                  Canada},
  pages        = {17817--17825},
  publisher    = {{AAAI} Press},
  year         = {2024},
  url          = {https://doi.org/10.1609/aaai.v38i16.29735},
  doi          = {10.1609/AAAI.V38I16.29735},
  timestamp    = {Sun, 04 Aug 2024 19:38:19 +0200},
  biburl       = {https://dblp.org/rec/conf/aaai/ChenCCLZ24.bib},
  bibsource    = {dblp computer science bibliography, https://dblp.org}
}

@inproceedings{ju-etal-2024-large,
    title = "How Large Language Models Encode Context Knowledge? A Layer-Wise Probing Study",
    author = "Ju, Tianjie  and
      Sun, Weiwei  and
      Du, Wei  and
      Yuan, Xinwei  and
      Ren, Zhaochun  and
      Liu, Gongshen",
    editor = "Calzolari, Nicoletta  and
      Kan, Min-Yen  and
      Hoste, Veronique  and
      Lenci, Alessandro  and
      Sakti, Sakriani  and
      Xue, Nianwen",
    booktitle = "Proceedings of the 2024 Joint International Conference on Computational Linguistics, Language Resources and Evaluation (LREC-COLING 2024)",
    month = may,
    year = "2024",
    address = "Torino, Italia",
    publisher = "ELRA and ICCL",
    url = "https://aclanthology.org/2024.lrec-main.722",
    pages = "8235--8246"
}

@inproceedings{lre2024Hernandez,
  author       = {Evan Hernandez and
                  Arnab Sen Sharma and
                  Tal Haklay and
                  Kevin Meng and
                  Martin Wattenberg and
                  Jacob Andreas and
                  Yonatan Belinkov and
                  David Bau},
  title        = {Linearity of Relation Decoding in Transformer Language Models},
  booktitle    = {The Twelfth International Conference on Learning Representations,
                  {ICLR} 2024, Vienna, Austria, May 7-11, 2024},
  publisher    = {OpenReview.net},
  year         = {2024},
  url          = {https://openreview.net/forum?id=w7LU2s14kE},
  timestamp    = {Mon, 29 Jul 2024 17:17:48 +0200},
  biburl       = {https://dblp.org/rec/conf/iclr/HernandezSHMWAB24.bib},
  bibsource    = {dblp computer science bibliography, https://dblp.org}
}


@inproceedings{neuron2022Cuadros,
  author       = {Xavier Suau Cuadros and
                  Luca Zappella and
                  Nicholas Apostoloff},
  editor       = {Kamalika Chaudhuri and
                  Stefanie Jegelka and
                  Le Song and
                  Csaba Szepesv{\'{a}}ri and
                  Gang Niu and
                  Sivan Sabato},
  title        = {Self-conditioning Pre-Trained Language Models},
  booktitle    = {International Conference on Machine Learning, {ICML} 2022, 17-23 July
                  2022, Baltimore, Maryland, {USA}},
  series       = {Proceedings of Machine Learning Research},
  volume       = {162},
  pages        = {4455--4473},
  publisher    = {{PMLR}},
  year         = {2022},
  url          = {https://proceedings.mlr.press/v162/cuadros22a.html},
  timestamp    = {Tue, 12 Jul 2022 17:36:52 +0200},
  biburl       = {https://dblp.org/rec/conf/icml/CuadrosZA22.bib},
  bibsource    = {dblp computer science bibliography, https://dblp.org}
}

@inproceedings{transformer2017vaswani,
  author       = {Ashish Vaswani and
                  Noam Shazeer and
                  Niki Parmar and
                  Jakob Uszkoreit and
                  Llion Jones and
                  Aidan N. Gomez and
                  Lukasz Kaiser and
                  Illia Polosukhin},
  editor       = {Isabelle Guyon and
                  Ulrike von Luxburg and
                  Samy Bengio and
                  Hanna M. Wallach and
                  Rob Fergus and
                  S. V. N. Vishwanathan and
                  Roman Garnett},
  title        = {Attention is All you Need},
  booktitle    = {Advances in Neural Information Processing Systems 30: Annual Conference
                  on Neural Information Processing Systems 2017, December 4-9, 2017,
                  Long Beach, CA, {USA}},
  pages        = {5998--6008},
  year         = {2017},
  url          = {https://proceedings.neurips.cc/paper/2017/hash/3f5ee243547dee91fbd053c1c4a845aa-Abstract.html},
  timestamp    = {Thu, 21 Jan 2021 15:15:21 +0100},
  biburl       = {https://dblp.org/rec/conf/nips/VaswaniSPUJGKP17.bib},
  bibsource    = {dblp computer science bibliography, https://dblp.org}
}

@inproceedings{kojima-etal-2024-multilingual,
    title = "On the Multilingual Ability of Decoder-based Pre-trained Language Models: Finding and Controlling Language-Specific Neurons",
    author = "Kojima, Takeshi  and
      Okimura, Itsuki  and
      Iwasawa, Yusuke  and
      Yanaka, Hitomi  and
      Matsuo, Yutaka",
    editor = "Duh, Kevin  and
      Gomez, Helena  and
      Bethard, Steven",
    booktitle = "Proceedings of the 2024 Conference of the North American Chapter of the Association for Computational Linguistics: Human Language Technologies (Volume 1: Long Papers)",
    month = jun,
    year = "2024",
    address = "Mexico City, Mexico",
    publisher = "Association for Computational Linguistics",
    url = "https://aclanthology.org/2024.naacl-long.384",
    doi = "10.18653/v1/2024.naacl-long.384",
    pages = "6919--6971"
}


@inproceedings{voita-etal-2024-neurons,
    title = "Neurons in Large Language Models: Dead, N-gram, Positional",
    author = "Voita, Elena  and
      Ferrando, Javier  and
      Nalmpantis, Christoforos",
    editor = "Ku, Lun-Wei  and
      Martins, Andre  and
      Srikumar, Vivek",
    booktitle = "Findings of the Association for Computational Linguistics: ACL 2024",
    month = aug,
    year = "2024",
    address = "Bangkok, Thailand",
    publisher = "Association for Computational Linguistics",
    url = "https://aclanthology.org/2024.findings-acl.75/",
    doi = "10.18653/v1/2024.findings-acl.75",
    pages = "1288--1301"
}

@misc{sun2024massive,
      title={Massive Activations in Large Language Models}, 
      author={Mingjie Sun and Xinlei Chen and J. Zico Kolter and Zhuang Liu},
      year={2024},
      eprint={2402.17762},
      archivePrefix={arXiv},
      primaryClass={cs.CL},
      url={https://arxiv.org/abs/2402.17762}, 
}

@misc{yu2024superweight,
      title={The Super Weight in Large Language Models}, 
      author={Mengxia Yu and De Wang and Qi Shan and Colorado Reed and Alvin Wan},
      year={2024},
      eprint={2411.07191},
      archivePrefix={arXiv},
      primaryClass={cs.CL},
      url={https://arxiv.org/abs/2411.07191}, 
}

@misc{chen2024identifying,
      title={Identifying Query-Relevant Neurons in Large Language Models for Long-Form Texts}, 
      author={Lihu Chen and Adam Dejl and Francesca Toni},
      year={2024},
      eprint={2406.10868},
      archivePrefix={arXiv},
      primaryClass={cs.CL},
      url={https://arxiv.org/abs/2406.10868}, 
}

@misc{wang2024sharing,
      title={Sharing Matters: Analysing Neurons Across Languages and Tasks in LLMs}, 
      author={Weixuan Wang and Barry Haddow and Minghao Wu and Wei Peng and Alexandra Birch},
      year={2024},
      eprint={2406.09265},
      archivePrefix={arXiv},
      primaryClass={cs.CL},
      url={https://arxiv.org/abs/2406.09265}, 
}

@inproceedings{tang-etal-2024-language,
    title = "Language-Specific Neurons: The Key to Multilingual Capabilities in Large Language Models",
    author = "Tang, Tianyi  and
      Luo, Wenyang  and
      Huang, Haoyang  and
      Zhang, Dongdong  and
      Wang, Xiaolei  and
      Zhao, Xin  and
      Wei, Furu  and
      Wen, Ji-Rong",
    editor = "Ku, Lun-Wei  and
      Martins, Andre  and
      Srikumar, Vivek",
    booktitle = "Proceedings of the 62nd Annual Meeting of the Association for Computational Linguistics (Volume 1: Long Papers)",
    month = aug,
    year = "2024",
    address = "Bangkok, Thailand",
    publisher = "Association for Computational Linguistics",
    url = "https://aclanthology.org/2024.acl-long.309/",
    doi = "10.18653/v1/2024.acl-long.309",
    pages = "5701--5715"
}

@misc{fierro2024multilingualmodelsrememberinvestigating,
      title={How Do Multilingual Models Remember? Investigating Multilingual Factual Recall Mechanisms}, 
      author={Constanza Fierro and Negar Foroutan and Desmond Elliott and Anders Søgaard},
      year={2024},
      eprint={2410.14387},
      archivePrefix={arXiv},
      primaryClass={cs.CL},
      url={https://arxiv.org/abs/2410.14387}, 
}

@inproceedings{yu-ananiadou-2024-neuron,
    title = "Neuron-Level Knowledge Attribution in Large Language Models",
    author = "Yu, Zeping  and
      Ananiadou, Sophia",
    editor = "Al-Onaizan, Yaser  and
      Bansal, Mohit  and
      Chen, Yun-Nung",
    booktitle = "Proceedings of the 2024 Conference on Empirical Methods in Natural Language Processing",
    month = nov,
    year = "2024",
    address = "Miami, Florida, USA",
    publisher = "Association for Computational Linguistics",
    url = "https://aclanthology.org/2024.emnlp-main.191/",
    doi = "10.18653/v1/2024.emnlp-main.191",
    pages = "3267--3280"
}

@misc{zhang2024multilingual,
      title={Multilingual Knowledge Editing with Language-Agnostic Factual Neurons}, 
      author={Xue Zhang and Yunlong Liang and Fandong Meng and Songming Zhang and Yufeng Chen and Jinan Xu and Jie Zhou},
      year={2024},
      eprint={2406.16416},
      archivePrefix={arXiv},
      primaryClass={cs.CL},
      url={https://arxiv.org/abs/2406.16416}, 
}

@inproceedings{soldaini-etal-2024-dolma,
    title = "Dolma: an Open Corpus of Three Trillion Tokens for Language Model Pretraining Research",
    author = "Soldaini, Luca  and
      Kinney, Rodney  and
      Bhagia, Akshita  and
      Schwenk, Dustin  and
      Atkinson, David  and
      Authur, Russell  and
      Bogin, Ben  and
      Chandu, Khyathi  and
      Dumas, Jennifer  and
      Elazar, Yanai  and
      Hofmann, Valentin  and
      Jha, Ananya  and
      Kumar, Sachin  and
      Lucy, Li  and
      Lyu, Xinxi  and
      Lambert, Nathan  and
      Magnusson, Ian  and
      Morrison, Jacob  and
      Muennighoff, Niklas  and
      Naik, Aakanksha  and
      Nam, Crystal  and
      Peters, Matthew  and
      Ravichander, Abhilasha  and
      Richardson, Kyle  and
      Shen, Zejiang  and
      Strubell, Emma  and
      Subramani, Nishant  and
      Tafjord, Oyvind  and
      Walsh, Evan  and
      Zettlemoyer, Luke  and
      Smith, Noah  and
      Hajishirzi, Hannaneh  and
      Beltagy, Iz  and
      Groeneveld, Dirk  and
      Dodge, Jesse  and
      Lo, Kyle",
    editor = "Ku, Lun-Wei  and
      Martins, Andre  and
      Srikumar, Vivek",
    booktitle = "Proceedings of the 62nd Annual Meeting of the Association for Computational Linguistics (Volume 1: Long Papers)",
    month = aug,
    year = "2024",
    address = "Bangkok, Thailand",
    publisher = "Association for Computational Linguistics",
    url = "https://aclanthology.org/2024.acl-long.840/",
    doi = "10.18653/v1/2024.acl-long.840",
    pages = "15725--15788"
}


@inproceedings{elazar2024wimbd,
  author       = {Yanai Elazar and
                  Akshita Bhagia and
                  Ian Magnusson and
                  Abhilasha Ravichander and
                  Dustin Schwenk and
                  Alane Suhr and
                  Evan Pete Walsh and
                  Dirk Groeneveld and
                  Luca Soldaini and
                  Sameer Singh and
                  Hannaneh Hajishirzi and
                  Noah A. Smith and
                  Jesse Dodge},
  title        = {What's In My Big Data?},
  booktitle    = {The Twelfth International Conference on Learning Representations,
                  {ICLR} 2024, Vienna, Austria, May 7-11, 2024},
  publisher    = {OpenReview.net},
  year         = {2024},
  url          = {https://openreview.net/forum?id=RvfPnOkPV4},
  timestamp    = {Mon, 29 Jul 2024 17:17:48 +0200},
  biburl       = {https://dblp.org/rec/conf/iclr/ElazarBMRSSWGS024.bib},
  bibsource    = {dblp computer science bibliography, https://dblp.org}
}

@article{woolson2005wilcoxon,
  title={Wilcoxon signed-rank test},
  author={Woolson, Robert F},
  journal={Encyclopedia of Biostatistics},
  volume={8},
  year={2005},
  publisher={Wiley Online Library}
}

@misc{elhelo2024inferring,
      title={Inferring Functionality of Attention Heads from their Parameters}, 
      author={Amit Elhelo and Mor Geva},
      year={2024},
      eprint={2412.11965},
      archivePrefix={arXiv},
      primaryClass={cs.CL},
      url={https://arxiv.org/abs/2412.11965}, 
}

@misc{zhao2024multilingualism,
      title={How do Large Language Models Handle Multilingualism?}, 
      author={Yiran Zhao and Wenxuan Zhang and Guizhen Chen and Kenji Kawaguchi and Lidong Bing},
      year={2024},
      eprint={2402.18815},
      archivePrefix={arXiv},
      primaryClass={cs.CL},
      url={https://arxiv.org/abs/2402.18815}, 
}

@article{sajjad-etal-2022-neuron,
    title = "Neuron-level Interpretation of Deep {NLP} Models: A Survey",
    author = "Sajjad, Hassan  and
      Durrani, Nadir  and
      Dalvi, Fahim",
    editor = "Roark, Brian  and
      Nenkova, Ani",
    journal = "Transactions of the Association for Computational Linguistics",
    volume = "10",
    year = "2022",
    address = "Cambridge, MA",
    publisher = "MIT Press",
    url = "https://aclanthology.org/2022.tacl-1.74/",
    doi = "10.1162/tacl_a_00519",
    pages = "1285--1303"
}

@inproceedings{meng2022locating,
  author       = {Kevin Meng and
                  David Bau and
                  Alex Andonian and
                  Yonatan Belinkov},
  editor       = {Sanmi Koyejo and
                  S. Mohamed and
                  A. Agarwal and
                  Danielle Belgrave and
                  K. Cho and
                  A. Oh},
  title        = {Locating and Editing Factual Associations in {GPT}},
  booktitle    = {Advances in Neural Information Processing Systems 35: Annual Conference
                  on Neural Information Processing Systems 2022, NeurIPS 2022, New Orleans,
                  LA, USA, November 28 - December 9, 2022},
  year         = {2022},
  url          = {http://papers.nips.cc/paper\_files/paper/2022/hash/6f1d43d5a82a37e89b0665b33bf3a182-Abstract-Conference.html},
  timestamp    = {Mon, 08 Jan 2024 16:31:36 +0100},
  biburl       = {https://dblp.org/rec/conf/nips/MengBAB22.bib},
  bibsource    = {dblp computer science bibliography, https://dblp.org}
}

@inproceedings{wang-etal-2024-unveiling,
    title = "Unveiling Factual Recall Behaviors of Large Language Models through Knowledge Neurons",
    author = "Wang, Yifei  and
      Chen, Yuheng  and
      Wen, Wanting  and
      Sheng, Yu  and
      Li, Linjing  and
      Zeng, Daniel Dajun",
    editor = "Al-Onaizan, Yaser  and
      Bansal, Mohit  and
      Chen, Yun-Nung",
    booktitle = "Proceedings of the 2024 Conference on Empirical Methods in Natural Language Processing",
    month = nov,
    year = "2024",
    address = "Miami, Florida, USA",
    publisher = "Association for Computational Linguistics",
    url = "https://aclanthology.org/2024.emnlp-main.420/",
    doi = "10.18653/v1/2024.emnlp-main.420",
    pages = "7388--7402"
}

@inproceedings{li-etal-2021-implicit,
    title = "Implicit Representations of Meaning in Neural Language Models",
    author = "Li, Belinda Z.  and
      Nye, Maxwell  and
      Andreas, Jacob",
    editor = "Zong, Chengqing  and
      Xia, Fei  and
      Li, Wenjie  and
      Navigli, Roberto",
    booktitle = "Proceedings of the 59th Annual Meeting of the Association for Computational Linguistics and the 11th International Joint Conference on Natural Language Processing (Volume 1: Long Papers)",
    month = aug,
    year = "2021",
    address = "Online",
    publisher = "Association for Computational Linguistics",
    url = "https://aclanthology.org/2021.acl-long.143/",
    doi = "10.18653/v1/2021.acl-long.143",
    pages = "1813--1827"
}

@inproceedings{geva-etal-2022-transformer,
    title = "Transformer Feed-Forward Layers Build Predictions by Promoting Concepts in the Vocabulary Space",
    author = "Geva, Mor  and
      Caciularu, Avi  and
      Wang, Kevin  and
      Goldberg, Yoav",
    editor = "Goldberg, Yoav  and
      Kozareva, Zornitsa  and
      Zhang, Yue",
    booktitle = "Proceedings of the 2022 Conference on Empirical Methods in Natural Language Processing",
    month = dec,
    year = "2022",
    address = "Abu Dhabi, United Arab Emirates",
    publisher = "Association for Computational Linguistics",
    url = "https://aclanthology.org/2022.emnlp-main.3/",
    doi = "10.18653/v1/2022.emnlp-main.3",
    pages = "30--45"
}

@inproceedings{Hase2023localization,
  author       = {Peter Hase and
                  Mohit Bansal and
                  Been Kim and
                  Asma Ghandeharioun},
  editor       = {Alice Oh and
                  Tristan Naumann and
                  Amir Globerson and
                  Kate Saenko and
                  Moritz Hardt and
                  Sergey Levine},
  title        = {Does Localization Inform Editing? Surprising Differences in Causality-Based
                  Localization vs. Knowledge Editing in Language Models},
  booktitle    = {Advances in Neural Information Processing Systems 36: Annual Conference
                  on Neural Information Processing Systems 2023, NeurIPS 2023, New Orleans,
                  LA, USA, December 10 - 16, 2023},
  year         = {2023},
  url          = {http://papers.nips.cc/paper\_files/paper/2023/hash/3927bbdcf0e8d1fa8aa23c26f358a281-Abstract-Conference.html},
  timestamp    = {Fri, 01 Mar 2024 16:26:20 +0100},
  biburl       = {https://dblp.org/rec/conf/nips/HaseBKG23.bib},
  bibsource    = {dblp computer science bibliography, https://dblp.org}
}

@article{gurnee2024universal,
  author       = {Wes Gurnee and
                  Theo Horsley and
                  Zifan Carl Guo and
                  Tara Rezaei Kheirkhah and
                  Qinyi Sun and
                  Will Hathaway and
                  Neel Nanda and
                  Dimitris Bertsimas},
  title        = {Universal Neurons in {GPT2} Language Models},
  journal      = {Trans. Mach. Learn. Res.},
  volume       = {2024},
  year         = {2024},
  url          = {https://openreview.net/forum?id=ZeI104QZ8I},
  timestamp    = {Thu, 08 Aug 2024 15:22:39 +0200},
  biburl       = {https://dblp.org/rec/journals/tmlr/GurneeHGKSHNB24.bib},
  bibsource    = {dblp computer science bibliography, https://dblp.org}
}

% below from Runsheng

@inproceedings{yu-etal-2023-characterizing,
    title = "Characterizing Mechanisms for Factual Recall in Language Models",
    author = "Yu, Qinan  and
      Merullo, Jack  and
      Pavlick, Ellie",
    editor = "Bouamor, Houda  and
      Pino, Juan  and
      Bali, Kalika",
    booktitle = "Proceedings of the 2023 Conference on Empirical Methods in Natural Language Processing",
    month = dec,
    year = "2023",
    address = "Singapore",
    publisher = "Association for Computational Linguistics",
    url = "https://aclanthology.org/2023.emnlp-main.615/",
    doi = "10.18653/v1/2023.emnlp-main.615",
    pages = "9924--9959"
}

@misc{lv2024interpreting,
      title={Interpreting Key Mechanisms of Factual Recall in Transformer-Based Language Models}, 
      author={Ang Lv and Yuhan Chen and Kaiyi Zhang and Yulong Wang and Lifeng Liu and Ji-Rong Wen and Jian Xie and Rui Yan},
      year={2024},
      eprint={2403.19521},
      archivePrefix={arXiv},
      primaryClass={cs.CL},
      url={https://arxiv.org/abs/2403.19521}, 
}

@inproceedings{hao2021self,
  author       = {Yaru Hao and
                  Li Dong and
                  Furu Wei and
                  Ke Xu},
  title        = {Self-Attention Attribution: Interpreting Information Interactions
                  Inside Transformer},
  booktitle    = {Thirty-Fifth {AAAI} Conference on Artificial Intelligence, {AAAI}
                  2021, Thirty-Third Conference on Innovative Applications of Artificial
                  Intelligence, {IAAI} 2021, The Eleventh Symposium on Educational Advances
                  in Artificial Intelligence, {EAAI} 2021, Virtual Event, February 2-9,
                  2021},
  pages        = {12963--12971},
  publisher    = {{AAAI} Press},
  year         = {2021},
  url          = {https://doi.org/10.1609/aaai.v35i14.17533},
  doi          = {10.1609/AAAI.V35I14.17533},
  timestamp    = {Mon, 04 Sep 2023 16:50:24 +0200},
  biburl       = {https://dblp.org/rec/conf/aaai/Hao0W021.bib},
  bibsource    = {dblp computer science bibliography, https://dblp.org}
}

@inproceedings{Lundstrom2022Rigorous,
  author       = {Daniel Lundstr{\"{o}}m and
                  Tianjian Huang and
                  Meisam Razaviyayn},
  editor       = {Kamalika Chaudhuri and
                  Stefanie Jegelka and
                  Le Song and
                  Csaba Szepesv{\'{a}}ri and
                  Gang Niu and
                  Sivan Sabato},
  title        = {A Rigorous Study of Integrated Gradients Method and Extensions to
                  Internal Neuron Attributions},
  booktitle    = {International Conference on Machine Learning, {ICML} 2022, 17-23 July
                  2022, Baltimore, Maryland, {USA}},
  series       = {Proceedings of Machine Learning Research},
  volume       = {162},
  pages        = {14485--14508},
  publisher    = {{PMLR}},
  year         = {2022},
  url          = {https://proceedings.mlr.press/v162/lundstrom22a.html},
  timestamp    = {Tue, 12 Jul 2022 17:36:52 +0200},
  biburl       = {https://dblp.org/rec/conf/icml/LundstromHR22.bib},
  bibsource    = {dblp computer science bibliography, https://dblp.org}
}

@inproceedings{stanczak-etal-2022-neurons,
    title = "Same Neurons, Different Languages: Probing Morphosyntax in Multilingual Pre-trained Models",
    author = "Stanczak, Karolina  and
      Ponti, Edoardo  and
      Torroba Hennigen, Lucas  and
      Cotterell, Ryan  and
      Augenstein, Isabelle",
    editor = "Carpuat, Marine  and
      de Marneffe, Marie-Catherine  and
      Meza Ruiz, Ivan Vladimir",
    booktitle = "Proceedings of the 2022 Conference of the North American Chapter of the Association for Computational Linguistics: Human Language Technologies",
    month = jul,
    year = "2022",
    address = "Seattle, United States",
    publisher = "Association for Computational Linguistics",
    url = "https://aclanthology.org/2022.naacl-main.114/",
    doi = "10.18653/v1/2022.naacl-main.114",
    pages = "1589--1598"
}

@inproceedings{Bau2019Identifying,
  author       = {Anthony Bau and
                  Yonatan Belinkov and
                  Hassan Sajjad and
                  Nadir Durrani and
                  Fahim Dalvi and
                  James R. Glass},
  title        = {Identifying and Controlling Important Neurons in Neural Machine Translation},
  booktitle    = {7th International Conference on Learning Representations, {ICLR} 2019,
                  New Orleans, LA, USA, May 6-9, 2019},
  publisher    = {OpenReview.net},
  year         = {2019},
  url          = {https://openreview.net/forum?id=H1z-PsR5KX},
  timestamp    = {Fri, 15 Sep 2023 14:10:05 +0200},
  biburl       = {https://dblp.org/rec/conf/iclr/BauBSDDG19.bib},
  bibsource    = {dblp computer science bibliography, https://dblp.org}
}

@inproceedings{Li2023lazyneuron,
  author       = {Zonglin Li and
                  Chong You and
                  Srinadh Bhojanapalli and
                  Daliang Li and
                  Ankit Singh Rawat and
                  Sashank J. Reddi and
                  Ke Ye and
                  Felix Chern and
                  Felix X. Yu and
                  Ruiqi Guo and
                  Sanjiv Kumar},
  title        = {The Lazy Neuron Phenomenon: On Emergence of Activation Sparsity in
                  Transformers},
  booktitle    = {The Eleventh International Conference on Learning Representations,
                  {ICLR} 2023, Kigali, Rwanda, May 1-5, 2023},
  publisher    = {OpenReview.net},
  year         = {2023},
  url          = {https://openreview.net/forum?id=TJ2nxciYCk-},
  timestamp    = {Wed, 24 Jul 2024 16:50:33 +0200},
  biburl       = {https://dblp.org/rec/conf/iclr/LiYBLRRYCYGK23.bib},
  bibsource    = {dblp computer science bibliography, https://dblp.org}
}
% Related Work from Mingyang

@article{olah2020zoom,
  author = {Olah, Chris and Cammarata, Nick and Schubert, Ludwig and Goh, Gabriel and Petrov, Michael and Carter, Shan},
  title = {Zoom In: An Introduction to Circuits},
  journal = {Distill},
  year = {2020},
  doi = {10.23915/distill.00024.001},
  url={https://distill.pub/2020/circuits/zoom-in/}
}

@misc{rai2024practical,
      title={A Practical Review of Mechanistic Interpretability for Transformer-Based Language Models}, 
      author={Daking Rai and Yilun Zhou and Shi Feng and Abulhair Saparov and Ziyu Yao},
      year={2024},
      eprint={2407.02646},
      archivePrefix={arXiv},
      primaryClass={cs.AI},
      url={https://arxiv.org/abs/2407.02646}, 
}

@misc{lieberum2023does,
      title={Does Circuit Analysis Interpretability Scale? Evidence from Multiple Choice Capabilities in Chinchilla}, 
      author={Tom Lieberum and Matthew Rahtz and János Kramár and Neel Nanda and Geoffrey Irving and Rohin Shah and Vladimir Mikulik},
      year={2023},
      eprint={2307.09458},
      archivePrefix={arXiv},
      primaryClass={cs.LG},
      url={https://arxiv.org/abs/2307.09458}, 
}

@article{olsson2022context,
   title={In-context Learning and Induction Heads},
   author={Olsson, Catherine and Elhage, Nelson and Nanda, Neel and Joseph, Nicholas and DasSarma, Nova and Henighan, Tom and Mann, Ben and Askell, Amanda and Bai, Yuntao and Chen, Anna and Conerly, Tom and Drain, Dawn and Ganguli, Deep and Hatfield-Dodds, Zac and Hernandez, Danny and Johnston, Scott and Jones, Andy and Kernion, Jackson and Lovitt, Liane and Ndousse, Kamal and Amodei, Dario and Brown, Tom and Clark, Jack and Kaplan, Jared and McCandlish, Sam and Olah, Chris},
   year={2022},
   journal={Transformer Circuits Thread},
   url={https://transformer-circuits.pub/2022/in-context-learning-and-induction-heads/index.html}
}

@article{elhage2022solu,
   title={Softmax Linear Units},
   author={Elhage, Nelson and Hume, Tristan and Olsson, Catherine and Nanda, Neel and Henighan, Tom and Johnston, Scott and ElShowk, Sheer and Joseph, Nicholas and DasSarma, Nova and Mann, Ben and Hernandez, Danny and Askell, Amanda and Ndousse, Kamal and Jones, Andy and Drain, Dawn and Chen, Anna and Bai, Yuntao and Ganguli, Deep and Lovitt, Liane and Hatfield-Dodds, Zac and Kernion, Jackson and Conerly, Tom and Kravec, Shauna and Fort, Stanislav and Kadavath, Saurav and Jacobson, Josh and Tran-Johnson, Eli and Kaplan, Jared and Clark, Jack and Brown, Tom and McCandlish, Sam and Amodei, Dario and Olah, Christopher},
   year={2022},
   journal={Transformer Circuits Thread},
   url={https://transformer-circuits.pub/2022/solu/index.html}
}

@misc{bills2023language,
 title={Language models can explain neurons in language models},
 author={
    Bills, Steven and Cammarata, Nick and Mossing, Dan and Tillman, Henk and Gao, Leo and Goh, Gabriel and Sutskever, Ilya and Leike, Jan and Wu, Jeff and Saunders, William
 },
 year={2023},
url={https://openaipublic.blob.core.windows.net/neuron-explainer/paper/index.html}
}

% TODO: edit here: do edition once dblp service is back

@inproceedings{dalvi2019one,
  author       = {Fahim Dalvi and
                  Nadir Durrani and
                  Hassan Sajjad and
                  Yonatan Belinkov and
                  Anthony Bau and
                  James R. Glass},
  title        = {What Is One Grain of Sand in the Desert? Analyzing Individual Neurons
                  in Deep {NLP} Models},
  booktitle    = {The Thirty-Third {AAAI} Conference on Artificial Intelligence, {AAAI}
                  2019, The Thirty-First Innovative Applications of Artificial Intelligence
                  Conference, {IAAI} 2019, The Ninth {AAAI} Symposium on Educational
                  Advances in Artificial Intelligence, {EAAI} 2019, Honolulu, Hawaii,
                  USA, January 27 - February 1, 2019},
  pages        = {6309--6317},
  publisher    = {{AAAI} Press},
  year         = {2019},
  url          = {https://doi.org/10.1609/aaai.v33i01.33016309},
  doi          = {10.1609/AAAI.V33I01.33016309},
  timestamp    = {Fri, 15 Sep 2023 14:10:05 +0200},
  biburl       = {https://dblp.org/rec/conf/aaai/DalviDSBBG19.bib},
  bibsource    = {dblp computer science bibliography, https://dblp.org}
}

@inproceedings{durrani-etal-2020-analyzing,
    title = "Analyzing Individual Neurons in Pre-trained Language Models",
    author = "Durrani, Nadir  and
      Sajjad, Hassan  and
      Dalvi, Fahim  and
      Belinkov, Yonatan",
    editor = "Webber, Bonnie  and
      Cohn, Trevor  and
      He, Yulan  and
      Liu, Yang",
    booktitle = "Proceedings of the 2020 Conference on Empirical Methods in Natural Language Processing (EMNLP)",
    month = nov,
    year = "2020",
    address = "Online",
    publisher = "Association for Computational Linguistics",
    url = "https://aclanthology.org/2020.emnlp-main.395/",
    doi = "10.18653/v1/2020.emnlp-main.395",
    pages = "4865--4880"
}

@inproceedings{antverg2021pitfalls,
  author       = {Omer Antverg and
                  Yonatan Belinkov},
  title        = {On the Pitfalls of Analyzing Individual Neurons in Language Models},
  booktitle    = {The Tenth International Conference on Learning Representations, {ICLR}
                  2022, Virtual Event, April 25-29, 2022},
  publisher    = {OpenReview.net},
  year         = {2022},
  url          = {https://openreview.net/forum?id=8uz0EWPQIMu},
  timestamp    = {Sat, 20 Aug 2022 01:15:42 +0200},
  biburl       = {https://dblp.org/rec/conf/iclr/AntvergB22.bib},
  bibsource    = {dblp computer science bibliography, https://dblp.org}
}

@inproceedings{vig2020investigating,
  author       = {Jesse Vig and
                  Sebastian Gehrmann and
                  Yonatan Belinkov and
                  Sharon Qian and
                  Daniel Nevo and
                  Yaron Singer and
                  Stuart M. Shieber},
  editor       = {Hugo Larochelle and
                  Marc'Aurelio Ranzato and
                  Raia Hadsell and
                  Maria{-}Florina Balcan and
                  Hsuan{-}Tien Lin},
  title        = {Investigating Gender Bias in Language Models Using Causal Mediation
                  Analysis},
  booktitle    = {Advances in Neural Information Processing Systems 33: Annual Conference
                  on Neural Information Processing Systems 2020, NeurIPS 2020, December
                  6-12, 2020, virtual},
  year         = {2020},
  url          = {https://proceedings.neurips.cc/paper/2020/hash/92650b2e92217715fe312e6fa7b90d82-Abstract.html},
  timestamp    = {Tue, 19 Jan 2021 15:56:50 +0100},
  biburl       = {https://dblp.org/rec/conf/nips/VigGBQNSS20.bib},
  bibsource    = {dblp computer science bibliography, https://dblp.org}
}

@inproceedings{meng2022mass,
  author       = {Kevin Meng and
                  Arnab Sen Sharma and
                  Alex J. Andonian and
                  Yonatan Belinkov and
                  David Bau},
  title        = {Mass-Editing Memory in a Transformer},
  booktitle    = {The Eleventh International Conference on Learning Representations,
                  {ICLR} 2023, Kigali, Rwanda, May 1-5, 2023},
  publisher    = {OpenReview.net},
  year         = {2023},
  url          = {https://openreview.net/forum?id=MkbcAHIYgyS},
  timestamp    = {Wed, 24 Jul 2024 16:50:34 +0200},
  biburl       = {https://dblp.org/rec/conf/iclr/MengSABB23.bib},
  bibsource    = {dblp computer science bibliography, https://dblp.org}
}

@article{gurnee2023finding,
  author       = {Wes Gurnee and
                  Neel Nanda and
                  Matthew Pauly and
                  Katherine Harvey and
                  Dmitrii Troitskii and
                  Dimitris Bertsimas},
  title        = {Finding Neurons in a Haystack: Case Studies with Sparse Probing},
  journal      = {Trans. Mach. Learn. Res.},
  volume       = {2023},
  year         = {2023},
  url          = {https://openreview.net/forum?id=JYs1R9IMJr},
  timestamp    = {Thu, 01 Aug 2024 15:37:25 +0200},
  biburl       = {https://dblp.org/rec/journals/tmlr/GurneeNPHTB23.bib},
  bibsource    = {dblp computer science bibliography, https://dblp.org}
}

@misc{kramar2024atp,
      title={AtP*: An efficient and scalable method for localizing LLM behaviour to components}, 
      author={János Kramár and Tom Lieberum and Rohin Shah and Neel Nanda},
      year={2024},
      eprint={2403.00745},
      archivePrefix={arXiv},
      primaryClass={cs.LG},
      url={https://arxiv.org/abs/2403.00745}, 
}

@inproceedings{wang2022interpretability,
  author       = {Kevin Ro Wang and
                  Alexandre Variengien and
                  Arthur Conmy and
                  Buck Shlegeris and
                  Jacob Steinhardt},
  title        = {Interpretability in the Wild: a Circuit for Indirect Object Identification
                  in {GPT-2} Small},
  booktitle    = {The Eleventh International Conference on Learning Representations,
                  {ICLR} 2023, Kigali, Rwanda, May 1-5, 2023},
  publisher    = {OpenReview.net},
  year         = {2023},
  url          = {https://openreview.net/forum?id=NpsVSN6o4ul},
  timestamp    = {Wed, 24 Jul 2024 16:50:33 +0200},
  biburl       = {https://dblp.org/rec/conf/iclr/WangVCSS23.bib},
  bibsource    = {dblp computer science bibliography, https://dblp.org}
}

@article{elhage2021mathematical,
   title={A Mathematical Framework for Transformer Circuits},
   author={Elhage, Nelson and Nanda, Neel and Olsson, Catherine and Henighan, Tom and Joseph, Nicholas and Mann, Ben and Askell, Amanda and Bai, Yuntao and Chen, Anna and Conerly, Tom and DasSarma, Nova and Drain, Dawn and Ganguli, Deep and Hatfield-Dodds, Zac and Hernandez, Danny and Jones, Andy and Kernion, Jackson and Lovitt, Liane and Ndousse, Kamal and Amodei, Dario and Brown, Tom and Clark, Jack and Kaplan, Jared and McCandlish, Sam and Olah, Chris},
   year={2021},
   journal={Transformer Circuits Thread},
   url={https://transformer-circuits.pub/2021/framework/index.html}
}

@misc{he2024matterstransformersattentionneeded,
      title={What Matters in Transformers? Not All Attention is Needed}, 
      author={Shwai He and Guoheng Sun and Zheyu Shen and Ang Li},
      year={2024},
      eprint={2406.15786},
      archivePrefix={arXiv},
      primaryClass={cs.LG},
      url={https://arxiv.org/abs/2406.15786}, 
}

@inproceedings{dalvi-etal-2020-analyzing,
    title = "Analyzing Redundancy in Pretrained Transformer Models",
    author = "Dalvi, Fahim  and
      Sajjad, Hassan  and
      Durrani, Nadir  and
      Belinkov, Yonatan",
    editor = "Webber, Bonnie  and
      Cohn, Trevor  and
      He, Yulan  and
      Liu, Yang",
    booktitle = "Proceedings of the 2020 Conference on Empirical Methods in Natural Language Processing (EMNLP)",
    month = nov,
    year = "2020",
    address = "Online",
    publisher = "Association for Computational Linguistics",
    url = "https://aclanthology.org/2020.emnlp-main.398/",
    doi = "10.18653/v1/2020.emnlp-main.398",
    pages = "4908--4926"
}

@misc{mcgrath2023hydraeffectemergentselfrepair,
      title={The Hydra Effect: Emergent Self-repair in Language Model Computations}, 
      author={Thomas McGrath and Matthew Rahtz and Janos Kramar and Vladimir Mikulik and Shane Legg},
      year={2023},
      eprint={2307.15771},
      archivePrefix={arXiv},
      primaryClass={cs.LG},
      url={https://arxiv.org/abs/2307.15771}, 
}

@inproceedings{song-etal-2024-large,
    title = "Does Large Language Model Contain Task-Specific Neurons?",
    author = "Song, Ran  and
      He, Shizhu  and
      Jiang, Shuting  and
      Xian, Yantuan  and
      Gao, Shengxiang  and
      Liu, Kang  and
      Yu, Zhengtao",
    editor = "Al-Onaizan, Yaser  and
      Bansal, Mohit  and
      Chen, Yun-Nung",
    booktitle = "Proceedings of the 2024 Conference on Empirical Methods in Natural Language Processing",
    month = nov,
    year = "2024",
    address = "Miami, Florida, USA",
    publisher = "Association for Computational Linguistics",
    url = "https://aclanthology.org/2024.emnlp-main.403/",
    doi = "10.18653/v1/2024.emnlp-main.403",
    pages = "7101--7113"
}

@inproceedings{liu-etal-2024-unraveling,
    title = "Unraveling Babel: Exploring Multilingual Activation Patterns of {LLM}s and Their Applications",
    author = "Liu, Weize  and
      Xu, Yinlong  and
      Xu, Hongxia  and
      Chen, Jintai  and
      Hu, Xuming  and
      Wu, Jian",
    editor = "Al-Onaizan, Yaser  and
      Bansal, Mohit  and
      Chen, Yun-Nung",
    booktitle = "Proceedings of the 2024 Conference on Empirical Methods in Natural Language Processing",
    month = nov,
    year = "2024",
    address = "Miami, Florida, USA",
    publisher = "Association for Computational Linguistics",
    url = "https://aclanthology.org/2024.emnlp-main.662/",
    doi = "10.18653/v1/2024.emnlp-main.662",
    pages = "11855--11881"
}