@inproceedings{besa2024peng,
  author       = {Peng Xu and
                  Wenqi Shao and
                  Mengzhao Chen and
                  Shitao Tang and
                  Kaipeng Zhang and
                  Peng Gao and
                  Fengwei An and
                  Yu Qiao and
                  Ping Luo},
  title        = {{BESA:} Pruning Large Language Models with Blockwise Parameter-Efficient
                  Sparsity Allocation},
  booktitle    = {The Twelfth International Conference on Learning Representations,
                  {ICLR} 2024, Vienna, Austria, May 7-11, 2024},
  publisher    = {OpenReview.net},
  year         = {2024},
  url          = {https://openreview.net/forum?id=gC6JTEU3jl},
  timestamp    = {Wed, 07 Aug 2024 17:11:53 +0200},
  biburl       = {https://dblp.org/rec/conf/iclr/XuSCTZ0A0024.bib},
  bibsource    = {dblp computer science bibliography, https://dblp.org}
}

@inproceedings{copal2024srikanth,
  author       = {Srikanth Malla and
                  Joon Hee Choi and
                  Chiho Choi},
  title        = {{COPAL:} Continual Pruning in Large Language Generative Models},
  booktitle    = {Forty-first International Conference on Machine Learning, {ICML} 2024,
                  Vienna, Austria, July 21-27, 2024},
  publisher    = {OpenReview.net},
  year         = {2024},
  url          = {https://openreview.net/forum?id=Lt8Lk7IQ5b},
  timestamp    = {Mon, 02 Sep 2024 16:55:26 +0200},
  biburl       = {https://dblp.org/rec/conf/icml/MallaCC24.bib},
  bibsource    = {dblp computer science bibliography, https://dblp.org}
}

@inproceedings{flap2024yongqi,
  author       = {Yongqi An and
                  Xu Zhao and
                  Tao Yu and
                  Ming Tang and
                  Jinqiao Wang},
  editor       = {Michael J. Wooldridge and
                  Jennifer G. Dy and
                  Sriraam Natarajan},
  title        = {Fluctuation-Based Adaptive Structured Pruning for Large Language Models},
  booktitle    = {Thirty-Eighth {AAAI} Conference on Artificial Intelligence, {AAAI}
                  2024, Thirty-Sixth Conference on Innovative Applications of Artificial
                  Intelligence, {IAAI} 2024, Fourteenth Symposium on Educational Advances
                  in Artificial Intelligence, {EAAI} 2014, February 20-27, 2024, Vancouver,
                  Canada},
  pages        = {10865--10873},
  publisher    = {{AAAI} Press},
  year         = {2024},
  url          = {https://doi.org/10.1609/aaai.v38i10.28960},
  doi          = {10.1609/AAAI.V38I10.28960},
  timestamp    = {Sat, 20 Jul 2024 15:04:59 +0200},
  biburl       = {https://dblp.org/rec/conf/aaai/AnZYTW24.bib},
  bibsource    = {dblp computer science bibliography, https://dblp.org}
}

@article{liangexploring,
  title={Exploring Format Consistency for Instruction Tuning},
  author={Liang, Shihao and Tian, Runchu and Zhu, Kunlun and Qin, Yujia and Wang, Huadong and Cong, Xin and Liu, Zhiyuan and Liu, Xiaojiang and Sun, Maosong},
  journal={Transactions on Machine Learning Research}
}

@article{ma2023llm,
  title={Llm-pruner: On the structural pruning of large language models},
  author={Ma, Xinyin and Fang, Gongfan and Wang, Xinchao},
  journal={Advances in neural information processing systems},
  volume={36},
  pages={21702--21720},
  year={2023}
}

@inproceedings{nash2023jongwoo,
  author       = {Jongwoo Ko and
                  Seungjoon Park and
                  Yujin Kim and
                  Sumyeong Ahn and
                  Du{-}Seong Chang and
                  Euijai Ahn and
                  Se{-}Young Yun},
  editor       = {Houda Bouamor and
                  Juan Pino and
                  Kalika Bali},
  title        = {{NASH:} {A} Simple Unified Framework of Structured Pruning for Accelerating
                  Encoder-Decoder Language Models},
  booktitle    = {Findings of the Association for Computational Linguistics: {EMNLP}
                  2023, Singapore, December 6-10, 2023},
  pages        = {6076--6093},
  publisher    = {Association for Computational Linguistics},
  year         = {2023},
  url          = {https://doi.org/10.18653/v1/2023.findings-emnlp.404},
  doi          = {10.18653/V1/2023.FINDINGS-EMNLP.404},
  timestamp    = {Fri, 12 Apr 2024 13:11:54 +0200},
  biburl       = {https://dblp.org/rec/conf/emnlp/KoPKACAY23.bib},
  bibsource    = {dblp computer science bibliography, https://dblp.org}
}

@inproceedings{owl2024lu,
  author       = {Lu Yin and
                  You Wu and
                  Zhenyu Zhang and
                  Cheng{-}Yu Hsieh and
                  Yaqing Wang and
                  Yiling Jia and
                  Gen Li and
                  Ajay Kumar Jaiswal and
                  Mykola Pechenizkiy and
                  Yi Liang and
                  Michael Bendersky and
                  Zhangyang Wang and
                  Shiwei Liu},
  title        = {Outlier Weighed Layerwise Sparsity {(OWL):} {A} Missing Secret Sauce
                  for Pruning LLMs to High Sparsity},
  booktitle    = {Forty-first International Conference on Machine Learning, {ICML} 2024,
                  Vienna, Austria, July 21-27, 2024},
  publisher    = {OpenReview.net},
  year         = {2024},
  url          = {https://openreview.net/forum?id=ahEm3l2P6w},
  timestamp    = {Mon, 02 Sep 2024 16:55:26 +0200},
  biburl       = {https://dblp.org/rec/conf/icml/0006W0HWJLJPLBW24.bib},
  bibsource    = {dblp computer science bibliography, https://dblp.org}
}

@inproceedings{sanhmultitask,
  title={Multitask Prompted Training Enables Zero-Shot Task Generalization},
  author={Sanh, Victor and Webson, Albert and Raffel, Colin and Bach, Stephen and Sutawika, Lintang and Alyafeai, Zaid and Chaffin, Antoine and Stiegler, Arnaud and Raja, Arun and Dey, Manan and others},
  booktitle={International Conference on Learning Representations}
}

@inproceedings{sheared2024mengzhou,
  author       = {Mengzhou Xia and
                  Tianyu Gao and
                  Zhiyuan Zeng and
                  Danqi Chen},
  title        = {Sheared LLaMA: Accelerating Language Model Pre-training via Structured
                  Pruning},
  booktitle    = {The Twelfth International Conference on Learning Representations,
                  {ICLR} 2024, Vienna, Austria, May 7-11, 2024},
  publisher    = {OpenReview.net},
  year         = {2024},
  url          = {https://openreview.net/forum?id=09iOdaeOzp},
  timestamp    = {Wed, 07 Aug 2024 17:11:53 +0200},
  biburl       = {https://dblp.org/rec/conf/iclr/XiaGZ024.bib},
  bibsource    = {dblp computer science bibliography, https://dblp.org}
}

@inproceedings{sleb2024jiwon,
  author       = {Jiwon Song and
                  Kyungseok Oh and
                  Taesu Kim and
                  Hyungjun Kim and
                  Yulhwa Kim and
                  Jae{-}Joon Kim},
  title        = {{SLEB:} Streamlining LLMs through Redundancy Verification and Elimination
                  of Transformer Blocks},
  booktitle    = {Forty-first International Conference on Machine Learning, {ICML} 2024,
                  Vienna, Austria, July 21-27, 2024},
  publisher    = {OpenReview.net},
  year         = {2024},
  url          = {https://openreview.net/forum?id=fuX4hyLPmO},
  timestamp    = {Mon, 02 Sep 2024 16:55:26 +0200},
  biburl       = {https://dblp.org/rec/conf/icml/SongOKKKK24.bib},
  bibsource    = {dblp computer science bibliography, https://dblp.org}
}

@inproceedings{slidegpt2024saleh,
  author       = {Saleh Ashkboos and
                  Maximilian L. Croci and
                  Marcelo Gennari Do Nascimento and
                  Torsten Hoefler and
                  James Hensman},
  title        = {SliceGPT: Compress Large Language Models by Deleting Rows and Columns},
  booktitle    = {The Twelfth International Conference on Learning Representations,
                  {ICLR} 2024, Vienna, Austria, May 7-11, 2024},
  publisher    = {OpenReview.net},
  year         = {2024},
  url          = {https://openreview.net/forum?id=vXxardq6db},
  timestamp    = {Wed, 07 Aug 2024 17:11:53 +0200},
  biburl       = {https://dblp.org/rec/conf/iclr/AshkboosCNHH24.bib},
  bibsource    = {dblp computer science bibliography, https://dblp.org}
}

@inproceedings{sparsegpt2023elias,
  author       = {Elias Frantar and
                  Dan Alistarh},
  editor       = {Andreas Krause and
                  Emma Brunskill and
                  Kyunghyun Cho and
                  Barbara Engelhardt and
                  Sivan Sabato and
                  Jonathan Scarlett},
  title        = {SparseGPT: Massive Language Models Can be Accurately Pruned in One-Shot},
  booktitle    = {International Conference on Machine Learning, {ICML} 2023, 23-29 July
                  2023, Honolulu, Hawaii, {USA}},
  series       = {Proceedings of Machine Learning Research},
  volume       = {202},
  pages        = {10323--10337},
  publisher    = {{PMLR}},
  year         = {2023},
  url          = {https://proceedings.mlr.press/v202/frantar23a.html},
  timestamp    = {Mon, 28 Aug 2023 17:23:08 +0200},
  biburl       = {https://dblp.org/rec/conf/icml/FrantarA23.bib},
  bibsource    = {dblp computer science bibliography, https://dblp.org}
}

@inproceedings{wanda2024mingjie,
  author       = {Mingjie Sun and
                  Zhuang Liu and
                  Anna Bair and
                  J. Zico Kolter},
  title        = {A Simple and Effective Pruning Approach for Large Language Models},
  booktitle    = {The Twelfth International Conference on Learning Representations,
                  {ICLR} 2024, Vienna, Austria, May 7-11, 2024},
  publisher    = {OpenReview.net},
  year         = {2024},
  url          = {https://openreview.net/forum?id=PxoFut3dWW},
  timestamp    = {Wed, 07 Aug 2024 17:11:53 +0200},
  biburl       = {https://dblp.org/rec/conf/iclr/Sun0BK24.bib},
  bibsource    = {dblp computer science bibliography, https://dblp.org}
}

@inproceedings{wang2023self,
  title={Self-Instruct: Aligning Language Models with Self-Generated Instructions},
  author={Wang, Yizhong and Kordi, Yeganeh and Mishra, Swaroop and Liu, Alisa and Smith, Noah A and Khashabi, Daniel and Hajishirzi, Hannaneh},
  booktitle={The 61st Annual Meeting Of The Association For Computational Linguistics},
  year={2023}
}

@inproceedings{weifinetuned,
  title={Finetuned Language Models are Zero-Shot Learners},
  author={Wei, Jason and Bosma, Maarten and Zhao, Vincent and Guu, Kelvin and Yu, Adams Wei and Lester, Brian and Du, Nan and Dai, Andrew M and Le, Quoc V},
  booktitle={International Conference on Learning Representations}
}

@inproceedings{zhaolora,
  title={CA-LoRA: Adapting Existing LoRA for Compressed LLMs to Enable Efficient Multi-Tasking on Personal Devices},
  author={Zhao, Weilin and Huang, Yuxiang and Han, Xu and Liu, Zhiyuan and Zhang, Zhengyan and Li, Kuai and Chen, Chen and Yang, Tao and Sun, Maosong},
  booktitle={First Conference on Language Modeling}
}

@article{zhi2024dass,
  author       = {Zhiyu Guo and
                  Hidetaka Kamigaito and
                  Taro Wanatnabe},
  title        = {Dependency-Aware Semi-Structured Sparsity of {GLU} Variants in Large
                  Language Models},
  journal      = {CoRR},
  volume       = {abs/2405.01943},
  year         = {2024},
  url          = {https://doi.org/10.48550/arXiv.2405.01943},
  doi          = {10.48550/ARXIV.2405.01943},
  eprinttype    = {arXiv},
  eprint       = {2405.01943},
  timestamp    = {Sun, 09 Jun 2024 21:32:26 +0200},
  biburl       = {https://dblp.org/rec/journals/corr/abs-2405-01943.bib},
  bibsource    = {dblp computer science bibliography, https://dblp.org}
}

@article{zhou2024lima,
  title={Lima: Less is more for alignment},
  author={Zhou, Chunting and Liu, Pengfei and Xu, Puxin and Iyer, Srinivasan and Sun, Jiao and Mao, Yuning and Ma, Xuezhe and Efrat, Avia and Yu, Ping and Yu, Lili and others},
  journal={Advances in Neural Information Processing Systems},
  volume={36},
  year={2024}
}

