@article{abernethy2015fighting,
  title={Fighting bandits with a new kind of smoothness},
  author={Abernethy, Jacob D and Lee, Chansoo and Tewari, Ambuj},
  journal={Advances in Neural Information Processing Systems},
  volume={28},
  year={2015}
}

@inproceedings{audibert2009minimax,
  title={Minimax Policies for Adversarial and Stochastic Bandits.},
  author={Audibert, Jean-Yves and Bubeck, S{\'e}bastien and others},
  booktitle={COLT},
  volume={7},
  pages={1--122},
  year={2009}
}

@inproceedings{bubeck2012best,
  title={The best of both worlds: Stochastic and adversarial bandits},
  author={Bubeck, S{\'e}bastien and Slivkins, Aleksandrs},
  booktitle={Conference on Learning Theory},
  pages={42--1},
  year={2012},
  organization={JMLR Workshop and Conference Proceedings}
}

@article{denisov2020regret,
  title={Regret Analysis of a Markov Policy Gradient Algorithm for Multiarm Bandits},
  author={Walton, Neil and Denisov, Denis},
  journal={Mathematics of Operations Research},
  volume={48},
  number={3},
  pages={1553--1588},
  year={2023},
  publisher={INFORMS}
}

@inproceedings{gupta2019better,
  title={Better algorithms for stochastic bandits with adversarial corruptions},
  author={Gupta, Anupam and Koren, Tomer and Talwar, Kunal},
  booktitle={Conference on Learning Theory},
  pages={1562--1578},
  year={2019},
  organization={PMLR}
}

@inproceedings{honda2023follow,
  title={Follow-the-Perturbed-Leader Achieves Best-of-Both-Worlds for Bandit Problems},
  author={Honda, Junya and Ito, Shinji and Tsuchiya, Taira},
  booktitle={International Conference on Algorithmic Learning Theory},
  pages={726--754},
  year={2023},
  organization={PMLR}
}

@article{jin2020simultaneously,
  title={Simultaneously learning stochastic and adversarial episodic mdps with known transition},
  author={Jin, Tiancheng and Luo, Haipeng},
  journal={Advances in neural information processing systems},
  volume={33},
  pages={16557--16566},
  year={2020}
}

@article{kalai2005efficient,
  title={Efficient algorithms for online decision problems},
  author={Kalai, Adam and Vempala, Santosh},
  journal={Journal of Computer and System Sciences},
  volume={71},
  number={3},
  pages={291--307},
  year={2005},
  publisher={Elsevier}
}

@article{liu2021cooperative,
  title={Cooperative stochastic multi-agent multi-armed bandits robust to adversarial corruptions},
  author={Liu, Junyan and Li, Shuai and Li, Dapeng},
  journal={arXiv preprint arXiv:2106.04207},
  year={2021}
}

@inproceedings{lykouris2018stochastic,
  title={Stochastic bandits robust to adversarial corruptions},
  author={Lykouris, Thodoris and Mirrokni, Vahab and Paes Leme, Renato},
  booktitle={Proceedings of the 50th Annual ACM SIGACT Symposium on Theory of Computing},
  pages={114--122},
  year={2018}
}

@article{ma2019sampling,
  title={Sampling can be faster than optimization},
  author={Ma, Yi-An and Chen, Yuansi and Jin, Chi and Flammarion, Nicolas and Jordan, Michael I},
  journal={Proceedings of the National Academy of Sciences},
  volume={116},
  number={42},
  pages={20881--20885},
  year={2019},
  publisher={National Acad Sciences}
}

@inproceedings{sun2023revisiting,
  title={Revisiting sampling for combinatorial optimization},
  author={Sun, Haoran and Goshvadi, Katayoon and Nova, Azade and Schuurmans, Dale and Dai, Hanjun},
  booktitle={International Conference on Machine Learning},
  pages={32859--32874},
  year={2023},
  organization={PMLR}
}

@inproceedings{xu2021simple,
  title={Simple combinatorial algorithms for combinatorial bandits: corruptions and approximations},
  author={Xu, Haike and Li, Jian},
  booktitle={Uncertainty in Artificial Intelligence},
  pages={1444--1454},
  year={2021},
  organization={PMLR}
}

@article{zimin2013online,
  title={Online learning in episodic Markovian decision processes by relative entropy policy search},
  author={Zimin, Alexander and Neu, Gergely},
  journal={Advances in neural information processing systems},
  volume={26},
  year={2013}
}

@article{zimmert2019connections,
  title={Connections between mirror descent, Thompson sampling and the information ratio},
  author={Zimmert, Julian and Lattimore, Tor},
  journal={Advances in Neural Information Processing Systems},
  volume={32},
  year={2019}
}

@article{zimmert2021tsallis,
  title={Tsallis-inf: An optimal algorithm for stochastic and adversarial bandits},
  author={Zimmert, Julian and Seldin, Yevgeny},
  journal={The Journal of Machine Learning Research},
  volume={22},
  number={1},
  pages={1310--1358},
  year={2021},
  publisher={JMLRORG}
}

