
@article{logg:2019algorithm,
  title={Algorithm appreciation: People prefer algorithmic to human judgment},
  author={Logg, Jennifer M and Minson, Julia A and Moore, Don A},
  journal={Organizational Behavior and Human Decision Processes},
  volume={151},
  pages={90--103},
  year={2019},
  publisher={Elsevier}
}

@article{dietvorst:2015algorithm,
  title={Algorithm aversion: people erroneously avoid algorithms after seeing them err.},
  author={Dietvorst, Berkeley J and Simmons, Joseph P and Massey, Cade},
  journal={Journal of Experimental Psychology: General},
  volume={144},
  number={1},
  pages={114},
  year={2015},
  publisher={American Psychological Association}
}


@inproceedings{harbers2010guidelines,
  title={Guidelines for developing explainable cognitive models},
  author={Harbers, Maaike and Broekens, Joost and Van Den Bosch, Karel and Meyer, John-Jules},
  booktitle={Proceedings of ICCM},
  pages={85--90},
  year={2010},
  organization={Citeseer}
}

@article{jiang2018trust,
  title={To trust or not to trust a classifier},
  author={Jiang, Heinrich and Kim, Been and Guan, Melody and Gupta, Maya},
  journal={Advances in neural information processing systems},
  volume={31},
  year={2018}
}

@article{barr2013random,
  title={Random effects structure for confirmatory hypothesis testing: Keep it maximal},
  author={Barr, Dale J and Levy, Roger and Scheepers, Christoph and Tily, Harry J},
  journal={Journal of memory and language},
  volume={68},
  number={3},
  pages={255--278},
  year={2013},
  publisher={Elsevier}
}

@article{jimenez2020drug,
  title={Drug discovery with explainable artificial intelligence},
  author={Jim{\'e}nez-Luna, Jos{\'e} and Grisoni, Francesca and Schneider, Gisbert},
  journal={Nature Machine Intelligence},
  volume={2},
  number={10},
  pages={573--584},
  year={2020},
  publisher={Nature Publishing Group UK London}
}

@article{brms2017,
    title = {{brms}: An {R} Package for {Bayesian} Multilevel Models
      Using {Stan}},
    author = {Paul-Christian BÃ¼rkner},
    journal = {Journal of Statistical Software},
    year = {2017},
    volume = {80},
    number = {1},
    pages = {1--28},
    doi = {10.18637/jss.v080.i01},
    encoding = {UTF-8},
  }

% frex
@inproceedings{bischof2012summarizingfrex,
  title={Summarizing topical content with word frequency and exclusivity},
  author={Bischof, Jonathan and Airoldi, Edoardo M},
  booktitle={Proceedings of the 29th International Conference on Machine Learning (ICML-12)},
  pages={201--208},
  year={2012}
}

@article{lipton2018mythos,
  title={The mythos of model interpretability: In machine learning, the concept of interpretability is both important and slippery.},
  author={Lipton, Zachary C},
  journal={Queue},
  volume={16},
  number={3},
  pages={31--57},
  year={2018},
  publisher={ACM New York, NY, USA}
}

@book{kahneman2011thinking,
  title={Thinking, fast and slow},
  author={Kahneman, Daniel},
  year={2011},
  publisher={macmillan}
}

@inproceedings{adhikari2019leafage,
  title={LEAFAGE: Example-based and Feature importance-based Explanations for Black-box ML models},
  author={Adhikari, Ajaya and Tax, David MJ and Satta, Riccardo and Faeth, Matthias},
  booktitle={2019 IEEE international conference on fuzzy systems (FUZZ-IEEE)},
  pages={1--7},
  year={2019},
  organization={IEEE}
}

#22
@article{du2019techniques,
  title={Techniques for interpretable machine learning},
  author={Du, Mengnan and Liu, Ninghao and Hu, Xia},
  journal={Communications of the ACM},
  volume={63},
  number={1},
  pages={68--77},
  year={2019},
  publisher={ACM New York, NY, USA}
}

#23
@article{ehsan2023charting,
  title={Charting the Sociotechnical Gap in Explainable AI: A Framework to Address the Gap in XAI},
  author={Ehsan, Upol and Saha, Koustuv and De Choudhury, Munmun and Riedl, Mark O},
  journal={Proceedings of the ACM on Human-Computer Interaction},
  volume={7},
  number={CSCW1},
  pages={1--32},
  year={2023},
  publisher={ACM New York, NY, USA}
}

#54
@article{miller2021contrastive,
  title={Contrastive explanation: A structural-model approach},
  author={Miller, Tim},
  journal={The Knowledge Engineering Review},
  volume={36},
  pages={e14},
  year={2021},
  publisher={Cambridge University Press}
}

#55
@inproceedings{miller2023explainable,
  title={Explainable AI is Dead, Long Live Explainable AI! Hypothesis-driven Decision Support using Evaluative AI},
  author={Miller, Tim},
  booktitle={Proceedings of the 2023 ACM Conference on Fairness, Accountability, and Transparency},
  pages={333--342},
  year={2023}
}

@article{vilone2020explainable,
  title={Explainable artificial intelligence: a systematic review},
  author={Vilone, Giulia and Longo, Luca},
  journal={arXiv preprint arXiv:2006.00093},
  year={2020}
}

@article{miller2019explanation,
  title={Explanation in artificial intelligence: Insights from the social sciences},
  author={Miller, Tim},
  journal={Artificial intelligence},
  volume={267},
  pages={1--38},
  year={2019},
  publisher={Elsevier}
}

@inproceedings{liao2020questioning,
  title={Questioning the AI: informing design practices for explainable AI user experiences},
  author={Liao, Q Vera and Gruen, Daniel and Miller, Sarah},
  booktitle={Proceedings of the 2020 CHI conference on human factors in computing systems},
  pages={1--15},
  year={2020}
}

@inproceedings{poyiadzi2020face,
  title={FACE: feasible and actionable counterfactual explanations},
  author={Poyiadzi, Rafael and Sokol, Kacper and Santos-Rodriguez, Raul and De Bie, Tijl and Flach, Peter},
  booktitle={Proceedings of the AAAI/ACM Conference on AI, Ethics, and Society},
  pages={344--350},
  year={2020}
}

% intro
@article{malle2011attribution,
  title={Attribution theories: How people make sense of behavior},
  author={Malle, Bertram F},
  journal={Theories in social psychology},
  volume={23},
  pages={72--95},
  year={2011},
  publisher={New York}
}

@article{hastie1984causes,
  title={Causes and effects of causal attribution.},
  author={Hastie, Reid},
  journal={Journal of personality and social psychology},
  volume={46},
  number={1},
  pages={44},
  year={1984},
  publisher={American Psychological Association}
}

@article{weiner1972attribution,
  title={Attribution theory, achievement motivation, and the educational process},
  author={Weiner, Bernard},
  journal={Review of educational research},
  volume={42},
  number={2},
  pages={203--215},
  year={1972},
  publisher={Sage Publications Sage CA: Thousand Oaks, CA}
}

@book{fiske1991social,
  title={Social cognition},
  author={Fiske, Susan T and Taylor, Shelley E},
  year={1991},
  publisher={Mcgraw-Hill Book Company}
}

@article{savolainen2013approaching,
  title={Approaching the motivators for information seeking: The viewpoint of attribution theories},
  author={Savolainen, Reijo},
  journal={Library \& Information Science Research},
  volume={35},
  number={1},
  pages={63--68},
  year={2013},
  publisher={Elsevier}
}

@article{lockenhoff2018aging,
  title={Aging and decision-making: A conceptual framework for future research-a mini-review},
  author={L{\"o}ckenhoff, Corinna E},
  journal={Gerontology},
  volume={64},
  number={2},
  pages={140--148},
  year={2018},
  publisher={S. Karger AG}
}

@article{jepson2018applying,
  title={Applying the motivation, opportunity, ability (MOA) model, and self-efficacy (SE) to better understand student engagement on undergraduate event management programs},
  author={Jepson, Allan and Ryan, W Gerard},
  journal={Event Management},
  volume={22},
  number={2},
  pages={271--285},
  year={2018},
  publisher={Cognizant Communication Corporation}
}

@article{fazio2014attitude,
  title={Attitude-behavior processes as a function of motivation and opportunity},
  author={Fazio, RH and Olson, MA},
  journal={Dual Process Theories of the Social Mind. New York, NY: Guilford Press. Retrieved from http://www. unc. edu/\~{} dcameron/dualprocess. pdf},
  year={2014}
}

@misc{GDPR,
	author = {Parliament and Council of the European Union},
	title = {The General Data Protection Regulation},
	howpublished = {\url{https://eur-lex.europa.eu/legal-content/EN/TXT/PDF/?uri=CELEX:32016R0679}},
	year = {2016},
	note = {[Accessed 07-01-2024]},
}

@article{gentile2023human,
  title={Human performance consequences of normative and contrastive explanations: An experiment in machine learning for reliability maintenance},
  author={Gentile, Davide and Donmez, Birsen and Jamieson, Greg A},
  journal={Artificial Intelligence},
  volume={321},
  pages={103945},
  year={2023},
  publisher={Elsevier}
}

@article{ehsan2021explainable,
  title={The who in explainable ai: How ai background shapes perceptions of ai explanations},
  author={Ehsan, Upol and Passi, Samir and Liao, Q Vera and Chan, Larry and Lee, I and Muller, Michael and Riedl, Mark O and others},
  journal={arXiv preprint arXiv:2107.13509},
  year={2021}
}

@article{el2015case,
  title={Case based reasoning: Case representation methodologies},
  author={El-Sappagh, Shaker H and Elmogy, Mohammed},
  journal={International Journal of Advanced Computer Science and Applications},
  volume={6},
  number={11},
  pages={192--208},
  year={2015},
  publisher={Citeseer}
}

@book{stolpmann1999optimierung,
  title={Optimierung der Kundenbeziehung mit CBR-Systemen: Intelligente Systeme f{\"u}r E-Commerce und Support},
  author={Stolpmann, Markus and Wess, Stefan},
  year={1999},
  publisher={Addison-Wesley-Longman}
}

@article{woodward2006sensitive,
  title={Sensitive and insensitive causation},
  author={Woodward, James},
  journal={The Philosophical Review},
  volume={115},
  number={1},
  pages={1--50},
  year={2006},
  publisher={JSTOR}
}

@article{hilton1986knowledge,
  title={Knowledge-based causal attribution: The abnormal conditions focus model.},
  author={Hilton, Denis J and Slugoski, Ben R},
  journal={Psychological review},
  volume={93},
  number={1},
  pages={75},
  year={1986},
  publisher={American Psychological Association}
}

@incollection{hilton2007course,
  title={The course of events: counterfactuals, causal sequences, and explanation},
  author={Hilton, Denis J and John, L McCLURE},
  booktitle={The psychology of counterfactual thinking},
  pages={56--72},
  year={2007},
  publisher={Routledge}
}