@inproceedings{AbrahamBBD20,
  author    = {Erika {\'{A}}brah{\'{a}}m and
               Ezio Bartocci and
               Borzoo Bonakdarpour and
               Oyendrila Dobe},
  title     = {Probabilistic Hyperproperties with Nondeterminism},
  booktitle = {{ATVA}'19},
  _series    = {LNCS},
  _volume    = {12302},
  pages     = {518--534},
  _publisher = {Springer},
  year      = {2019},
  doi       = {10.1007/978-3-030-59152-6\_29}
}

@inproceedings{hauskrecht1997incremental,
  title={Incremental methods for computing bounds in partially observable {M}arkov decision processes},
  author={Hauskrecht, Milos},
  booktitle={AAAI/IAAI'97},
  pages={734--739},
  year={1997}
}


@inproceedings{DobeWABB22,
  author    = {Oyendrila Dobe and
               Lukas Wilke and
               Erika {\'{A}}brah{\'{a}}m and
               Ezio Bartocci and
               Borzoo Bonakdarpour},
  title     = {Probabilistic Hyperproperties with Rewards},
  booktitle = {{NFM} 2022},
  series    = {LNCS},
  volume    = {13260},
  pages     = {656--673},
  _publisher = {Springer},
  year      = {2022},
  doi       = {10.1007/978-3-319-11936-6\_11}
}

@inproceedings{DobeABB21,
  author    = {Oyendrila Dobe and
               Erika {\'{A}}brah{\'{a}}m and
               Ezio Bartocci and
               Borzoo Bonakdarpour},
  title     = {{HyperProb}: {A} Model Checker for Probabilistic Hyperproperties},
  booktitle = {{FM}'21},
  _series    = {LNCS},
  _volume    = {13047},
  pages     = {657--666},
  _publisher = {Springer},
  year      = {2021},
  doi       = {10.1007/978-3-030-90870-6\_35}
}


@inproceedings{Koops2023recursive,
  author = {Koops, Wietze and Jansen, Nils and Junges, Sebastian and Sim{\~a}o, Thiago D.},
  title = {Recursive Small-Step Multi-Agent {A}* for {Dec-POMDPs}},
  booktitle = {IJCAI'23},
  year = {2023},
  pages = {5402-5410},
  doi = {10.24963/IJCAI.2023/600},
}

@inproceedings{neary2021reward,
  title={Reward Machines for Cooperative Multi-Agent Reinforcement Learning},
  author={Neary, Cyrus and Xu, Zhe and Wu, Bo and Topcu, Ufuk},
  booktitle={AAMAS'21},
  pages={934--942},
  year={2021},
  doi = {10.5555/3463952.3464063},
}

@inproceedings{zhu2024decomposing,
  title={Decomposing Temporal Equilibrium Strategy for Coordinated Distributed Multi-Agent Reinforcement Learning},
  author={Zhu, Chenyang and Si, Wen and Zhu, Jinyu and Jiang, Zhihao},
  booktitle={AAAI'24},
  volume={38},
  number={16},
  pages={17618--17627},
  year={2024},
  doi = {10.1609/AAAI.V38I16.29713},
  _publisher = {{AAAI} Press},
}

@inproceedings{bouton2020point,
  title={Point-based methods for model checking in partially observable Markov decision processes},
  author={Bouton, Maxime and Tumova, Jana and Kochenderfer, Mykel J},
  booktitle={AAAI},
  volume={34},
  number={06},
  pages={10061--10068},
  year={2020}
}

@article{berthon2021strategy,
  title={Strategy logic with imperfect information},
  author={Berthon, Rapha{\"e}l and Maubert, Bastien and Murano, Aniello and Rubin, Sasha and Vardi, Moshe Y.},
  journal={ACM Trans. Comput. Log.},
  volume={22},
  number={1},
  pages={1--51},
  year={2021},
  _publisher={ACM New York, NY, USA},
  doi          = {10.1145/3427955},
}

@inproceedings{catta2024obstruction,
  title={Obstruction Alternating-time Temporal Logic: A Strategic Logic to Reason about Dynamic Models},
  author={Catta, Davide and Leneutre, Jean and Malvone, Vadim and Murano, Aniello},
  booktitle={AAMAS'24},
  pages={271--280},
  year={2024},
  doi          = {10.5555/3635637.3662875},
}

@article{alur2002alternating,
  title={Alternating-time temporal logic},
  author={Alur, Rajeev and Henzinger, Thomas A. and Kupferman, Orna},
  journal={J. {ACM}},
  volume={49},
  number={5},
  pages={672--713},
  year={2002},
  _publisher={ACM New York, NY, USA},
  doi = {10.1145/585265.585270},
}

@inproceedings{pnueli1989synthesis,
  title={On the synthesis of a reactive module},
  author={Pnueli, Amir and Rosner, Roni},
  booktitle={Proceedings of the 16th ACM SIGPLAN-SIGACT symposium on Principles of programming languages},
  pages={179--190},
  year={1989}
}

@inproceedings{schuppe2021decentralized,
  title={Decentralized Multi-Agent Strategy Synthesis under LTLf Specifications via Exchange of Least-Limiting Advisers},
  author={Schuppe, Georg F. and Tumova, Jana},
  booktitle={{MRS}'21},
  year={2021},
  _organization={Institute of Electrical and Electronics Engineers (IEEE)},
  doi = {10.1109/MRS50823.2021.9620561},
}

@article{NasuH69,
  author       = {Masakazu Nasu and
                  Namio Honda},
  title        = {Mappings Induced by PGSM-Mappings and Some Recursively Unsolvable
                  Problems of Finite Probabilistic Automata},
  journal      = {Inf. Control.},
  volume       = {15},
  number       = {3},
  pages        = {250--273},
  year         = {1969},
  doi          = {10.1016/S0019-9958(69)90449-5}
}

@inproceedings{KurniawatiHL08,
  author       = {Hanna Kurniawati and
                  David Hsu and
                  Wee Sun Lee},
  _editor       = {Oliver Brock and
                  Jeff Trinkle and
                  Fabio Ramos},
  title        = {{SARSOP:} Efficient Point-Based {POMDP} Planning by Approximating
                  Optimally Reachable Belief Spaces},
  booktitle    = {Robotics: Science and Systems IV},
  _publisher    = {The {MIT} Press},
  year         = {2008},
  doi          = {10.15607/RSS.2008.IV.009},
}

@inproceedings{Andriushchenko021,
  author    = {Roman Andriushchenko and
               Milan Ceska and
               Sebastian Junges and
               Joost{-}Pieter Katoen},
  title     = {Inductive Synthesis for Probabilistic Programs Reaches New Horizons},
  booktitle = {{TACAS} 2021},
  series    = {LNCS},
  volume    = {12651},
  pages     = {191--209},
  _publisher = {Springer},
  year      = {2021},
  doi       = {10.1007/978-3-030-72016-2\_11}
}

@inproceedings{CeskaJJK19,
  author    = {Milan Ceska and
               Nils Jansen and
               Sebastian Junges and
               Joost{-}Pieter Katoen},
  title     = {Shepherding Hordes of Markov Chains},
  booktitle = {{TACAS}'19},
  _series    = {LNCS},
  _volume    = {11428},
  pages     = {172--190},
  _publisher = {Springer},
  year      = {2019},
  doi       = {10.1007/978-3-030-17465-1\_10},
}

@inproceedings{Andriushchenko022,
  author    = {Roman Andriushchenko and
               Milan Ceska and
               Sebastian Junges and
               Joost{-}Pieter Katoen},
  title     = {Inductive synthesis of finite-state controllers for POMDPs},
  booktitle = {{UAI}'22},
  pages     = {85--95},
  year      = {2022},
  _series    = {PMLR},
  _volume    = {180},
  _publisher = {{PMLR}}
}

@inproceedings{KwiatkowskaNP11,
  author    = {Marta Z. Kwiatkowska and
               Gethin Norman and
               David Parker},
  title     = {{PRISM} 4.0: Verification of Probabilistic Real-Time Systems},
  booktitle = {{CAV} 2011},
  series    = {LNCS},
  volume    = {6806},
  pages     = {585--591},
  _publisher = {Springer},
  year      = {2011},
  doi          = {10.1007/978-3-642-22110-1\_47}
}

@inproceedings{Duret-LutzRCRAS22,
  author       = {Alexandre Duret{-}Lutz and
                  Etienne Renault and
                  Maximilien Colange and
                  Florian Renkin and
                  Alexandre Gbaguidi Aisse and
                  Philipp Schlehuber{-}Caissier and
                  Thomas Medioni and
                  Antoine Martin and
                  J{\'{e}}r{\^{o}}me Dubois and
                  Cl{\'{e}}ment Gillard and
                  Henrich Lauko},
  _editor       = {Sharon Shoham and
                  Yakir Vizel},
  title        = {From Spot 2.0 to Spot 2.10: What's New?},
  booktitle    = {{CAV}'22},
  _series       = {LNCS},
  _volume       = {13372},
  pages        = {174--187},
  _publisher    = {Springer},
  year         = {2022},
  doi          = {10.1007/978-3-031-13188-2\_9},
}

@article{CourcoubetisY95,
  author       = {Costas Courcoubetis and
                  Mihalis Yannakakis},
  title        = {The Complexity of Probabilistic Verification},
  journal      = {J. {ACM}},
  volume       = {42},
  number       = {4},
  pages        = {857--907},
  year         = {1995},
  doi          = {10.1145/210332.210339},
}

@inproceedings{AndriushchenkoC21,
  author    = {Roman Andriushchenko and
               Milan Ceska and
               Sebastian Junges and
               Joost{-}Pieter Katoen and
               Simon Stupinsk{\'{y}}},
  title     = {{PAYNT:} {A} Tool for Inductive Synthesis of Probabilistic Programs},
  booktitle = {{CAV}'21},
  _series    = {LNCS},
  _volume    = {12759},
  _publisher = {Springer},
  pages     = {856--869},
  year      = {2021},
  doi       = {10.1007/978-3-030-81685-8\_40}
}

@inproceedings{Chonev19,
  author       = {Ventsislav Chonev},
  editor       = {Emmanuel Filiot and
                  Rapha{\"{e}}l M. Jungers and
                  Igor Potapov},
  title        = {Reachability in Augmented Interval Markov Chains},
  booktitle    = {Reachability Problems ({RP})},
  series       = {LNCS},
  volume       = {11674},
  pages        = {79--92},
  _publisher    = {Springer},
  year         = {2019},
  doi          = {10.1007/978-3-030-30806-3\_7},
}


@inproceedings{DimitrovaFT20,
  author    = {Rayna Dimitrova and
               Bernd Finkbeiner and
               Hazem Torfah},
  title     = {Probabilistic Hyperproperties of {M}arkov Decision Processes},
  booktitle = {{ATVA}'20},
  _series    = {LNCS},
  _volume    = {12302},
  pages     = {484--500},
  _publisher = {Springer},
  year      = {2020},
  doi       = {10.1007/978-3-030-59152-6\_27}
}

@inproceedings{ClarksonFKMRS14,
  author       = {Michael R. Clarkson and
                  Bernd Finkbeiner and
                  Masoud Koleini and
                  Kristopher K. Micinski and
                  Markus N. Rabe and
                  C{\'{e}}sar S{\'{a}}nchez},
  title        = {Temporal Logics for Hyperproperties},
  booktitle    = {{POST}'14},
  _series       = {LNCS},
  _volume       = {8414},
  pages        = {265--284},
  _publisher    = {Springer},
  year         = {2014},
  doi          = {10.1007/978-3-642-54792-8\_15}
}

@inproceedings{Dwork06,
  author    = {Cynthia Dwork},
  title     = {Differential Privacy},
  booktitle = {Proc. of {ICALP} {(2)} 2006: the 33rd International Colloquium on Automata, Languages and Programming},
  series    = {LNCS},
  volume    = {4052},
  pages     = {1--12},
  _publisher = {Springer},
  year      = {2006},
  doi          = {10.1007/11787006\_1}
}

@article{ClarksonS10,
  author       = {Michael R. Clarkson and
                  Fred B. Schneider},
  title        = {Hyperproperties},
  journal      = {J. Comput. Secur.},
  volume       = {18},
  number       = {6},
  pages        = {1157--1210},
  year         = {2010},
  doi          = {10.3233/JCS-2009-0393},
}

@inproceedings{AbrahamB18,
  author    = {Erika {\'{A}}brah{\'{a}}m and
               Borzoo Bonakdarpour},
  title     = {Hyper{PCTL}: {A} Temporal Logic for Probabilistic Hyperproperties},
  booktitle = {Proc. of {QEST} 2018: the 15th International Conference on Quantitative Evaluation of Systems},
  series    = {LNCS},
  volume    = {11024},
  _publisher = {Springer},
  year      = {2018},
  pages     = {20--35},
  doi       = {10.1007/978-3-319-99154-2\_2}
}

@inproceedings{ONeillCC06,
  author    = {Kevin R. O'Neill and
               Michael R. Clarkson and
               Stephen Chong},
  title     = {Information-Flow Security for Interactive Programs},
  booktitle = {Proc. of {CSFW}: the 19th {IEEE} Computer Security Foundations Workshop},
  pages     = {190--201},
  _publisher = {{IEEE} Computer Society},
  year      = {2006},
  doi       = {10.1109/CSFW.2006.16}
}

@inproceedings{KopfB07,
  author    = {Boris K{\"{o}}pf and
               David A. Basin},
  title     = {An information-theoretic model for adaptive side-channel attacks},
  booktitle = {Proceedings of the 2007 {ACM} Conference on Computer and Communications
                  Security ({CCS})},
  pages     = {286--296},
  _publisher = {{ACM}},
  year      = {2007},
  doi          = {10.1145/1315245.1315282}
}

@article{HanssonJ94,
  author    = {Hans Hansson and
               Bengt Jonsson},
  title     = {A Logic for Reasoning about Time and Reliability},
  journal   = {Formal Aspects Comput.},
  volume    = {6},
  number    = {5},
  pages     = {512--535},
  year      = {1994},
  doi          = {10.1007/BF01211866}
}



@inproceedings{AndriushchenkoBCPS23,
  author       = {Roman Andriushchenko and
                  Ezio Bartocci and
                  Milan Ceska and
                  Francesco Pontiggia and
                  Sarah Sallinger},
  title        = {Deductive Controller Synthesis for Probabilistic Hyperproperties},
  booktitle    = {{QEST}'23},
  _series       = {LNCS},
  _volume       = {14287},
  pages        = {288--306},
  _publisher    = {Springer},
  year         = {2023},
  doi          = {10.1007/978-3-031-43835-6\_20},
}

@inproceedings{DobeSBBLPW23,
  author       = {Oyendrila Dobe and
                  Stefan Schupp and
                  Ezio Bartocci and
                  Borzoo Bonakdarpour and
                  Axel Legay and
                  Miroslav Pajic and
                  Yu Wang},
  title        = {Lightweight Verification of Hyperproperties},
  booktitle    = {{ATVA}'23},
  _series       = {LNCS},
  _volume       = {14216},
  pages        = {3--25},
  _publisher    = {Springer},
  year         = {2023},
  doi          = {10.1007/978-3-031-45332-8\_1},
}

@inproceedings{WangNBP21,
  author       = {Yu Wang and
                  Siddhartha Nalluri and
                  Borzoo Bonakdarpour and
                  Miroslav Pajic},
  title        = {Statistical Model Checking for Hyperproperties},
  booktitle    = {{CSF}},
  pages        = {1--16},
  _publisher    = {{IEEE}},
  year         = {2021},
  doi          = {10.1109/CSF51468.2021.00009},
}

@inproceedings{condon1989complexity,
  title={On the complexity of space bounded interactive proofs},
  author={Condon, Anne and Lipton, Richard J.},
  booktitle={FOCS'89},
  volume={89},
  pages={462--467},
  year={1989},
  doi          = {10.1109/SFCS.1989.63519},
}

@inproceedings{BrazdilBFK06,
  author       = {Tom{\'{a}}s Br{\'{a}}zdil and
                  V{\'{a}}clav Brozek and
                  Vojtech Forejt and
                  Anton{\'{\i}}n Kucera},
  title        = {Stochastic Games with Branching-Time Winning Objectives},
  booktitle    = {{LICS}},
  pages        = {349--358},
  _publisher    = {{IEEE} Computer Society},
  year         = {2006},
  doi          = {10.1109/LICS.2006.48}
}

@article{SabooriH13,
  author       = {Anooshiravan Saboori and
                  Christoforos N. Hadjicostis},
  title        = {Verification of initial-state opacity in security applications of
                  discrete event systems},
  journal      = {Inf. Sci.},
  volume       = {246},
  pages        = {115--132},
  year         = {2013},
  doi          = {10.1016/J.INS.2013.05.033}
}

@article{ZhangYZ19,
  author       = {Kuize Zhang and
                  Xiang Yin and
                  Majid Zamani},
  title        = {Opacity of Nondeterministic Transition Systems: {A} (Bi)Simulation
                  Relation Approach},
  journal      = {{IEEE} Trans. Autom. Control.},
  volume       = {64},
  number       = {12},
  pages        = {5116--5123},
  year         = {2019},
  doi          = {10.1109/TAC.2019.2908726},
}

@inproceedings{YinL15,
  author       = {Xiang Yin and
                  St{\'{e}}phane Lafortune},
  title        = {A new approach for synthesizing opacity-enforcing supervisors for
                  partially-observed discrete-event systems},
  booktitle    = {{ACC}'15},
  pages        = {377--383},
  _publisher    = {{IEEE}},
  year         = {2015},
  doi          = {10.1109/ACC.2015.7170765},
}

@book{0020348,
  author    = {Christel Baier and
               Joost{-}Pieter Katoen},
  title     = {Principles of model checking},
  _publisher = {{MIT} Press},
  year      = {2008}
}

@book{Paz71,
  title={Introduction to probabilistic automata},
  author={Paz, Azaria},
  year={1971},
  _publisher={Academic Press}
}

@article{GoldmanZ04,
  author       = {Claudia V. Goldman and
                  Shlomo Zilberstein},
  title        = {Decentralized Control of Cooperative Systems: Categorization and Complexity
                  Analysis},
  journal      = {J. Artif. Intell. Res.},
  volume       = {22},
  pages        = {143--174},
  year         = {2004},
  doi          = {10.1613/JAIR.1427},
}

@article{BeckerZLG04,
  author       = {Raphen Becker and
                  Shlomo Zilberstein and
                  Victor R. Lesser and
                  Claudia V. Goldman},
  title        = {Solving Transition Independent Decentralized Markov Decision Processes},
  journal      = {J. Artif. Intell. Res.},
  volume       = {22},
  pages        = {423--455},
  year         = {2004},
  doi          = {10.1613/JAIR.1497},
}

@article{MadaniHC03,
  author       = {Omid Madani and
                  Steve Hanks and
                  Anne Condon},
  title        = {On the undecidability of probabilistic planning and related stochastic
                  optimization problems},
  journal      = {Artif. Intell.},
  volume       = {147},
  number       = {1-2},
  pages        = {5--34},
  year         = {2003},
  doi          = {10.1016/S0004-3702(02)00378-8},
}

@inproceedings{BeutnerF24icaps,
  author       = {Raven Beutner and
                  Bernd Finkbeiner},
  _editor       = {Sara Bernardini and
                  Christian Muise},
  title        = {Non-deterministic Planning for Hyperproperty Verification},
  booktitle    = {{ICAPS}'24},
  pages        = {25--30},
  _publisher    = {{AAAI} Press},
  year         = {2024},
  doi          = {10.1609/ICAPS.V34I1.31457},
}

@inproceedings{BeutnerF24aamas,
  author       = {Raven Beutner and
                  Bernd Finkbeiner},
  _editor       = {Mehdi Dastani and
                  Jaime Sim{\~{a}}o Sichman and
                  Natasha Alechina and
                  Virginia Dignum},
  title        = {Hyper Strategy Logic},
  booktitle    = {{AAMAS}'24},
  pages        = {189--197},
  _publisher    = {{ACM}},
  year         = {2024},
  _url          = {https://dl.acm.org/doi/10.5555/3635637.3662866},
  _doi          = {10.5555/3635637.3662866},
}

@inproceedings{0044NP20,
  author       = {Yu Wang and
                  Siddhartha Nalluri and
                  Miroslav Pajic},
  title        = {Hyperproperties for Robotics: Planning via HyperLTL},
  booktitle    = {{ICRA}'20},
  pages        = {8462--8468},
  _publisher    = {{IEEE}},
  year         = {2020},
  doi          = {10.1109/ICRA40945.2020.9196874},
}

@inproceedings{MadaniHC99,
  author       = {Omid Madani and
                  Steve Hanks and
                  Anne Condon},
  editor       = {Jim Hendler and
                  Devika Subramanian},
  title        = {On the Undecidability of Probabilistic Planning and Infinite-Horizon
                  Partially Observable Markov Decision Problems},
  booktitle    = {{AAAI}},
  pages        = {541--548},
  _publisher    = {{AAAI} Press / The {MIT} Press},
  year         = {1999},
  url          = {http://www.aaai.org/Library/AAAI/1999/aaai99-077.php},
}

@inproceedings{PetrikZ07,
  author       = {Marek Petrik and
                  Shlomo Zilberstein},
  editor       = {Manuela M. Veloso},
  title        = {Average-Reward Decentralized Markov Decision Processes},
  booktitle    = {{IJCAI} 2007},
  pages        = {1997--2002},
  year         = {2007},
  url          = {http://ijcai.org/Proceedings/07/Papers/322.pdf},
}

@inproceedings{Freivalds81,
  author       = {Rusins Freivalds},
  _editor       = {Jozef Gruska and
                  Michal Chytil},
  title        = {Probabilistic Two-Way Machines},
  booktitle    = {MFCS'81},
  _series       = {LNCS},
  _volume       = {118},
  pages        = {33--45},
  _publisher    = {Springer},
  year         = {1981},
  doi          = {10.1007/3-540-10856-4\_72},
}

@article{BlondelC03,
  author       = {Vincent D. Blondel and
                  Vincent Canterini},
  title        = {Undecidable Problems for Probabilistic Automata of Fixed Dimension},
  journal      = {Theory Comput. Syst.},
  volume       = {36},
  number       = {3},
  pages        = {231--245},
  year         = {2003},
  doi          = {10.1007/S00224-003-1061-2},
}

@inproceedings{BeckerZLG03,
  author       = {Raphen Becker and
                  Shlomo Zilberstein and
                  Victor R. Lesser and
                  Claudia V. Goldman},
  title        = {Transition-independent decentralized markov decision processes},
  booktitle    = {{AAMAS} 2003},
  pages        = {41--48},
  _publisher    = {{ACM}},
  year         = {2003},
  doi          = {10.1145/860575.860583},
}

@inproceedings{YouTCB21,
  author       = {Yang You and
                  Vincent Thomas and
                  Francis Colas and
                  Olivier Buffet},
  title        = {Solving infinite-horizon Dec-POMDPs using Finite State Controllers
                  within {JESP}},
  booktitle    = {{ICTAI}'21},
  pages        = {427--434},
  _publisher    = {{IEEE}},
  doi          = {10.1109/ICTAI52525.2021.00069},
  year         = {2021}
}

@inproceedings{HuangL13,
  author       = {Xiaowei Huang and
                  Cheng Luo},
  editor       = {Maria L. Gini and
                  Onn Shehory and
                  Takayuki Ito and
                  Catholijn M. Jonker},
  title        = {A logic of probabilistic knowledge and strategy},
  booktitle    = {{AAMAS} '13},
  pages        = {845--852},
  publisher    = {{IFAAMAS}},
  year         = {2013},
  url          = {http://dl.acm.org/citation.cfm?id=2485055},
}

@inproceedings{BelardinelliJMM23,
  author       = {Francesco Belardinelli and
                  Wojciech Jamroga and
                  Munyque Mittelmann and
                  Aniello Murano},
  editor       = {Pierre Marquis and
                  Tran Cao Son and
                  Gabriele Kern{-}Isberner},
  title        = {Strategic Abilities of Forgetful Agents in Stochastic Environments},
  booktitle    = {Proceedings of the 20th International Conference on Principles of
                  Knowledge Representation and Reasoning, {KR} 2023, Rhodes, Greece,
                  September 2-8, 2023},
  pages        = {726--731},
  year         = {2023},
  url          = {https://doi.org/10.24963/kr.2023/71},
  doi          = {10.24963/KR.2023/71}
}

@inproceedings{HuangSZ12,
  author       = {Xiaowei Huang and
                  Kaile Su and
                  Chenyi Zhang},
  editor       = {J{\"{o}}rg Hoffmann and
                  Bart Selman},
  title        = {Probabilistic Alternating-Time Temporal Logic of Incomplete Information
                  and Synchronous Perfect Recall},
  booktitle    = {{AAAI} '12},
  pages        = {765--771},
  publisher    = {{AAAI} Press},
  year         = {2012},
  _url          = {https://doi.org/10.1609/aaai.v26i1.8214},
  doi          = {10.1609/AAAI.V26I1.8214}
}

@inproceedings{ChenL07a,
  author       = {Taolue Chen and
                  Jian Lu},
  editor       = {J. Lei},
  title        = {Probabilistic Alternating-time Temporal Logic and Model Checking Algorithm},
  booktitle    = {{FSKD} '07},
  pages        = {35--39},
  publisher    = {{IEEE} Computer Society},
  year         = {2007},
  _url          = {https://doi.org/10.1109/FSKD.2007.458},
  doi          = {10.1109/FSKD.2007.458}
}

@inproceedings{BelardinelliJMM24,
  author       = {Francesco Belardinelli and
                  Wojtek Jamroga and
                  Munyque Mittelmann and
                  Aniello Murano},
  editor       = {Mehdi Dastani and
                  Jaime Sim{\~{a}}o Sichman and
                  Natasha Alechina and
                  Virginia Dignum},
  title        = {Verification of Stochastic Multi-Agent Systems with Forgetful Strategies},
  booktitle    = {{AAMAS} '24},
  pages        = {160--169},
  publisher    = {International Foundation for Autonomous Agents and Multiagent Systems
                  / {ACM}},
  year         = {2024},
  _url          = {https://dl.acm.org/doi/10.5555/3635637.3662863},
  doi          = {10.5555/3635637.3662863}
}

@article{BelardinelliLMR20,
  author       = {Francesco Belardinelli and
                  Alessio Lomuscio and
                  Aniello Murano and
                  Sasha Rubin},
  title        = {Verification of multi-agent systems with public actions against strategy logic},
  journal      = {Artif. Intell.},
  volume       = {285},
  pages        = {103302},
  year         = {2020},
  _url          = {https://doi.org/10.1016/j.artint.2020.103302},
  doi          = {10.1016/J.ARTINT.2020.103302}
}

@inproceedings{BelardinelliLMR17,
  author       = {Francesco Belardinelli and
                  Alessio Lomuscio and
                  Aniello Murano and
                  Sasha Rubin},
  editor       = {Carles Sierra},
  title        = {Verification of Broadcasting Multi-Agent Systems against an Epistemic
                  Strategy Logic},
  booktitle    = {{IJCAI} '17},
  pages        = {91--97},
  publisher    = {ijcai.org},
  year         = {2017},
  _url          = {https://doi.org/10.24963/ijcai.2017/14},
  doi          = {10.24963/IJCAI.2017/14}
}

@article{MogaveroMPV14,
  author       = {Fabio Mogavero and
                  Aniello Murano and
                  Giuseppe Perelli and
                  Moshe Y. Vardi},
  title        = {Reasoning About Strategies: On the Model-Checking Problem},
  journal      = {{ACM} Trans. Comput. Log.},
  volume       = {15},
  number       = {4},
  pages        = {34:1--34:47},
  year         = {2014},
  _url          = {https://doi.org/10.1145/2631917},
  doi          = {10.1145/2631917}
}

@article{ChatterjeeHP10,
  author       = {Krishnendu Chatterjee and
                  Thomas A. Henzinger and
                  Nir Piterman},
  title        = {Strategy logic},
  journal      = {Inf. Comput.},
  volume       = {208},
  number       = {6},
  pages        = {677--693},
  year         = {2010},
  _url          = {https://doi.org/10.1016/j.ic.2009.07.004},
  doi          = {10.1016/J.IC.2009.07.004},
}

@article{BernsteinGIZ02,
  author       = {Daniel S. Bernstein and
                  Robert Givan and
                  Neil Immerman and
                  Shlomo Zilberstein},
  title        = {The Complexity of Decentralized Control of Markov Decision Processes},
  journal      = {Math. Oper. Res.},
  volume       = {27},
  number       = {4},
  pages        = {819--840},
  year         = {2002},
  doi          = {10.1287/MOOR.27.4.819.297},
}

@inproceedings{BernsteinZI00,
  author       = {Daniel S. Bernstein and
                  Shlomo Zilberstein and
                  Neil Immerman},
  editor       = {Craig Boutilier and
                  Mois{\'{e}}s Goldszmidt},
  title        = {The Complexity of Decentralized Control of Markov Decision Processes},
  booktitle    = {{UAI} 2000},
  pages        = {32--37},
  url          = {https://dslpitt.org/uai/displayArticleDetails.jsp?mmnu=1\&smnu=2\&article\_id=4\&proceeding\_id=16},
}

@article{DOBE2022104978,
author = {Oyendrila Dobe and Erika Ábrahám and Ezio Bartocci and Borzoo Bonakdarpour},
title = {Model checking hyperproperties for Markov decision processes},
journal = {Information and Computation},
volume = {289},
pages = {104978},
year = {2022},
issn = {0890-5401},
doi = {10.1016/j.ic.2022.104978}
}

@incollection{be14,
  title={Applications of DEC-MDPs in multi-robot systems},
  author={Beynier, Aur{\'e}lie and Mouaddib, Abdel-Illah},
  booktitle={Robotics: Concepts, Methodologies, Tools, and Applications},
  pages={143--165},
  year={2014},
  _publisher={IGI Global}
}

@inproceedings{BaierBG08,
  author       = {Christel Baier and
                  Nathalie Bertrand and
                  Marcus Gr{\"{o}}{\ss}er},
  _editor       = {Roberto M. Amadio},
  title        = {On Decision Problems for Probabilistic B{\"{u}}chi Automata},
  booktitle    = {{FOSSACS}'08},
  _series       = {LNCS},
  _volume       = {4962},
  pages        = {287--301},
  _publisher    = {Springer},
  year         = {2008},
  doi          = {10.1007/978-3-540-78499-9\_21},
}

@inproceedings{HansenBZ04,
  author       = {Eric A. Hansen and
                  Daniel S. Bernstein and
                  Shlomo Zilberstein},
  editor       = {Deborah L. McGuinness and
                  George Ferguson},
  title        = {Dynamic Programming for Partially Observable Stochastic Games},
  booktitle    = {{AAI}},
  pages        = {709--715},
  _publisher    = {{AAAI} Press / The {MIT} Press},
  year         = {2004},
  url          = {http://www.aaai.org/Library/AAAI/2004/aaai04-112.php},
}

@Incollection{Baier2018,
author="Baier, Christel
and de Alfaro, Luca
and Forejt, Vojt{\v{e}}ch
and Kwiatkowska, Marta",
title="Model Checking Probabilistic Systems",
booktitle="Handbook of Model Checking",
year="2018",
_publisher="Springer",
pages="963--999",
isbn="978-3-319-10575-8",
doi          = {10.1007/978-3-319-10575-8\_28},
}

@book{puterman2014markov,
  title={{Markov} decision processes: discrete stochastic dynamic programming},
  author={Puterman, Martin L},
  year={2014},
  _publisher={John Wiley \& Sons}
}

@article{STORM,
  author       = {Christian Hensel and
                  Sebastian Junges and
                  Joost{-}Pieter Katoen and
                  Tim Quatmann and
                  Matthias Volk},
  title        = {The probabilistic model checker {Storm}},
  journal      = {Int. J. Softw. Tools Technol. Transf.},
  volume       = {24},
  number       = {4},
  pages        = {589--610},
  year         = {2022},
  doi       = {10.1007/s10009-021-00633-z}
}

@inproceedings{Pnueli77,
  author       = {Amir Pnueli},
  title        = {The Temporal Logic of Programs},
  booktitle    = {{FOCS}'77},
  pages        = {46--57},
  _publisher    = {{IEEE} Computer Society},
  year         = {1977},
  _url          = {https://doi.org/10.1109/SFCS.1977.32},
  doi          = {10.1109/SFCS.1977.32},
}

@inproceedings{McLean94,
  author       = {John McLean},
  title        = {A general theory of composition for trace sets closed under selective
                  interleaving functions},
  booktitle    = {{S\&P}'94},
  pages        = {79--93},
  _publisher    = {{IEEE} Computer Society},
  year         = {1994},
  _url          = {https://doi.org/10.1109/RISP.1994.296590},
  doi          = {10.1109/RISP.1994.296590},
}

@inproceedings{AminofKMMR19,
  author       = {Benjamin Aminof and
                  Marta Kwiatkowska and
                  Bastien Maubert and
                  Aniello Murano and
                  Sasha Rubin},
  _editor       = {Sarit Kraus},
  title        = {Probabilistic Strategy Logic},
  booktitle    = {{IJCAI}'19},
  pages        = {32--38},
  publisher    = {ijcai.org},
  year         = {2019},
  url          = {https://doi.org/10.24963/ijcai.2019/5},
  doi          = {10.24963/IJCAI.2019/5},
}
