@inproceedings{AbrahamBBD20,
  author    = {Erika {\'{A}}brah{\'{a}}m and
               Ezio Bartocci and
               Borzoo Bonakdarpour and
               Oyendrila Dobe},
  title     = {Probabilistic Hyperproperties with Nondeterminism},
  booktitle = {{ATVA}'19},
  _series    = {LNCS},
  _volume    = {12302},
  pages     = {518--534},
  _publisher = {Springer},
  year      = {2019},
  doi       = {10.1007/978-3-030-59152-6\_29}
}

@inproceedings{Andriushchenko022,
  author    = {Roman Andriushchenko and
               Milan Ceska and
               Sebastian Junges and
               Joost{-}Pieter Katoen},
  title     = {Inductive synthesis of finite-state controllers for POMDPs},
  booktitle = {{UAI}'22},
  pages     = {85--95},
  year      = {2022},
  _series    = {PMLR},
  _volume    = {180},
  _publisher = {{PMLR}}
}

@inproceedings{AndriushchenkoBCPS23,
  author       = {Roman Andriushchenko and
                  Ezio Bartocci and
                  Milan Ceska and
                  Francesco Pontiggia and
                  Sarah Sallinger},
  title        = {Deductive Controller Synthesis for Probabilistic Hyperproperties},
  booktitle    = {{QEST}'23},
  _series       = {LNCS},
  _volume       = {14287},
  pages        = {288--306},
  _publisher    = {Springer},
  year         = {2023},
  doi          = {10.1007/978-3-031-43835-6\_20},
}

@inproceedings{BeutnerF24aamas,
  author       = {Raven Beutner and
                  Bernd Finkbeiner},
  _editor       = {Mehdi Dastani and
                  Jaime Sim{\~{a}}o Sichman and
                  Natasha Alechina and
                  Virginia Dignum},
  title        = {Hyper Strategy Logic},
  booktitle    = {{AAMAS}'24},
  pages        = {189--197},
  _publisher    = {{ACM}},
  year         = {2024},
  _url          = {https://dl.acm.org/doi/10.5555/3635637.3662866},
  _doi          = {10.5555/3635637.3662866},
}

@inproceedings{BeutnerF24icaps,
  author       = {Raven Beutner and
                  Bernd Finkbeiner},
  _editor       = {Sara Bernardini and
                  Christian Muise},
  title        = {Non-deterministic Planning for Hyperproperty Verification},
  booktitle    = {{ICAPS}'24},
  pages        = {25--30},
  _publisher    = {{AAAI} Press},
  year         = {2024},
  doi          = {10.1609/ICAPS.V34I1.31457},
}

@inproceedings{CeskaJJK19,
  author    = {Milan Ceska and
               Nils Jansen and
               Sebastian Junges and
               Joost{-}Pieter Katoen},
  title     = {Shepherding Hordes of Markov Chains},
  booktitle = {{TACAS}'19},
  _series    = {LNCS},
  _volume    = {11428},
  pages     = {172--190},
  _publisher = {Springer},
  year      = {2019},
  doi       = {10.1007/978-3-030-17465-1\_10},
}

@inproceedings{ClarksonFKMRS14,
  author       = {Michael R. Clarkson and
                  Bernd Finkbeiner and
                  Masoud Koleini and
                  Kristopher K. Micinski and
                  Markus N. Rabe and
                  C{\'{e}}sar S{\'{a}}nchez},
  title        = {Temporal Logics for Hyperproperties},
  booktitle    = {{POST}'14},
  _series       = {LNCS},
  _volume       = {8414},
  pages        = {265--284},
  _publisher    = {Springer},
  year         = {2014},
  doi          = {10.1007/978-3-642-54792-8\_15}
}

@inproceedings{DimitrovaFT20,
  author    = {Rayna Dimitrova and
               Bernd Finkbeiner and
               Hazem Torfah},
  title     = {Probabilistic Hyperproperties of {M}arkov Decision Processes},
  booktitle = {{ATVA}'20},
  _series    = {LNCS},
  _volume    = {12302},
  pages     = {484--500},
  _publisher = {Springer},
  year      = {2020},
  doi       = {10.1007/978-3-030-59152-6\_27}
}

@inproceedings{DobeABB21,
  author    = {Oyendrila Dobe and
               Erika {\'{A}}brah{\'{a}}m and
               Ezio Bartocci and
               Borzoo Bonakdarpour},
  title     = {{HyperProb}: {A} Model Checker for Probabilistic Hyperproperties},
  booktitle = {{FM}'21},
  _series    = {LNCS},
  _volume    = {13047},
  pages     = {657--666},
  _publisher = {Springer},
  year      = {2021},
  doi       = {10.1007/978-3-030-90870-6\_35}
}

@inproceedings{DobeSBBLPW23,
  author       = {Oyendrila Dobe and
                  Stefan Schupp and
                  Ezio Bartocci and
                  Borzoo Bonakdarpour and
                  Axel Legay and
                  Miroslav Pajic and
                  Yu Wang},
  title        = {Lightweight Verification of Hyperproperties},
  booktitle    = {{ATVA}'23},
  _series       = {LNCS},
  _volume       = {14216},
  pages        = {3--25},
  _publisher    = {Springer},
  year         = {2023},
  doi          = {10.1007/978-3-031-45332-8\_1},
}

@inproceedings{McLean94,
  author       = {John McLean},
  title        = {A general theory of composition for trace sets closed under selective
                  interleaving functions},
  booktitle    = {{S\&P}'94},
  pages        = {79--93},
  _publisher    = {{IEEE} Computer Society},
  year         = {1994},
  _url          = {https://doi.org/10.1109/RISP.1994.296590},
  doi          = {10.1109/RISP.1994.296590},
}

@inproceedings{neary2021reward,
  title={Reward Machines for Cooperative Multi-Agent Reinforcement Learning},
  author={Neary, Cyrus and Xu, Zhe and Wu, Bo and Topcu, Ufuk},
  booktitle={AAMAS'21},
  pages={934--942},
  year={2021},
  doi = {10.5555/3463952.3464063},
}

@inproceedings{schuppe2021decentralized,
  title={Decentralized Multi-Agent Strategy Synthesis under LTLf Specifications via Exchange of Least-Limiting Advisers},
  author={Schuppe, Georg F. and Tumova, Jana},
  booktitle={{MRS}'21},
  year={2021},
  _organization={Institute of Electrical and Electronics Engineers (IEEE)},
  doi = {10.1109/MRS50823.2021.9620561},
}

@inproceedings{zhu2024decomposing,
  title={Decomposing Temporal Equilibrium Strategy for Coordinated Distributed Multi-Agent Reinforcement Learning},
  author={Zhu, Chenyang and Si, Wen and Zhu, Jinyu and Jiang, Zhihao},
  booktitle={AAAI'24},
  volume={38},
  number={16},
  pages={17618--17627},
  year={2024},
  doi = {10.1609/AAAI.V38I16.29713},
  _publisher = {{AAAI} Press},
}

