@article{Kashif2024resQNets,
  title={ResQNets: a residual approach for mitigating barren plateaus in quantum neural networks},
  author={Kashif, Muhammad and Al-Kuwari, Saif},
  journal={EPJ Quantum Technology},
  year={2024},
  publisher={Springer Berlin Heidelberg}
} % volume={11},number={1},pages={4}

@article{McClean2018landscapes,
  title={Barren plateaus in quantum neural network training landscapes},
  author={McClean, Jarrod R and Boixo, Sergio and Smelyanskiy, Vadim N and Babbush, Ryan and Neven, Hartmut},
  journal={Nature communications},
  volume={9},
  number={1},
  pages={4812},
  year={2018},
  publisher={Nature Publishing Group UK London}
}

@article{bharti2021simulator,
  title={Quantum-assisted simulator},
  author={Bharti, Kishor and Haug, Tobias},
  journal={Physical Review A},
  volume={104},
  number={4},
  pages={042418},
  year={2021},
  publisher={APS}
}

@article{cunningham2024investigating,
  title={Investigating and Mitigating Barren Plateaus in Variational Quantum Circuits: A Survey},
  author={Cunningham, Jack and Zhuang, Jun},
  journal={arXiv preprint arXiv:2407.17706},
  year={2024}
}

@article{du2022quantum,
  title={Quantum circuit architecture search for variational quantum algorithms},
  author={Du, Yuxuan and Huang, Tao and You, Shan and Hsieh, Min-Hsiu and Tao, Dacheng},
  journal={npj Quantum Information},
  volume={8},
  number={1},
  pages={62},
  year={2022},
  publisher={Nature Publishing Group UK London}
}

@article{grant2019initialization,
  title={An initialization strategy for addressing barren plateaus in parametrized quantum circuits},
  author={Grant, Edward and Wossnig, Leonard and Ostaszewski, Mateusz and Benedetti, Marcello},
  journal={Quantum},
  year={2019},
  publisher={Verein zur F{\"o}rderung des Open Access Publizierens in den Quantenwissenschaften}
} % volume={3}, pages={214}

@article{grimsley2023adaptive,
  title={Adaptive, problem-tailored variational quantum eigensolver mitigates rough parameter landscapes and barren plateaus},
  author={Grimsley, Harper R and Barron, George S and Barnes, Edwin and Economou, Sophia E and Mayhall, Nicholas J},
  journal={npj Quantum Information},
  volume={9},
  number={1},
  pages={19},
  year={2023},
  publisher={Nature Publishing Group UK London}
}

@article{heyraud2023estimation,
  title={Efficient estimation of trainability for variational quantum circuits},
  author={Heyraud, Valentin and Li, Zejian and Donatella, Kaelan and Le Boit{\'e}, Alexandre and Ciuti, Cristiano},
  journal={PRX Quantum},
  volume={4},
  number={4},
  pages={040335},
  year={2023},
  publisher={APS}
}

@inproceedings{li2021vsql,
  title={VSQL: Variational shadow quantum learning for classification},
  author={Li, Guangxi and Song, Zhixin and Wang, Xin},
  booktitle={Proceedings of the AAAI conference on artificial intelligence},
  year={2021}
} % volume={35},number={9},pages={8357--8365}

@article{liu2023mitigating,
  title={Mitigating barren plateaus with transfer-learning-inspired parameter initializations},
  author={Liu, Huan-Yu and Sun, Tai-Ping and Wu, Yu-Chun and Han, Yong-Jian and Guo, Guo-Ping},
  journal={New Journal of Physics},
  volume={25},
  number={1},
  pages={013039},
  year={2023},
  publisher={IOP Publishing}
}

@article{liu2024mitigating,
  title={Mitigating barren plateaus of variational quantum eigensolvers},
  author={Liu, Xia and Liu, Geng and Zhang, Hao-Kai and Huang, Jiaxin and Wang, Xin},
  journal={IEEE Transactions on Quantum Engineering},
  year={2024},
  publisher={IEEE}
}

@article{mele2022avoiding,
  title={Avoiding barren plateaus via transferability of smooth solutions in a Hamiltonian variational ansatz},
  author={Mele, Antonio A and Mbeng, Glen B and Santoro, Giuseppe E and Collura, Mario and Torta, Pietro},
  journal={Physical Review A},
  volume={106},
  number={6},
  pages={L060401},
  year={2022},
  publisher={APS}
}

@article{ostaszewski2021structure,
  title={Structure optimization for parameterized quantum circuits},
  author={Ostaszewski, Mateusz and Grant, Edward and Benedetti, Marcello},
  journal={Quantum},
  volume={5},
  pages={391},
  year={2021},
  publisher={Verein zur F{\"o}rderung des Open Access Publizierens in den Quantenwissenschaften}
}

@article{park2024hamiltonian,
  title={Hamiltonian variational ansatz without barren plateaus},
  author={Park, Chae-Yeun and Killoran, Nathan},
  journal={Quantum},
  volume={8},
  pages={1239},
  year={2024},
  publisher={Verein zur F{\"o}rderung des Open Access Publizierens in den Quantenwissenschaften}
}

@article{qi2023barren,
  title={The barren plateaus of quantum neural networks: review, taxonomy and trends},
  author={Qi, Han and Wang, Lei and Zhu, Hongsheng and Gani, Abdullah and Gong, Changqing},
  journal={Quantum Information Processing},
  volume={22},
  number={12},
  pages={435},
  year={2023},
  publisher={Springer}
}

@article{rappaport2023measurement,
   title={Measurement-induced landscape transitions in hybrid variational quantum circuits},
   author={Rappaport, Sonny and Gyawali, Gaurav and Sereno, Tiago and Lawler, Michael J},
   journal={arXiv preprint arXiv:2312.09135},
   year={2023}
}

@article{sack2022avoiding,
  title={Avoiding barren plateaus using classical shadows},
  author={Sack, Stefan H and Medina, Raimel A and Michailidis, Alexios A and Kueng, Richard and Serbyn, Maksym},
  journal={PRX Quantum},
  volume={3},
  number={2},
  pages={020365},
  year={2022},
  publisher={APS}
}

@article{sannia2024engineered,
  title={Engineered dissipation to mitigate barren plateaus},
  author={Sannia, Antonio and Tacchino, Francesco and Tavernelli, Ivano and Giorgi, Gian Luca and Zambrini, Roberta},
  journal={npj Quantum Information},
  volume={10},
  number={1},
  pages={81},
  year={2024},
  publisher={Nature Publishing Group UK London}
}

@article{selvarajan2023dimensionality,
   title={Dimensionality reduction with variational encoders based on subsystem purification},
   author={Selvarajan, Raja and Sajjan, Manas and Humble, Travis S and Kais, Sabre},
   journal={Mathematics},
   year={2023},
   publisher={MDPI}
} % volume={11},number={22},pages={4678}

@inproceedings{suzuki2021normalized,
  title={Normalized gradient descent for variational quantum algorithms},
  author={Suzuki, Yudai and Yano, Hiroshi and Raymond, Rudy and Yamamoto, Naoki},
  booktitle={2021 IEEE International Conference on Quantum Computing and Engineering (QCE)},
  pages={1--9},
  year={2021},
  organization={IEEE}
}

@article{tuysuz2023classical,
  title={Classical splitting of parametrized quantum circuits},
  author={T{\"u}ys{\"u}z, Cenk and Clemente, Giuseppe and Crippa, Arianna and Hartung, Tobias and K{\"u}hn, Stefan and Jansen, Karl},
  journal={Quantum Machine Intelligence},
  year={2023},
  publisher={Springer}
} % volume={5},number={2},pages={34}

@article{zhuang2024improving,
  title={Improving Trainability of Variational Quantum Circuits via Regularization Strategies},
  author={Zhuang, Jun and Cunningham, Jack and Guan, Chaowen},
  journal={arXiv preprint arXiv:2405.01606},
  year={2024}
}

