% Reference
%%%%%%%%%% Introduction %%%%%%%%%%
@article{McClean2018landscapes,
  title={Barren plateaus in quantum neural network training landscapes},
  author={McClean, Jarrod R and Boixo, Sergio and Smelyanskiy, Vadim N and Babbush, Ryan and Neven, Hartmut},
  journal={Nature communications},
  volume={9},
  number={1},
  pages={4812},
  year={2018},
  publisher={Nature Publishing Group UK London}
}
@article{preskill2018quantum,
  title={Quantum computing in the NISQ era and beyond},
  author={Preskill, John},
  journal={Quantum},
  volume={2},
  pages={79},
  year={2018},
  publisher={Verein zur F{\"o}rderung des Open Access Publizierens in den Quantenwissenschaften}
}
@inproceedings{stein2021qugan,
  title={Qugan: A quantum state fidelity based generative adversarial network},
  author={Stein, Samuel A and Baheri, Betis and Chen, Daniel and Mao, Ying and Guan, Qiang and Li, Ang and Fang, Bo and Xu, Shuai},
  booktitle={2021 IEEE International Conference on Quantum Computing and Engineering (QCE)},
  pages={71--81},
  year={2021},
  organization={IEEE}
}
@article{liang2024napa,
  title={NAPA: intermediate-level variational native-pulse ansatz for variational quantum algorithms},
  author={Liang, Zhiding and Cheng, Jinglei and Ren, Hang and Wang, Hanrui and Hua, Fei and Song, Zhixin and Ding, Yongshan and Chong, Frederic T and Han, Song and Qian, Xuehai and others},
  journal={IEEE Transactions on Computer-Aided Design of Integrated Circuits and Systems},
  year={2024},
  publisher={IEEE}
}
@article{chen2022quantum,
  title={Quantum convolutional neural networks for high energy physics data analysis},
  author={Chen, Samuel Yen-Chi and Wei, Tzu-Chieh and Zhang, Chao and Yu, Haiwang and Yoo, Shinjae},
  journal={Physical Review Research},
  volume={4},
  number={1},
  pages={013231},
  year={2022},
  publisher={APS}
}
@article{liang2023unleashing,
  title={Unleashing the potential of llms for quantum computing: A study in quantum architecture design},
  author={Liang, Zhiding and Cheng, Jinglei and Yang, Rui and Ren, Hang and Song, Zhixin and Wu, Di and Qian, Xuehai and Li, Tongyang and Shi, Yiyu},
  journal={arXiv preprint arXiv:2307.08191},
  year={2023}
}
@misc{pham2024word,
      title={Word Definitions from Large Language Models}, 
      author={Bach Pham and JuiHsuan Wong and Samuel Kim and Yunting Yin and Steven Skiena},
      year={2024},
      eprint={2311.06362},
      archivePrefix={arXiv},
      primaryClass={cs.CL},
      url={https://arxiv.org/abs/2311.06362}, 
}
@inproceedings{wang2024enhancing,
  title={Enhancing Image-Text Matching with Adaptive Feature Aggregation},
  author={Wang, Zuhui and Yin, Yunting and Ramakrishnan, IV},
  booktitle={ICASSP 2024-2024 IEEE International Conference on Acoustics, Speech and Signal Processing (ICASSP)},
  pages={8245--8249},
  year={2024},
  organization={IEEE}
}

%%%%%%%%%% Related Work %%%%%%%%%%
@article{qi2023barren,
  title={The barren plateaus of quantum neural networks: review, taxonomy and trends},
  author={Qi, Han and Wang, Lei and Zhu, Hongsheng and Gani, Abdullah and Gong, Changqing},
  journal={Quantum Information Processing},
  volume={22},
  number={12},
  pages={435},
  year={2023},
  publisher={Springer}
}
@article{cunningham2024investigating,
  title={Investigating and Mitigating Barren Plateaus in Variational Quantum Circuits: A Survey},
  author={Cunningham, Jack and Zhuang, Jun},
  journal={arXiv preprint arXiv:2407.17706},
  year={2024}
}
% Initialization-based strategies
@article{grant2019initialization,
  title={An initialization strategy for addressing barren plateaus in parametrized quantum circuits},
  author={Grant, Edward and Wossnig, Leonard and Ostaszewski, Mateusz and Benedetti, Marcello},
  journal={Quantum},
  year={2019},
  publisher={Verein zur F{\"o}rderung des Open Access Publizierens in den Quantenwissenschaften}
} % volume={3}, pages={214},
@article{sauvage2021flip,
  title={Flip: A flexible initializer for arbitrarily-sized parametrized quantum circuits},
  author={Sauvage, Frederic and Sim, Sukin and Kunitsa, Alexander A and Simon, William A and Mauri, Marta and Perdomo-Ortiz, Alejandro},
  journal={arXiv preprint arXiv:2103.08572},
  year={2021}
}
@article{sack2022avoiding,
  title={Avoiding barren plateaus using classical shadows},
  author={Sack, Stefan H and Medina, Raimel A and Michailidis, Alexios A and Kueng, Richard and Serbyn, Maksym},
  journal={PRX Quantum},
  volume={3},
  number={2},
  pages={020365},
  year={2022},
  publisher={APS}
}
@article{rad2022surviving,
  title={Surviving the barren plateau in variational quantum circuits with bayesian learning initialization},
  author={Rad, Ali and Seif, Alireza and Linke, Norbert M},
  journal={arXiv preprint arXiv:2203.02464},
  year={2022}
}
@inproceedings{kulshrestha2022beinit,
  title={Beinit: Avoiding barren plateaus in variational quantum algorithms},
  author={Kulshrestha, Ankit and Safro, Ilya},
  booktitle={2022 IEEE international conference on quantum computing and engineering (QCE)},
  pages={197--203},
  year={2022},
  organization={IEEE}
}
@article{friedrich2022avoiding,
  title={Avoiding barren plateaus with classical deep neural networks},
  author={Friedrich, Lucas and Maziero, Jonas},
  journal={Physical Review A},
  volume={106},
  number={4},
  pages={042433},
  year={2022},
  publisher={APS}
}
@article{mele2022avoiding,
  title={Avoiding barren plateaus via transferability of smooth solutions in a Hamiltonian variational ansatz},
  author={Mele, Antonio A and Mbeng, Glen B and Santoro, Giuseppe E and Collura, Mario and Torta, Pietro},
  journal={Physical Review A},
  volume={106},
  number={6},
  pages={L060401},
  year={2022},
  publisher={APS}
}
@article{zhang2022escaping,
  title={Escaping from the barren plateau via gaussian initializations in deep variational quantum circuits},
  author={Zhang, Kaining and Liu, Liu and Hsieh, Min-Hsiu and Tao, Dacheng},
  journal={Advances in Neural Information Processing Systems},
  year={2022}
} %volume={35},pages={18612--18627},
@article{grimsley2023adaptive,
  title={Adaptive, problem-tailored variational quantum eigensolver mitigates rough parameter landscapes and barren plateaus},
  author={Grimsley, Harper R and Barron, George S and Barnes, Edwin and Economou, Sophia E and Mayhall, Nicholas J},
  journal={npj Quantum Information},
  volume={9},
  number={1},
  pages={19},
  year={2023},
  publisher={Nature Publishing Group UK London}
}
@article{liu2023mitigating,
  title={Mitigating barren plateaus with transfer-learning-inspired parameter initializations},
  author={Liu, Huan-Yu and Sun, Tai-Ping and Wu, Yu-Chun and Han, Yong-Jian and Guo, Guo-Ping},
  journal={New Journal of Physics},
  volume={25},
  number={1},
  pages={013039},
  year={2023},
  publisher={IOP Publishing}
}
@article{park2024hamiltonian,
  title={Hamiltonian variational ansatz without barren plateaus},
  author={Park, Chae-Yeun and Killoran, Nathan},
  journal={Quantum},
  volume={8},
  pages={1239},
  year={2024},
  publisher={Verein zur F{\"o}rderung des Open Access Publizierens in den Quantenwissenschaften}
}

% Optimization-based strategies
@article{ostaszewski2021structure,
  title={Structure optimization for parameterized quantum circuits},
  author={Ostaszewski, Mateusz and Grant, Edward and Benedetti, Marcello},
  journal={Quantum},
  volume={5},
  pages={391},
  year={2021},
  publisher={Verein zur F{\"o}rderung des Open Access Publizierens in den Quantenwissenschaften}
}
@article{haug2021optimal,
  title={Optimal training of variational quantum algorithms without barren plateaus},
  author={Haug, Tobias and Kim, MS},
  journal={arXiv preprint arXiv:2104.14543},
  year={2021}
}
@inproceedings{suzuki2021normalized,
  title={Normalized gradient descent for variational quantum algorithms},
  author={Suzuki, Yudai and Yano, Hiroshi and Raymond, Rudy and Yamamoto, Naoki},
  booktitle={2021 IEEE International Conference on Quantum Computing and Engineering (QCE)},
  pages={1--9},
  year={2021},
  organization={IEEE}
}
@article{wu2021mitigating,
  title={Mitigating noise-induced gradient vanishing in variational quantum algorithm training},
  author={Wu, Anbang and Li, Gushu and Ding, Yufei and Xie, Yuan},
  journal={arXiv preprint arXiv:2111.13209},
  year={2021}
}
@article{heyraud2023estimation,
  title={Efficient estimation of trainability for variational quantum circuits},
  author={Heyraud, Valentin and Li, Zejian and Donatella, Kaelan and Le Boit{\'e}, Alexandre and Ciuti, Cristiano},
  journal={PRX Quantum},
  volume={4},
  number={4},
  pages={040335},
  year={2023},
  publisher={APS}
}
@article{liu2024mitigating,
  title={Mitigating barren plateaus of variational quantum eigensolvers},
  author={Liu, Xia and Liu, Geng and Zhang, Hao-Kai and Huang, Jiaxin and Wang, Xin},
  journal={IEEE Transactions on Quantum Engineering},
  year={2024},
  publisher={IEEE}
}
@article{gharibyan2023hierarchical,
  title={Hierarchical Learning for Quantum ML: Novel Training Technique for Large-Scale Variational Quantum Circuits},
  author={Gharibyan, Hrant and Su, Vincent and Tepanyan, Hayk},
  journal={arXiv preprint arXiv:2311.12929},
  year={2023}
}
@article{sannia2024engineered,
  title={Engineered dissipation to mitigate barren plateaus},
  author={Sannia, Antonio and Tacchino, Francesco and Tavernelli, Ivano and Giorgi, Gian Luca and Zambrini, Roberta},
  journal={npj Quantum Information},
  volume={10},
  number={1},
  pages={81},
  year={2024},
  publisher={Nature Publishing Group UK London}
}
@article{sciorilli2024towards,
  title={Towards large-scale quantum optimization solvers with few qubits},
  author={Sciorilli, Marco and Borges, Lucas and Patti, Taylor L and Garc{\'\i}a-Mart{\'\i}n, Diego and Camilo, Giancarlo and Anandkumar, Anima and Aolita, Leandro},
  journal={arXiv preprint arXiv:2401.09421},
  year={2024}
}
@article{falla2024graph,
  title={Graph Representation Learning for Parameter Transferability in Quantum Approximate Optimization Algorithm},
  author={Falla, Jose and Langfitt, Quinn and Alexeev, Yuri and Safro, Ilya},
  journal={arXiv preprint arXiv:2401.06655},
  year={2024}
}

% Model-based strategies
@inproceedings{li2021vsql,
  title={VSQL: Variational shadow quantum learning for classification},
  author={Li, Guangxi and Song, Zhixin and Wang, Xin},
  booktitle={Proceedings of the AAAI conference on artificial intelligence},
  year={2021}
} % volume={35},number={9},pages={8357--8365},
@article{bharti2021simulator,
  title={Quantum-assisted simulator},
  author={Bharti, Kishor and Haug, Tobias},
  journal={Physical Review A},
  volume={104},
  number={4},
  pages={042418},
  year={2021},
  publisher={APS}
}
@article{du2022quantum,
  title={Quantum circuit architecture search for variational quantum algorithms},
  author={Du, Yuxuan and Huang, Tao and You, Shan and Hsieh, Min-Hsiu and Tao, Dacheng},
  journal={npj Quantum Information},
  volume={8},
  number={1},
  pages={62},
  year={2022},
  publisher={Nature Publishing Group UK London}
}
@article{selvarajan2023dimensionality,
   title={Dimensionality reduction with variational encoders based on subsystem purification},
   author={Selvarajan, Raja and Sajjan, Manas and Humble, Travis S and Kais, Sabre},
   journal={Mathematics},
   year={2023},
   publisher={MDPI}
} % volume={11},number={22},pages={4678},
@misc{zhang2022quark,
   title={Quark: A Gradient-Free Quantum Learning Framework for Classification Tasks}, 
   author={Zhihao Zhang and Zhuoming Chen and Heyang Huang and Zhihao Jia},
   year={2022},
   eprint={2210.01311},
   archivePrefix={arXiv},
   primaryClass={quant-ph}
}
@article{tuysuz2023classical,
  title={Classical splitting of parametrized quantum circuits},
  author={T{\"u}ys{\"u}z, Cenk and Clemente, Giuseppe and Crippa, Arianna and Hartung, Tobias and K{\"u}hn, Stefan and Jansen, Karl},
  journal={Quantum Machine Intelligence},
  year={2023},
  publisher={Springer}
} % volume={5},number={2},pages={34},
@article{Kashif2024resQNets,
  title={ResQNets: a residual approach for mitigating barren plateaus in quantum neural networks},
  author={Kashif, Muhammad and Al-Kuwari, Saif},
  journal={EPJ Quantum Technology},
  year={2024},
  publisher={Springer Berlin Heidelberg}
} % volume={11},number={1},pages={4},
@article{shin2024layerwise,
   title={Layerwise Quantum Convolutional Neural Networks Provide a Unified Way for Estimating Fundamental Properties of Quantum Information Theory},
   author={Shin, Myeongjin and Lee, Seungwoo and Lee, Mingyu and Ji, Donghwa and Yeo, Hyeonjun and Lee, Harrison J and Jeong, Kabgyun},
   journal={arXiv preprint arXiv:2401.07716},
   year={2024}
}

% Regularization-based Strategies
@article{zhuang2024improving,
  title={Improving Trainability of Variational Quantum Circuits via Regularization Strategies},
  author={Zhuang, Jun and Cunningham, Jack and Guan, Chaowen},
  journal={arXiv preprint arXiv:2405.01606},
  year={2024}
}

% Measurement-based strategies
@article{rappaport2023measurement,
   title={Measurement-induced landscape transitions in hybrid variational quantum circuits},
   author={Rappaport, Sonny and Gyawali, Gaurav and Sereno, Tiago and Lawler, Michael J},
   journal={arXiv preprint arXiv:2312.09135},
   year={2023}
}

%%%%%%%%%% Martingale %%%%%%%%%%
@book{williams1991probability,
  title={Probability with martingales},
  author={Williams, David},
  year={1991},
  publisher={Cambridge university press}
}

%%%%%%%%%% LLMs %%%%%%%%%%
@article{achiam2023gpt,
  title={Gpt-4 technical report},
  author={Achiam, Josh and Adler, Steven and Agarwal, Sandhini and Ahmad, Lama and Akkaya, Ilge and Aleman, Florencia Leoni and Almeida, Diogo and Altenschmidt, Janko and Altman, Sam and Anadkat, Shyamal and others},
  journal={arXiv preprint arXiv:2303.08774},
  year={2023}
}
@article{dubey2024llama,
  title={The llama 3 herd of models},
  author={Dubey, Abhimanyu and Jauhri, Abhinav and Pandey, Abhinav and Kadian, Abhishek and Al-Dahle, Ahmad and Letman, Aiesha and Mathur, Akhil and Schelten, Alan and Yang, Amy and Fan, Angela and others},
  journal={arXiv preprint arXiv:2407.21783},
  year={2024}
}
@article{hurst2024gpt,
  title={Gpt-4o system card},
  author={Hurst, Aaron and Lerer, Adam and Goucher, Adam P and Perelman, Adam and Ramesh, Aditya and Clark, Aidan and Ostrow, AJ and Welihinda, Akila and Hayes, Alan and Radford, Alec and others},
  journal={arXiv preprint arXiv:2410.21276},
  year={2024}
}
@article{team2024gemini,
  title={Gemini 1.5: Unlocking multimodal understanding across millions of tokens of context},
  author={Team, Gemini and Georgiev, Petko and Lei, Ving Ian and Burnell, Ryan and Bai, Libin and Gulati, Anmol and Tanzer, Garrett and Vincent, Damien and Pan, Zhufeng and Wang, Shibo and others},
  journal={arXiv preprint arXiv:2403.05530},
  year={2024}
}
@misc{anthropic2024claude35sonnet,
  title={Introducing Claude 3.5 Sonnet},
  author={Anthropic},
  year={2024},
  month={June},
  day={21},
  url={https://www.anthropic.com/news/claude-3-5-sonnet},
  note={Accessed: 2025-02-15}
}
