@article{alias2021neural,
  title={Neural production systems},
  author={Anirudh, Goyal and Didolkar, Aniket and Ke, Nan Rosemary and Blundell, Charles and Beaudoin, Philippe and Heess, Nicolas and Mozer, Michael C and Bengio, Yoshua},
  journal={Advances in Neural Information Processing Systems},
  volume={34},
  pages={25673--25687},
  year={2021}
}

@article{bengio2013representation,
  title={Representation learning: A review and new perspectives},
  author={Bengio, Yoshua and Courville, Aaron and Vincent, Pascal},
  journal={IEEE transactions on pattern analysis and machine intelligence},
  volume={35},
  number={8},
  pages={1798--1828},
  year={2013},
  publisher={IEEE}
}

@inproceedings{chen2023improving,
  title={Improving masked autoencoders by learning where to mask},
  author={Chen, Haijian and Zhang, Wendong and Wang, Yunbo and Yang, Xiaokang},
  booktitle={Chinese Conference on Pattern Recognition and Computer Vision (PRCV)},
  pages={377--390},
  year={2023},
  organization={Springer}
}

@article{du2020compositional,
  title={Compositional visual generation with energy based models},
  author={Du, Yilun and Li, Shuang and Mordatch, Igor},
  journal={Advances in Neural Information Processing Systems},
  volume={33},
  pages={6637--6647},
  year={2020}
}

@article{fu2024rethinking,
  title={Rethinking Patch Dependence for Masked Autoencoders},
  author={Fu, Letian and Lian, Long and Wang, Renhao and Shi, Baifeng and Wang, Xudong and Yala, Adam and Darrell, Trevor and Efros, Alexei A and Goldberg, Ken},
  journal={arXiv preprint arXiv:2401.14391},
  year={2024}
}

@article{harkonen2020ganspace,
  title={Ganspace: Discovering interpretable gan controls},
  author={H{\"a}rk{\"o}nen, Erik and Hertzmann, Aaron and Lehtinen, Jaakko and Paris, Sylvain},
  journal={Advances in neural information processing systems},
  volume={33},
  pages={9841--9850},
  year={2020}
}

@inproceedings{he2022masked,
  title={Masked autoencoders are scalable vision learners},
  author={He, Kaiming and Chen, Xinlei and Xie, Saining and Li, Yanghao and Doll{\'a}r, Piotr and Girshick, Ross},
  booktitle={Proceedings of the IEEE/CVF conference on computer vision and pattern recognition},
  pages={16000--16009},
  year={2022}
}

@article{higgins2017beta,
  title={beta-vae: Learning basic visual concepts with a constrained variational framework.},
  author={Higgins, Irina and Matthey, Loic and Pal, Arka and Burgess, Christopher P and Glorot, Xavier and Botvinick, Matthew M and Mohamed, Shakir and Lerchner, Alexander},
  journal={ICLR (Poster)},
  volume={3},
  year={2017}
}

@inproceedings{ismail2023concept,
  title={Concept bottleneck generative models},
  author={Ismail, Aya Abdelsalam and Adebayo, Julius and Bravo, Hector Corrada and Ra, Stephen and Cho, Kyunghyun},
  booktitle={The Twelfth International Conference on Learning Representations},
  year={2023}
}

@inproceedings{kim2018disentangling,
  title={Disentangling by factorising},
  author={Kim, Hyunjik and Mnih, Andriy},
  booktitle={International conference on machine learning},
  pages={2649--2658},
  year={2018},
  organization={PMLR}
}

@inproceedings{koh2020concept,
  title={Concept bottleneck models},
  author={Koh, Pang Wei and Nguyen, Thao and Tang, Yew Siang and Mussmann, Stephen and Pierson, Emma and Kim, Been and Liang, Percy},
  booktitle={International conference on machine learning},
  pages={5338--5348},
  year={2020},
  organization={PMLR}
}

@inproceedings{li2022energy,
  title={Energy-based models for continual learning},
  author={Li, Shuang and Du, Yilun and Van de Ven, Gido and Mordatch, Igor},
  booktitle={Conference on lifelong learning agents},
  pages={1--22},
  year={2022},
  organization={PMLR}
}

@inproceedings{liu2015faceattributes,
  title = {Deep Learning Face Attributes in the Wild},
  author = {Liu, Ziwei and Luo, Ping and Wang, Xiaogang and Tang, Xiaoou},
  booktitle = {Proceedings of International Conference on Computer Vision (ICCV)},
  month = {December},
  year = {2015} 
}

@inproceedings{locatello2019challenging,
  title={Challenging common assumptions in the unsupervised learning of disentangled representations},
  author={Locatello, Francesco and Bauer, Stefan and Lucic, Mario and Raetsch, Gunnar and Gelly, Sylvain and Sch{\"o}lkopf, Bernhard and Bachem, Olivier},
  booktitle={international conference on machine learning},
  pages={4114--4124},
  year={2019},
  organization={PMLR}
}

@article{oikarinen2023label,
  title={Label-free concept bottleneck models},
  author={Oikarinen, Tuomas and Das, Subhro and Nguyen, Lam M and Weng, Tsui-Wei},
  journal={arXiv preprint arXiv:2304.06129},
  year={2023}
}

@article{sun2023associative,
  title={Associative Transformer Is A Sparse Representation Learner},
  author={Sun, Yuwei and Ochiai, Hideya and Wu, Zhirong and Lin, Stephen and Kanai, Ryota},
  journal={arXiv preprint arXiv:2309.12862},
  year={2023}
}

@article{yang2022visual,
  title={Visual concepts tokenization},
  author={Yang, Tao and Wang, Yuwang and Lu, Yan and Zheng, Nanning},
  journal={Advances in Neural Information Processing Systems},
  volume={35},
  pages={31571--31582},
  year={2022}
}

@inproceedings{yang2023language,
  title={Language in a bottle: Language model guided concept bottlenecks for interpretable image classification},
  author={Yang, Yue and Panagopoulou, Artemis and Zhou, Shenghao and Jin, Daniel and Callison-Burch, Chris and Yatskar, Mark},
  booktitle={Proceedings of the IEEE/CVF Conference on Computer Vision and Pattern Recognition},
  pages={19187--19197},
  year={2023}
}

@article{yue2023understanding,
  title={Understanding Masked Autoencoders From a Local Contrastive Perspective},
  author={Yue, Xiaoyu and Bai, Lei and Wei, Meng and Pang, Jiangmiao and Liu, Xihui and Zhou, Luping and Ouyang, Wanli},
  journal={arXiv preprint arXiv:2310.01994},
  year={2023}
}

@article{yuksekgonul2022post,
  title={Post-hoc concept bottleneck models},
  author={Yuksekgonul, Mert and Wang, Maggie and Zou, James},
  journal={arXiv preprint arXiv:2205.15480},
  year={2022}
}

@article{zheng2023fast,
  title={Fast training of diffusion models with masked transformers},
  author={Zheng, Hongkai and Nie, Weili and Vahdat, Arash and Anandkumar, Anima},
  journal={arXiv preprint arXiv:2306.09305},
  year={2023}
}

