@inproceedings{purushwalkam2019task,
  title={Task-driven modular networks for zero-shot compositional learning},
  author={Purushwalkam, Senthil and Nickel, Maximilian and Gupta, Abhinav and Ranzato, Marc'Aurelio},
  booktitle={Proceedings of the IEEE/CVF International Conference on Computer Vision},
  pages={3593--3602},
  year={2019}
}

@article{nayak2022learning,
  title={Learning to compose soft prompts for compositional zero-shot learning},
  author={Nayak, Nihal V and Yu, Peilin and Bach, Stephen H},
  journal={arXiv preprint arXiv:2204.03574},
  year={2022}
}

@inproceedings{chen2023improving,
  title={Improving masked autoencoders by learning where to mask},
  author={Chen, Haijian and Zhang, Wendong and Wang, Yunbo and Yang, Xiaokang},
  booktitle={Chinese Conference on Pattern Recognition and Computer Vision (PRCV)},
  pages={377--390},
  year={2023},
  organization={Springer}
}

@article{yue2023understanding,
  title={Understanding Masked Autoencoders From a Local Contrastive Perspective},
  author={Yue, Xiaoyu and Bai, Lei and Wei, Meng and Pang, Jiangmiao and Liu, Xihui and Zhou, Luping and Ouyang, Wanli},
  journal={arXiv preprint arXiv:2310.01994},
  year={2023}
}

@article{fu2024rethinking,
  title={Rethinking Patch Dependence for Masked Autoencoders},
  author={Fu, Letian and Lian, Long and Wang, Renhao and Shi, Baifeng and Wang, Xudong and Yala, Adam and Darrell, Trevor and Efros, Alexei A and Goldberg, Ken},
  journal={arXiv preprint arXiv:2401.14391},
  year={2024}
}


@article{heusel2017gans,
  title={Gans trained by a two time-scale update rule converge to a local nash equilibrium},
  author={Heusel, Martin and Ramsauer, Hubert and Unterthiner, Thomas and Nessler, Bernhard and Hochreiter, Sepp},
  journal={Advances in neural information processing systems},
  volume={30},
  year={2017}
}

@article{mao2019neuro,
  title={The neuro-symbolic concept learner: Interpreting scenes, words, and sentences from natural supervision},
  author={Mao, Jiayuan and Gan, Chuang and Kohli, Pushmeet and Tenenbaum, Joshua B and Wu, Jiajun},
  journal={arXiv preprint arXiv:1904.12584},
  year={2019}
}

@inproceedings{radford2021learning,
  title={Learning transferable visual models from natural language supervision},
  author={Radford, Alec and Kim, Jong Wook and Hallacy, Chris and Ramesh, Aditya and Goh, Gabriel and Agarwal, Sandhini and Sastry, Girish and Askell, Amanda and Mishkin, Pamela and Clark, Jack and others},
  booktitle={International conference on machine learning},
  pages={8748--8763},
  year={2021},
  organization={PMLR}
}

@inproceedings{eastwood2018framework,
  title={A framework for the quantitative evaluation of disentangled representations},
  author={Eastwood, Cian and Williams, Christopher KI},
  booktitle={6th International Conference on Learning Representations},
  year={2018}
}


@article{hendrycks2016gaussian,
  title={Gaussian error linear units (gelus)},
  author={Hendrycks, Dan and Gimpel, Kevin},
  journal={arXiv preprint arXiv:1606.08415},
  year={2016}
}

@article{harkonen2020ganspace,
  title={Ganspace: Discovering interpretable gan controls},
  author={H{\"a}rk{\"o}nen, Erik and Hertzmann, Aaron and Lehtinen, Jaakko and Paris, Sylvain},
  journal={Advances in neural information processing systems},
  volume={33},
  pages={9841--9850},
  year={2020}
}

@inproceedings{locatello2019challenging,
  title={Challenging common assumptions in the unsupervised learning of disentangled representations},
  author={Locatello, Francesco and Bauer, Stefan and Lucic, Mario and Raetsch, Gunnar and Gelly, Sylvain and Sch{\"o}lkopf, Bernhard and Bachem, Olivier},
  booktitle={international conference on machine learning},
  pages={4114--4124},
  year={2019},
  organization={PMLR}
}

@article{zheng2023fast,
  title={Fast training of diffusion models with masked transformers},
  author={Zheng, Hongkai and Nie, Weili and Vahdat, Arash and Anandkumar, Anima},
  journal={arXiv preprint arXiv:2306.09305},
  year={2023}
}

@article{sun2023associative,
  title={Associative Transformer Is A Sparse Representation Learner},
  author={Sun, Yuwei and Ochiai, Hideya and Wu, Zhirong and Lin, Stephen and Kanai, Ryota},
  journal={arXiv preprint arXiv:2309.12862},
  year={2023}
}

@article{locatello2020object,
  title={Object-centric learning with slot attention},
  author={Locatello, Francesco and Weissenborn, Dirk and Unterthiner, Thomas and Mahendran, Aravindh and Heigold, Georg and Uszkoreit, Jakob and Dosovitskiy, Alexey and Kipf, Thomas},
  journal={Advances in neural information processing systems},
  volume={33},
  pages={11525--11538},
  year={2020}
}

@inproceedings{li2022energy,
  title={Energy-based models for continual learning},
  author={Li, Shuang and Du, Yilun and Van de Ven, Gido and Mordatch, Igor},
  booktitle={Conference on lifelong learning agents},
  pages={1--22},
  year={2022},
  organization={PMLR}
}

@article{alias2021neural,
  title={Neural production systems},
  author={Anirudh, Goyal and Didolkar, Aniket and Ke, Nan Rosemary and Blundell, Charles and Beaudoin, Philippe and Heess, Nicolas and Mozer, Michael C and Bengio, Yoshua},
  journal={Advances in Neural Information Processing Systems},
  volume={34},
  pages={25673--25687},
  year={2021}
}

@article{vanrullen2021deep,
  title={Deep learning and the global workspace theory},
  author={VanRullen, Rufin and Kanai, Ryota},
  journal={Trends in Neurosciences},
  volume={44},
  number={9},
  pages={692--704},
  year={2021},
  publisher={Elsevier}
}

@article{han2019visual,
  title={Visual concept-metaconcept learning},
  author={Han, Chi and Mao, Jiayuan and Gan, Chuang and Tenenbaum, Josh and Wu, Jiajun},
  journal={Advances in Neural Information Processing Systems},
  volume={32},
  year={2019}
}

@article{pfeiffer2020adapterfusion,
  title={Adapterfusion: Non-destructive task composition for transfer learning},
  author={Pfeiffer, Jonas and Kamath, Aishwarya and R{\"u}ckl{\'e}, Andreas and Cho, Kyunghyun and Gurevych, Iryna},
  journal={arXiv preprint arXiv:2005.00247},
  year={2020}
}

@article{agarwal2021neural,
  title={Neural additive models: Interpretable machine learning with neural nets},
  author={Agarwal, Rishabh and Melnick, Levi and Frosst, Nicholas and Zhang, Xuezhou and Lengerich, Ben and Caruana, Rich and Hinton, Geoffrey E},
  journal={Advances in neural information processing systems},
  volume={34},
  pages={4699--4711},
  year={2021}
}

@article{soviany2022curriculum,
  title={Curriculum learning: A survey},
  author={Soviany, Petru and Ionescu, Radu Tudor and Rota, Paolo and Sebe, Nicu},
  journal={International Journal of Computer Vision},
  volume={130},
  number={6},
  pages={1526--1565},
  year={2022},
  publisher={Springer}
}

@article{yang2021towards,
  title={Towards building a group-based unsupervised representation disentanglement framework},
  author={Yang, Tao and Ren, Xuanchi and Wang, Yuwang and Zeng, Wenjun and Zheng, Nanning},
  journal={arXiv preprint arXiv:2102.10303},
  year={2021}
}

@article{soviany2022curriculum,
  title={Curriculum learning: A survey},
  author={Soviany, Petru and Ionescu, Radu Tudor and Rota, Paolo and Sebe, Nicu},
  journal={International Journal of Computer Vision},
  volume={130},
  number={6},
  pages={1526--1565},
  year={2022},
  publisher={Springer}
}

@article{ren2021learning,
  title={Learning disentangled representation by exploiting pretrained generative models: A contrastive learning view},
  author={Ren, Xuanchi and Yang, Tao and Wang, Yuwang and Zeng, Wenjun},
  journal={arXiv preprint arXiv:2102.10543},
  year={2021}
}

@article{kumar2017variational,
  title={Variational inference of disentangled latent concepts from unlabeled observations},
  author={Kumar, Abhishek and Sattigeri, Prasanna and Balakrishnan, Avinash},
  journal={arXiv preprint arXiv:1711.00848},
  year={2017}
}

@inproceedings{kim2018disentangling,
  title={Disentangling by factorising},
  author={Kim, Hyunjik and Mnih, Andriy},
  booktitle={International conference on machine learning},
  pages={2649--2658},
  year={2018},
  organization={PMLR}
}

@article{higgins2017beta,
  title={beta-vae: Learning basic visual concepts with a constrained variational framework.},
  author={Higgins, Irina and Matthey, Loic and Pal, Arka and Burgess, Christopher P and Glorot, Xavier and Botvinick, Matthew M and Mohamed, Shakir and Lerchner, Alexander},
  journal={ICLR (Poster)},
  volume={3},
  year={2017}
}

@article{park2024emergence,
  title={Emergence of Hidden Capabilities: Exploring Learning Dynamics in Concept Space},
  author={Park, Core Francisco and Okawa, Maya and Lee, Andrew and Lubana, Ekdeep Singh and Tanaka, Hidenori},
  journal={arXiv preprint arXiv:2406.19370},
  year={2024}
}

@article{belkin2019reconciling,
  title={Reconciling modern machine-learning practice and the classical bias--variance trade-off},
  author={Belkin, Mikhail and Hsu, Daniel and Ma, Siyuan and Mandal, Soumik},
  journal={Proceedings of the National Academy of Sciences},
  volume={116},
  number={32},
  pages={15849--15854},
  year={2019},
  publisher={National Acad Sciences}
}

@article{smith2005development,
  title={The development of embodied cognition: Six lessons from babies},
  author={Smith, Linda and Gasser, Michael},
  journal={Artificial life},
  volume={11},
  number={1-2},
  pages={13--29},
  year={2005},
  publisher={MIT Press}
}

@article{fazly2010probabilistic,
  title={A probabilistic computational model of cross-situational word learning},
  author={Fazly, Afsaneh and Alishahi, Afra and Stevenson, Suzanne},
  journal={Cognitive Science},
  volume={34},
  number={6},
  pages={1017--1063},
  year={2010},
  publisher={Wiley Online Library}
}

@article{mao2019neuro,
  title={The neuro-symbolic concept learner: Interpreting scenes, words, and sentences from natural supervision},
  author={Mao, Jiayuan and Gan, Chuang and Kohli, Pushmeet and Tenenbaum, Joshua B and Wu, Jiajun},
  journal={arXiv preprint arXiv:1904.12584},
  year={2019}
}

@inproceedings{bengio2009curriculum,
  title={Curriculum learning},
  author={Bengio, Yoshua and Louradour, J{\'e}r{\^o}me and Collobert, Ronan and Weston, Jason},
  booktitle={Proceedings of the 26th annual international conference on machine learning},
  pages={41--48},
  year={2009}
}

@article{nakkiran2021deep,
  title={Deep double descent: Where bigger models and more data hurt},
  author={Nakkiran, Preetum and Kaplun, Gal and Bansal, Yamini and Yang, Tristan and Barak, Boaz and Sutskever, Ilya},
  journal={Journal of Statistical Mechanics: Theory and Experiment},
  volume={2021},
  number={12},
  pages={124003},
  year={2021},
  publisher={IOP Publishing}
}

@article{du2020compositional,
  title={Compositional visual generation with energy based models},
  author={Du, Yilun and Li, Shuang and Mordatch, Igor},
  journal={Advances in Neural Information Processing Systems},
  volume={33},
  pages={6637--6647},
  year={2020}
}

@inproceedings{ismail2023concept,
  title={Concept bottleneck generative models},
  author={Ismail, Aya Abdelsalam and Adebayo, Julius and Bravo, Hector Corrada and Ra, Stephen and Cho, Kyunghyun},
  booktitle={The Twelfth International Conference on Learning Representations},
  year={2023}
}

@inproceedings{koh2020concept,
  title={Concept bottleneck models},
  author={Koh, Pang Wei and Nguyen, Thao and Tang, Yew Siang and Mussmann, Stephen and Pierson, Emma and Kim, Been and Liang, Percy},
  booktitle={International conference on machine learning},
  pages={5338--5348},
  year={2020},
  organization={PMLR}
}

@article{oikarinen2023label,
  title={Label-free concept bottleneck models},
  author={Oikarinen, Tuomas and Das, Subhro and Nguyen, Lam M and Weng, Tsui-Wei},
  journal={arXiv preprint arXiv:2304.06129},
  year={2023}
}

@inproceedings{yang2023language,
  title={Language in a bottle: Language model guided concept bottlenecks for interpretable image classification},
  author={Yang, Yue and Panagopoulou, Artemis and Zhou, Shenghao and Jin, Daniel and Callison-Burch, Chris and Yatskar, Mark},
  booktitle={Proceedings of the IEEE/CVF Conference on Computer Vision and Pattern Recognition},
  pages={19187--19197},
  year={2023}
}

@article{yuksekgonul2022post,
  title={Post-hoc concept bottleneck models},
  author={Yuksekgonul, Mert and Wang, Maggie and Zou, James},
  journal={arXiv preprint arXiv:2205.15480},
  year={2022}
}

@article{attention,
  author    = {Ashish Vaswani and
               Noam Shazeer and
               Niki Parmar and
               et al.},
  title     = {Attention is All you Need},
  journal = {NeurIPS},
  pages = {5998-6008},
  year      = {2017}
}

@inproceedings{he2022masked,
  title={Masked autoencoders are scalable vision learners},
  author={He, Kaiming and Chen, Xinlei and Xie, Saining and Li, Yanghao and Doll{\'a}r, Piotr and Girshick, Ross},
  booktitle={Proceedings of the IEEE/CVF conference on computer vision and pattern recognition},
  pages={16000--16009},
  year={2022}
}

@article{okawa2024compositional,
  title={Compositional abilities emerge multiplicatively: Exploring diffusion models on a synthetic task},
  author={Okawa, Maya and Lubana, Ekdeep S and Dick, Robert and Tanaka, Hidenori},
  journal={Advances in Neural Information Processing Systems},
  volume={36},
  year={2024}
}

@inproceedings{srinivasan2023i2i,
  title={I2i: Initializing adapters with improvised knowledge},
  author={Srinivasan, Tejas and Jia, Furong and Rostami, Mohammad and Thomason, Jesse},
  booktitle={Conference on Lifelong Learning Agents},
  pages={923--935},
  year={2023},
  organization={PMLR}
}

@article{sun2024remembering,
  title={Remembering Transformer for Continual Learning},
  author={Sun, Yuwei and Fujisawa, Ippei and Juliani, Arthur and Sakuma, Jun and Kanai, Ryota},
  journal={arXiv preprint arXiv:2404.07518},
  year={2024}
}

@article{bengio2013representation,
  title={Representation learning: A review and new perspectives},
  author={Bengio, Yoshua and Courville, Aaron and Vincent, Pascal},
  journal={IEEE transactions on pattern analysis and machine intelligence},
  volume={35},
  number={8},
  pages={1798--1828},
  year={2013},
  publisher={IEEE}
}

@article{mao2019neuro,
  title={The neuro-symbolic concept learner: Interpreting scenes, words, and sentences from natural supervision},
  author={Mao, Jiayuan and Gan, Chuang and Kohli, Pushmeet and Tenenbaum, Joshua B and Wu, Jiajun},
  journal={arXiv preprint arXiv:1904.12584},
  year={2019}
}

@article{park2024emergence,
  title={Emergence of Hidden Capabilities: Exploring Learning Dynamics in Concept Space},
  author={Park, Core Francisco and Okawa, Maya and Lee, Andrew and Lubana, Ekdeep Singh and Tanaka, Hidenori},
  journal={arXiv preprint arXiv:2406.19370},
  year={2024}
}

@inproceedings{liu2015faceattributes,
  title = {Deep Learning Face Attributes in the Wild},
  author = {Liu, Ziwei and Luo, Ping and Wang, Xiaogang and Tang, Xiaoou},
  booktitle = {Proceedings of International Conference on Computer Vision (ICCV)},
  month = {December},
  year = {2015} 
}

@article{yang2022visual,
  title={Visual concepts tokenization},
  author={Yang, Tao and Wang, Yuwang and Lu, Yan and Zheng, Nanning},
  journal={Advances in Neural Information Processing Systems},
  volume={35},
  pages={31571--31582},
  year={2022}
}

@inproceedings{tong2024eyes,
  title={Eyes wide shut? exploring the visual shortcomings of multimodal llms},
  author={Tong, Shengbang and Liu, Zhuang and Zhai, Yuexiang and Ma, Yi and LeCun, Yann and Xie, Saining},
  booktitle={Proceedings of the IEEE/CVF Conference on Computer Vision and Pattern Recognition},
  pages={9568--9578},
  year={2024}
}

@inproceedings{StatesAndTransformations,
   author="Phillip Isola and Joseph J. Lim and Edward H. Adelson",
   title="Discovering States and Transformations in Image Collections", 
   booktitle="CVPR", 
   year="2015"
}

@article{wah2011caltech,
  title={The caltech-ucsd birds-200-2011 dataset},
  author={Wah, Catherine and Branson, Steve and Welinder, Peter and Perona, Pietro and Belongie, Serge},
  year={2011},
  publisher={California Institute of Technology}
}

@inproceedings{johnson2017clevr,
  title={Clevr: A diagnostic dataset for compositional language and elementary visual reasoning},
  author={Johnson, Justin and Hariharan, Bharath and Van Der Maaten, Laurens and Fei-Fei, Li and Lawrence Zitnick, C and Girshick, Ross},
  booktitle={Proceedings of the IEEE conference on computer vision and pattern recognition},
  pages={2901--2910},
  year={2017}
}

@article{ji2024sources,
  title={Sources of richness and ineffability for phenomenally conscious states},
  author={Ji, Xu and Elmoznino, Eric and Deane, George and Constant, Axel and Dumas, Guillaume and Lajoie, Guillaume and Simon, Jonathan and Bengio, Yoshua},
  journal={Neuroscience of Consciousness},
  volume={2024},
  number={1},
  pages={niae001},
  year={2024},
  publisher={Oxford University Press UK}
}