

@article{Aziz13d,
	author = {H. Aziz},
	date-added = {2025-01-06 13:20:15 +1100},
	date-modified = {2025-01-06 13:20:15 +1100},
	journal = {Operations Research Letters},
	number = {4},
	pages = {499---502},
	title = {Computation of the Random Arrival Rule for the Bankruptcy Problem},
	volume = {41},
	year = {2013}}


@article{ZZG+24a,
	title={Incentives for Early Arrival in Cost Sharing},
	author={Zhang, Junyu and Zhang, Yao and Ge, Yaoxin and Zhao, Dengji and Fu, Hu and Tang, Zhihao Gavin and Lu, Pinyan},
	journal={arXiv preprint arXiv:2410.18586},
	year={2024}
}

@article{BeVa10a,
	title={The dynamic pivot mechanism},
	author={Bergemann, Dirk and V{\"a}lim{\"a}ki, Juuso},
	journal={Econometrica},
	volume={78},
	number={2},
	pages={771--789},
	year={2010},
	publisher={Wiley Online Library}
}

@article{AtSe13a,
	title={An efficient dynamic mechanism},
	author={Athey, Susan and Segal, Ilya},
	journal={Econometrica},
	volume={81},
	number={6},
	pages={2463--2485},
	year={2013},
	publisher={Wiley Online Library}
}

@inproceedings{BuRoR24,
  author       = {M. Bullinger and
                  R. Romen},
  title        = {Stability in Online Coalition Formation},
  booktitle    = {Proceedings of the Thirty-Eighth {AAAI} Conference},
  pages        = {9537--9545},
  publisher    = {{AAAI} Press},
  year         = {2024}
}

@article{Laur22,
	Author = {Doval, L.},
	Journal = {Theoretical Economics},
	Number = {2},
	Pages = {687--724},
	Title = {Dynamically stable matching},
	Volume = {17},
	Year = {2022}}


@book{vNM44a,
	Author = {von Neumann, J. and O. Morgenstern},
	Publisher = {Princeton University Press},
	Title = {Theory of Games and Economic Behavior},
	Year = {1944}}


@book{PeSu07a,
	Author = {B. Peleg and P. Sudh{\"o}lter},
	Edition = {2nd},
	Publisher = springer,
	Title = {Introduction to the Theory of Cooperative Games},
	Year = {2007}}


@book{Curi97a,
	Author = {I. Curiel},
	Publisher = {Kluwer Acad. Publ.},
	Series = {Theory and Decision Library},
	Title = {Cooperative game theory and applications},
	Year = {1997}}


@inproceedings{GZZ+24a,
	title={Incentives for Early Arrival in Cooperative Games},
	author={Ge, Yaoxin and Zhang, Yao and Zhao, Dengji and Tang, Zhihao Gavin and Fu, Hu and Lu, Pinyan},
	booktitle={Proceedings of the 23rd International Conference on Autonomous Agents and Multiagent Systems},
	pages={651--659},
	year={2024}
}

@incollection{VOMO07a,
	title={Theory of games and economic behavior: 60th anniversary commemorative edition},
	author={Von Neumann, John and Morgenstern, Oskar},
	booktitle={Theory of games and economic behavior},
	year={2007},
	publisher={Princeton university press}
}

@incollection{SHAP53a,
	title = {A Value for n-Person Games},
	author = {Shapley, Lloyd S},
	booktitle = {Contributions to the Theory of Games II},
	pages = {307--317},
	year = {1953},
	publisher = {Princeton University Press},
	address = {Princeton}
}

@article{GILL59a,
	title={Solutions to general non-zero-sum games},
	author={Gillies, Donald B},
	journal={Contributions to the Theory of Games},
	volume={4},
	number={40},
	pages={47--85},
	year={1959}
}

@article{SHUB59a,
	title={Edgeworth market games},
	author={Shubik, Martin},
	journal={Contributions to the Theory of Games},
	volume={4},
	pages={267--278},
	year={1959}
}

@article{AUMA64a,
	title={The bargaining set for cooperative games},
	author={Aumann, Robert J and Maschler, Michael},
	journal={Advances in game theory},
	volume={52},
	number={1},
	pages={443--476},
	year={1964},
	publisher={Princeton University Press Princeton}
}

@article{SCHM69a,
	title={The nucleolus of a characteristic function game},
	author={Schmeidler, David},
	journal={SIAM Journal on applied mathematics},
	volume={17},
	number={6},
	pages={1163--1170},
	year={1969},
	publisher={SIAM}
}

@article{ROSO92a,
	title={Two-sided matching},
	author={Roth, Alvin E and Sotomayor, Marilda},
	journal={Handbook of game theory with economic applications},
	volume={1},
	pages={485--541},
	year={1992},
	publisher={Elsevier}
}

@book{BDT08a,
	title={Models in cooperative game theory},
	author={Branzei, Rodica and Dimitrov, Dinko and Tijs, Stef},
	volume={556},
	year={2008},
	publisher={Springer Science \& Business Media}
}

@book{CEW22a,
	title={Computational aspects of cooperative game theory},
	author={Chalkiadakis, Georgios and Elkind, Edith and Wooldridge, Michael},
	year={2022},
	publisher={Springer Nature}
}

@article{ALRE04a,
	title={Researching with whom? Stability and manipulation},
	author={Alcalde, Jos{\'e} and Revilla, Pablo},
	journal={Journal of Mathematical Economics},
	volume={40},
	number={8},
	pages={869--887},
	year={2004},
	publisher={Elsevier}
}

@inproceedings{DEK+12a,
	title={Group activity selection problem},
	author={Darmann, Andreas and Elkind, Edith and Kurz, Sascha and Lang, J{\'e}r{\^o}me and Schauer, Joachim and Woeginger, Gerhard},
	booktitle={Internet and Network Economics: 8th International Workshop, WINE 2012, Liverpool, UK, December 10-12, 2012. Proceedings 8},
	pages={156--169},
	year={2012},
	organization={Springer}
}

@article{BOW08a,
	title={Gamson’s law and hedonic games},
	author={Breton, Michel Le and Ortu{\~n}o-Ortin, Ignacio and Weber, Shlomo},
	journal={Social Choice and Welfare},
	volume={30},
	number={1},
	pages={57--67},
	year={2008},
	publisher={Springer}
}

@inproceedings{AZBR12a,
	title={Existence of stability in hedonic coalition formation games},
	author={Aziz, Haris and Brandl, Florian},
	booktitle={Proceedings of the 11th International Conference on Autonomous Agents and Multiagent Systems-Volume 2},
	pages={763--770},
	year={2012}
}

@inbook{AZSA16a, 
	title={Hedonic Games}, 
	booktitle={Handbook of Computational Social Choice}, publisher={Cambridge University Press}, 
	author={Aziz, Haris and Savani, Rahul}, 
	editor={Brandt, Felix and Conitzer, Vincent and Endriss, Ulle and Lang, Jérôme and Procaccia, Ariel D.Editors}, 
	year={2016}, 
	pages={356–376}
}

% online mechanism design 
@inproceedings{PORT04a,
	title={Mechanism design for online real-time scheduling},
	author={Porter, Ryan},
	booktitle={Proceedings of the 5th ACM conference on Electronic commerce},
	pages={61--70},
	year={2004}
}

@book{HEBE06a,
	title={Online stochastic combinatorial optimization},
	author={Hentenryck, Pascal Van and Bent, Russell},
	year={2006},
	publisher={The MIT Press}
}

@book{BOEL05a,
	title={Online computation and competitive analysis},
	author={Borodin, Allan and El-Yaniv, Ran},
	year={2005},
	publisher={cambridge university press}
}

@inproceedings{LANI00a,
	title={Competitive analysis of incentive compatible on-line auctions},
	author={Lavi, Ron and Nisan, Noam},
	booktitle={Proceedings of the 2nd ACM Conference on Electronic Commerce},
	pages={233--241},
	year={2000}
}

@inproceedings{FRPA03a,
	title={Pricing wifi at starbucks: issues in online mechanism design},
	author={Friedman, Eric J and Parkes, David C},
	booktitle={Proceedings of the 4th ACM conference on Electronic commerce},
	pages={240--241},
	year={2003}
}

@article{PASI03a,
	title={An MDP-based approach to online mechanism design},
	author={Parkes, David C and Singh, Satinder},
	journal={Advances in neural information processing systems},
	volume={16},
	year={2003}
}

@article{PYS04a,
	title={Approximately efficient online mechanism design},
	author={Parkes, David C and Yanovsky, Dimah and Singh, Satinder},
	journal={Advances in neural information processing systems},
	volume={17},
	year={2004}
}

@inproceedings{KVV90a,
	title={An optimal algorithm for on-line bipartite matching},
	author={Karp, Richard M and Vazirani, Umesh V and Vazirani, Vijay V},
	booktitle={Proceedings of the twenty-second annual ACM symposium on Theory of computing},
	pages={352--358},
	year={1990}
}

@article{KAPR00a,
	title={An optimal deterministic algorithm for online b-matching},
	author={Kalyanasundaram, Bala and Pruhs, Kirk R},
	journal={Theoretical Computer Science},
	volume={233},
	number={1-2},
	pages={319--325},
	year={2000},
	publisher={Elsevier}
}

@inproceedings{FMM09a,
	title={Online stochastic matching: Beating 1-1/e},
	author={Feldman, Jon and Mehta, Aranyak and Mirrokni, Vahab and Muthukrishnan, Shan},
	booktitle={2009 50th Annual IEEE Symposium on Foundations of Computer Science},
	pages={117--126},
	year={2009},
	organization={IEEE}
}

@inproceedings{GKM+19a,
	title={Online matching with general arrivals},
	author={Gamlath, Buddhima and Kapralov, Michael and Maggiori, Andreas and Svensson, Ola and Wajc, David},
	booktitle={2019 IEEE 60th Annual Symposium on Foundations of Computer Science (FOCS)},
	pages={26--37},
	year={2019},
	organization={IEEE}
}

@article{BEVA19a,
	title={Dynamic mechanism design: An introduction},
	author={Bergemann, Dirk and V{\"a}lim{\"a}ki, Juuso},
	journal={Journal of Economic Literature},
	volume={57},
	number={2},
	pages={235--274},
	year={2019},
}

@inbook{PARK07a,
	title={Online mechanisms},
	booktitle={Algorithmic Game Theory}, 
	author={Parkes, David C},
	year={2007},
	pages={411–439},
	publisher={Cambridge University Press}
}

@article{BURO23a,
	title={Online coalition formation under random arrival or coalition dissolution},
	author={Bullinger, Martin and Romen, Ren{\'e}},
	journal={arXiv preprint arXiv:2306.16965},
	year={2023}
}

@article{FMM+21a,
	title={On the online coalition structure generation problem},
	author={Flammini, Michele and Monaco, Gianpiero and Moscardelli, Luca and Shalom, Mordechai and Zaks, Shmuel},
	journal={Journal of Artificial Intelligence Research},
	volume={72},
	pages={1215--1250},
	year={2021}
}

@article{BBWa23a,
  title={Reaching individually stable coalition structures},
  author={F. Brandt and M. Bullinger and A. Wilczynski},
  journal={ACM Transactions on Economics and Computation},
  volume={11},
  number={1-2},
  pages={1--65},
  year={2023},
  publisher={ACM New York, NY}
}