@article{aboy2022mapping,
  title={Mapping the patent landscape of quantum technologies: Patenting trends, innovation and policy implications},
  author={Aboy, Mateo and Minssen, Timo and Kop, Mauritz},
  journal={IIC-International Review of Intellectual Property and Competition Law},
  volume={53},
  number={6},
  pages={853--882},
  year={2022},
  publisher={Springer}
}

@article{das2023randomized,
  title={Randomized reversible gate-based obfuscation for secured compilation of quantum circuit},
  author={Das, Subrata and Ghosh, Swaroop},
  journal={arXiv preprint arXiv:2305.01133},
  year={2023}
}

@article{das2023trojannet,
  title={TrojanNet: Detecting Trojans in Quantum Circuits using Machine Learning},
  author={Das, Subrata and Ghosh, Swaroop},
  journal={arXiv preprint arXiv:2306.16701},
  year={2023}
}

@article{ghosh2023primer,
  title={A primer on security of quantum computing},
  author={Ghosh, Swaroop and Upadhyay, Suryansh and Saki, Abdullah Ash},
  journal={arXiv preprint arXiv:2305.02505},
  year={2023}
}

@inproceedings{roy2024hardware,
  title={Hardware Trojans in Quantum Circuits, Their Impacts, and Defense},
  author={Roy, Rupshali and Das, Subrata and Ghosh, Swaroop},
  booktitle={2024 25th International Symposium on Quality Electronic Design (ISQED)},
  pages={1--8},
  year={2024},
  organization={IEEE}
}

@inproceedings{suresh2021short,
  title={Short paper: A quantum circuit obfuscation methodology for security and privacy},
  author={Suresh, Aakarshitha and Saki, Abdullah Ash and Alam, Mahababul and Onur Topaloglu, Rasit and Ghosh, Swaroop},
  booktitle={Proceedings of the 10th International Workshop on Hardware and Architectural Support for Security and Privacy},
  pages={1--5},
  year={2021}
}

@article{topaloglu2023quantum,
  title={Quantum logic locking for security},
  author={Topaloglu, Rasit Onur},
  journal={MDPI Multidisciplinary Scientific Journal},
  volume={6},
  number={3},
  pages={411--420},
  year={2023},
  publisher={MDPI}
}

@inproceedings{upadhyay2024stealthy,
  title={Stealthy SWAPs: Adversarial SWAP Injection in Multi-Tenant Quantum Computing},
  author={Upadhyay, Suryansh and Ghosh, Swaroop},
  booktitle={2024 37th International Conference on VLSI Design and 2024 23rd International Conference on Embedded Systems (VLSID)},
  pages={474--479},
  year={2024},
  organization={IEEE}
}

