@article{aboy2022mapping,
  title={Mapping the patent landscape of quantum technologies: Patenting trends, innovation and policy implications},
  author={Aboy, Mateo and Minssen, Timo and Kop, Mauritz},
  journal={IIC-International Review of Intellectual Property and Competition Law},
  volume={53},
  number={6},
  pages={853--882},
  year={2022},
  publisher={Springer}
}

@article{das2023randomized,
  title={Randomized reversible gate-based obfuscation for secured compilation of quantum circuit},
  author={Das, Subrata and Ghosh, Swaroop},
  journal={arXiv preprint arXiv:2305.01133},
  year={2023}
}

@inproceedings{suresh2021short,
  title={Short paper: A quantum circuit obfuscation methodology for security and privacy},
  author={Suresh, Aakarshitha and Saki, Abdullah Ash and Alam, Mahababul and Onur Topaloglu, Rasit and Ghosh, Swaroop},
  booktitle={Proceedings of the 10th International Workshop on Hardware and Architectural Support for Security and Privacy},
  pages={1--5},
  year={2021}
}

@article{topaloglu2023quantum,
  title={Quantum logic locking for security},
  author={Topaloglu, Rasit Onur},
  journal={MDPI Multidisciplinary Scientific Journal},
  volume={6},
  number={3},
  pages={411--420},
  year={2023},
  publisher={MDPI}
}

%application of quantum computing 
@article{cao2018potential,
  title={Potential of quantum computing for drug discovery},
  author={Cao, Yudong and Romero, Jhonathan and Aspuru-Guzik, Al{\'a}n},
  journal={IBM Journal of Research and Development},
  volume={62},
  number={6},
  pages={6--1},
  year={2018},
  publisher={IBM}
}

@article{bauer2020quantum,
  title={Quantum algorithms for quantum chemistry and quantum materials science},
  author={Bauer, Bela and Bravyi, Sergey and Motta, Mario and Chan, Garnet Kin-Lic},
  journal={Chemical Reviews},
  volume={120},
  number={22},
  pages={12685--12717},
  year={2020},
  publisher={ACS Publications}
}

@article{martin2021toward,
  title={Toward pricing financial derivatives with an IBM quantum computer},
  author={Martin, Ana and Candelas, Bruno and Rodr{\'\i}guez-Rozas, {\'A}ngel and Mart{\'\i}n-Guerrero, Jos{\'e} D and Chen, Xi and Lamata, Lucas and Or{\'u}s, Rom{\'a}n and Solano, Enrique and Sanz, Mikel},
  journal={Physical Review Research},
  volume={3},
  number={1},
  pages={013167},
  year={2021},
  publisher={APS}
}

%circuit partition
@inproceedings{tang2021cutqc,
  title={Cutqc: using small quantum computers for large quantum circuit evaluations}, 
  author={Tang, Wei and Tomesh, Teague and Suchara, Martin and Larson, Jeffrey and Martonosi, Margaret},
  booktitle={Proceedings of the 26th ACM International conference on architectural support for programming languages and operating systems},
  pages={473--486},
  year={2021}
}
@inproceedings{baker2020time,
  title={Time-sliced quantum circuit partitioning for modular architectures},
  author={Baker, Jonathan M and Duckering, Casey and Hoover, Alexander and Chong, Frederic T},
  booktitle={Proceedings of the 17th ACM International Conference on Computing Frontiers},
  pages={98--107},
  year={2020}
}

%%bit techs for quantum computing.  
@article{chow2021ibm,
  title={IBM Quantum breaks the 100-qubit processor barrier},
  author={Chow, Jerry and Dial, Oliver and Gambetta, Jay},
  journal={IBM Research Blog},
  volume={2},
  year={2021}
}

@article{gonzalez2021cloud,
  title={Cloud based qc with amazon braket},
  author={Gonzalez, Constantin},
  journal={Digitale Welt},
  volume={5},
  number={2},
  pages={14--17},
  year={2021},
  publisher={Springer}
}
@incollection{prateek2023quantum,
  title={Quantum Programming on Azure Quantumâ€”An Open Source Tool for Quantum Developers},
  author={Prateek, Kumar and Maity, Soumyadev},
  booktitle={Quantum Computing: A Shift from Bits to Qubits},
  pages={283--309},
  year={2023},
  publisher={Springer}
}

@inproceedings{kaiiali2019cloud,
  title={Cloud computing in the quantum era},
  author={Kaiiali, Mustafa and Sezer, Sakir and Khalid, Ayesha},
  booktitle={2019 IEEE Conference on Communications and Network Security (CNS)},
  pages={1--4},
  year={2019},
  organization={IEEE}
}


% cloud security
@article{fitzsimons2017unconditionally,
  title={Unconditionally verifiable blind quantum computation},
  author={Fitzsimons, Joseph F and Kashefi, Elham},
  journal={Physical Review A},
  volume={96},
  number={1},
  pages={012303},
  year={2017},
  publisher={APS}
}
@article{trochatos2023hardware,
  title={Hardware Architecture for a Quantum Computer Trusted Execution Environment},
  author={Trochatos, Theodoros and Xu, Chuanqi and Deshpande, Sanjay and Lu, Yao and Ding, Yongshan and Szefer, Jakub},
  journal={arXiv preprint arXiv:2308.03897},
  year={2023}
}
@misc{ibm_qiskit,
  author       = {{IBM}},
  title        = {{Qiskit}: Elements for building a quantum future},
  howpublished = {\url{https://github.com/Qiskit/qiskit}},
}

@article{smith2020open,
  title={An open-source, industrial-strength optimizing compiler for quantum programs},
  author={Smith, Robert S and Peterson, Eric C and Skilbeck, Mark G and Davis, Erik J},
  journal={Quantum Science and Technology},
  volume={5},
  number={4},
  pages={044001},
  year={2020},
  publisher={IOP Publishing}
}
@inproceedings{salm2021automating,
  title={Automating the comparison of quantum compilers for quantum circuits},
  author={Salm, Marie and Barzen, Johanna and Leymann, Frank and Weder, Benjamin and Wild, Karoline},
  booktitle={Symposium and Summer School on Service-Oriented Computing},
  pages={64--80},
  year={2021},
  organization={Springer}
}
@article{sivarajah2020t,
  title={t| ket>: a retargetable compiler for NISQ devices},
  author={Sivarajah, Seyon and Dilkes, Silas and Cowtan, Alexander and Simmons, Will and Edgington, Alec and Duncan, Ross},
  journal={Quantum Science and Technology},
  volume={6},
  number={1},
  pages={014003},
  year={2020},
  publisher={IOP Publishing}
}

@misc{qiskit2024,
      title={Quantum computing with {Q}iskit},
      author={Javadi-Abhari, Ali and Treinish, Matthew and Krsulich, Kevin and Wood, Christopher J. and Lishman, Jake and Gacon, Julien and Martiel, Simon and Nation, Paul D. and Bishop, Lev S. and Cross, Andrew W. and Johnson, Blake R. and Gambetta, Jay M.},
      year={2024},
      doi={10.48550/arXiv.2405.08810},
      eprint={2405.08810},
      archivePrefix={arXiv},
      primaryClass={quant-ph}
}

@article{hancockcirq,
  title={Cirq: A Python Framework for Creating, Editing, and Invoking Quantum Circuits},
  author={Hancock, Andrew and Garcia, Austin and Shedenhelm, Jacob and Cowen, Jordan and Carey, Calista}
}

%%related work ref
% trojan detection 
@article{das2023trojannet,
  title={TrojanNet: Detecting Trojans in Quantum Circuits using Machine Learning},
  author={Das, Subrata and Ghosh, Swaroop},
  journal={arXiv preprint arXiv:2306.16701},
  year={2023}
}

@inproceedings{roy2024hardware,
  title={Hardware Trojans in Quantum Circuits, Their Impacts, and Defense},
  author={Roy, Rupshali and Das, Subrata and Ghosh, Swaroop},
  booktitle={2024 25th International Symposium on Quality Electronic Design (ISQED)},
  pages={1--8},
  year={2024},
  organization={IEEE}
}
@INPROCEEDINGS{das2024Trojan,
  author={Das, Subrata and Ghosh, Swaroop},
  booktitle={2024 25th International Symposium on Quality Electronic Design (ISQED)}, 
  title={Trojan Attacks on Variational Quantum Circuits and Countermeasures}, 
  year={2024},
  volume={},
  number={},
  pages={1-8},
  keywords={Quantum computing;Qubit;Logic gates;Benchmark testing;Trojan horses;Security;Convolutional neural networks;Quantum security;Hardware Trojan;QAOA},
  doi={10.1109/ISQED60706.2024.10528776}
}
% swap gate
@inproceedings{upadhyay2024stealthy,
  title={Stealthy SWAPs: Adversarial SWAP Injection in Multi-Tenant Quantum Computing},
  author={Upadhyay, Suryansh and Ghosh, Swaroop},
  booktitle={2024 37th International Conference on VLSI Design and 2024 23rd International Conference on Embedded Systems (VLSID)},
  pages={474--479},
  year={2024},
  organization={IEEE}
}

@article{ghosh2023primer,
  title={A primer on security of quantum computing},
  author={Ghosh, Swaroop and Upadhyay, Suryansh and Saki, Abdullah Ash},
  journal={arXiv preprint arXiv:2305.02505},
  year={2023}
}

% fault
@inproceedings{ash2020analysis,
  title={Analysis of crosstalk in nisq devices and security implications in multi-programming regime},
  author={Ash-Saki, Abdullah and Alam, Mahabubul and Ghosh, Swaroop},
  booktitle={Proceedings of the ACM/IEEE International Symposium on Low Power Electronics and Design},
  pages={25--30},
  year={2020}
}

% power-side channel
@inproceedings{trochatos2024dynamic,
  title={Dynamic Pulse Switching for Protection of Quantum Computation on Untrusted Clouds},
  author={Trochatos, Theodoros and Deshpande, Sanjay and Xu, Chuanqi and Lu, Yao and Ding, Yongshan and Szefer, Jakub},
  booktitle={2024 IEEE International Symposium on Hardware Oriented Security and Trust (HOST)},
  pages={404--414},
  year={2024},
  organization={IEEE}
}
@inproceedings{xu2023exploration,
  title={Exploration of power side-channel vulnerabilities in quantum computer controllers},
  author={Xu, Chuanqi and Erata, Ferhat and Szefer, Jakub},
  booktitle={Proceedings of the 2023 ACM SIGSAC Conference on Computer and Communications Security},
  pages={579--593},
  year={2023}
}
%cloning
@article{yang2024multi,
  title={Multi-Stage Watermarking for Quantum Circuits},
  author={Yang, Min and Guo, Xiaolong and Jiang, Lei},
  journal={arXiv preprint arXiv:2404.18038},
  year={2024}
}





@inproceedings{wille2008revlib,
  title={RevLib: An online resource for reversible functions and reversible circuits},
  author={Wille, Robert and Gro{\ss}e, Daniel and Teuber, Lisa and Dueck, Gerhard W and Drechsler, Rolf},
  booktitle={38th International Symposium on Multiple Valued Logic (ismvl 2008)},
  pages={220--225},
  year={2008},
  organization={IEEE}
}





@inproceedings{saki2021split,
  title={Split compilation for security of quantum circuits},
  author={Saki, Abdullah Ash and Suresh, Aakarshitha and Topaloglu, Rasit Onur and Ghosh, Swaroop},
  booktitle={2021 IEEE/ACM International Conference On Computer Aided Design (ICCAD)},
  pages={1--7},
  year={2021},
  organization={IEEE}
}

@article{das2024secure,
  title={Secure Quantum Circuit Compilation Methodology for Untrusted Compilers},
  author={Das, Subrata and Ghosh, Swaroop},
  year={2024}
}


%%hardware trojan references
@inproceedings{chakraborty2009hardware,
  title={Hardware Trojan: Threats and emerging solutions},
  author={Chakraborty, Rajat Subhra and Narasimhan, Seetharam and Bhunia, Swarup},
  booktitle={2009 IEEE International high level design validation and test workshop},
  pages={166--171},
  year={2009},
  organization={IEEE}
}
@article{karri2010trustworthy,
  title={Trustworthy hardware: Identifying and classifying hardware trojans},
  author={Karri, Ramesh and Rajendran, Jeyavijayan and Rosenfeld, Kurt and Tehranipoor, Mohammad},
  journal={Computer},
  volume={43},
  number={10},
  pages={39--46},
  year={2010},
  publisher={IEEE}
}


@article{xiao2016hardware,
  title={Hardware trojans: Lessons learned after one decade of research},
  author={Xiao, Kan and Forte, Domenic and Jin, Yier and Karri, Ramesh and Bhunia, Swarup and Tehranipoor, Mohammad},
  journal={ACM Transactions on Design Automation of Electronic Systems (TODAES)},
  volume={22},
  number={1},
  pages={1--23},
  year={2016},
  publisher={ACM New York, NY, USA}
}


# Generate a BibTeX file for the given references
bibtex_entries = """
@article{karri2008trustworthy,
  author={Karri, Ramesh and Rajendran, Jeyavijayan and Rosenfeld, Kenneth and Tehranipoor, Mohammad},
  title={Trustworthy hardware: Identifying and classifying hardware Trojans},
  journal={IEEE Computer},
  volume={43},
  number={10},
  pages={39--46},
  year={2010}
}

@book{bhunia2014hardware,
  author={Bhunia, Swarup and Tehranipoor, Mohammad},
  title={Hardware Security: A Hands-on Learning Approach},
  publisher={Morgan Kaufmann},
  year={2014}
}

@article{forte2017comprehensive,
  author={Forte, Domenic and Srivastava, Ashish and Bhunia, Swarup},
  title={A comprehensive solution for hardware trojan defense},
  journal={Proceedings of the IEEE},
  volume={105},
  number={3},
  pages={284--311},
  year={2017}
}

@inproceedings{jin2008power,
  author={Jin, Yier and Makris, Yiorgos},
  title={Hardware Trojan detection using path delay fingerprint},
  booktitle={2008 IEEE International Workshop on Hardware-Oriented Security and Trust},
  pages={51--57},
  year={2008}
}

@inproceedings{yang2016improved,
  author={Yang, Kaiyuan and Hicks, Matthew and Dong, Qing and Austin, Todd and Sylvester, Dennis},
  title={A2: Analog malicious hardware},
  booktitle={2016 IEEE Symposium on Security and Privacy (SP)},
  pages={18--37},
  year={2016}
}

@inproceedings{chakraborty2009testing,
  author={Chakraborty, Rajat Subhra and Bhunia, Swarup},
  title={Security against hardware Trojan through a novel application of design obfuscation},
  booktitle={Proceedings of the 2009 International Conference on Computer-Aided Design},
  pages={113--116},
  year={2009}
}

@article{yasin2017machine,
  author={Yasin, Mohammad and Mazumdar, Bivas and Sinanoglu, Ozgur and Forte, Domenic},
  title={SARLock: SAT attack resistant logic locking},
  journal={IEEE Transactions on VLSI Systems},
  volume={25},
  number={10},
  pages={2930--2943},
  year={2017}
}

@inproceedings{zhang2014runtime,
  author={Zhang, Jie and Tehranipoor, Mohammad and Forte, Domenic},
  title={Case study: Detecting hardware Trojans in third-party digital IP cores},
  booktitle={2014 IEEE International Symposium on Hardware-Oriented Security and Trust (HOST)},
  pages={56--59},
  year={2014}
}
