@inproceedings{bioucas2006total,
  title={Total variation-based image deconvolution: a majorization-minimization approach},
  author={Bioucas-Dias, Jos{\'e} M and Figueiredo, Mario AT and Oliveira, Joao Pedro},
  booktitle={2006 IEEE International Conference on Acoustics Speech and Signal Processing Proceedings},
  volume={2},
  pages={II--II},
  year={2006},
  organization={IEEE}
}

@inproceedings{fan2020majorization,
  title={Majorization minimization methods for distributed pose graph optimization with convergence guarantees},
  author={Fan, Taosha and Murphey, Todd},
  booktitle={2020 IEEE/RSJ International Conference on Intelligent Robots and Systems (IROS)},
  pages={5058--5065},
  year={2020},
  organization={IEEE}
}

@article{fan2023majorization,
  title={Majorization minimization methods for distributed pose graph optimization},
  author={Fan, Taosha and Murphey, Todd D},
  journal={IEEE Transactions on Robotics},
  year={2023},
  publisher={IEEE}
}

@inproceedings{ferrer2019eigen,
	title={Eigen-factors: Plane estimation for multi-frame and time-continuous point cloud alignment},
	author={Ferrer, Gonzalo},
	booktitle={2019 IEEE/RSJ International Conference on Intelligent Robots and Systems (IROS)},
	pages={1278--1284},
	year={2019},
	organization={IEEE}
}

@article{figueiredo2007majorization,
  title={Majorization--minimization algorithms for wavelet-based image restoration},
  author={Figueiredo, M{\'a}rio AT and Bioucas-Dias, Jos{\'e} M and Nowak, Robert D},
  journal={IEEE Transactions on Image processing},
  volume={16},
  number={12},
  pages={2980--2991},
  year={2007},
  publisher={IEEE}
}

@article{gong2020majorization,
  title={Majorization-minimization aided hybrid transceivers for MIMO interference channels},
  author={Gong, Shiqi and Xing, Chengwen and Lau, Vincent KN and Chen, Sheng and Hanzo, Lajos},
  journal={IEEE Transactions on Signal Processing},
  volume={68},
  pages={4903--4918},
  year={2020},
  publisher={IEEE}
}

@article{gpugicp,
  author={Koide, Kenji and Yokozuka, Masashi and Oishi, Shuji and Banno, Atsuhiko},
  journal={IEEE Robotics and Automation Letters}, 
  title={Globally Consistent 3D LiDAR Mapping With GPU-Accelerated GICP Matching Cost Factors}, 
  year={2021},
  volume={6},
  number={4},
  pages={8591-8598},
  keywords={Simultaneous localization and mapping;Robot localization;Three-dimensional displays;Optimization;Graphics processing units;Real-time systems;Laser radar;SLAM;localization;mapping},
  doi={10.1109/LRA.2021.3113043}
}

@article{hba,
  title={Large-scale lidar consistent mapping using hierarchical lidar bundle adjustment},
  author={Liu, Xiyuan and Liu, Zheng and Kong, Fanze and Zhang, Fu},
  journal={IEEE Robotics and Automation Letters},
  volume={8},
  number={3},
  pages={1523--1530},
  year={2023},
  publisher={IEEE}
}

@inproceedings{kfpslam,
  title={Keyframe-based dense planar SLAM},
  author={Hsiao, Ming and Westman, Eric and Zhang, Guofeng and Kaess, Michael},
  booktitle={2017 IEEE International Conference on Robotics and Automation (ICRA)},
  pages={5110--5117},
  year={2017},
  organization={Ieee}
}

@article{liu2023efficient,
  title={Efficient and consistent bundle adjustment on lidar point clouds},
  author={Liu, Zheng and Liu, Xiyuan and Zhang, Fu},
  journal={IEEE Transactions on Robotics},
  year={2023},
  publisher={IEEE}
}

@article{mairal2015incremental,
  title={Incremental majorization-minimization optimization with application to large-scale machine learning},
  author={Mairal, Julien},
  journal={SIAM Journal on Optimization},
  volume={25},
  number={2},
  pages={829--855},
  year={2015},
  publisher={SIAM}
}

@article{mmvba,
  title={Decentralization and acceleration enables large-scale bundle adjustment},
  author={Fan, Taosha and Ortiz, Joseph and Hsiao, Ming and Monge, Maurizio and Dong, Jing and Murphey, Todd and Mukadam, Mustafa},
  journal={arXiv preprint arXiv:2305.07026},
  year={2023}
}

@article{pa,
  title={LiDAR SLAM with plane adjustment for indoor environment},
  author={Zhou, Lipu and Koppel, Daniel and Kaess, Michael},
  journal={IEEE Robotics and Automation Letters},
  volume={6},
  number={4},
  pages={7073--7080},
  year={2021},
  publisher={IEEE}
}

@article{pang2024lm,
  title={LM-mapping: Large-Scale and Multi-Session Point Cloud Consistent Mapping},
  author={Pang, Chenglin and Shen, Zhaohui and Yuan, Rui and Xu, Chen and Fang, Zheng},
  journal={IEEE Robotics and Automation Letters},
  year={2024},
  publisher={IEEE}
}

@inproceedings{slamip,
  title={Simultaneous localization and mapping with infinite planes},
  author={Kaess, Michael},
  booktitle={2015 IEEE International Conference on Robotics and Automation (ICRA)},
  pages={4605--4611},
  year={2015},
  organization={IEEE}
}

@article{sun2016majorization,
  title={Majorization-minimization algorithms in signal processing, communications, and machine learning},
  author={Sun, Ying and Babu, Prabhu and Palomar, Daniel P},
  journal={IEEE Transactions on Signal Processing},
  volume={65},
  number={3},
  pages={794--816},
  year={2016},
  publisher={IEEE}
}

