@string{auro = {Auton. Robots}}
@string{icra = {Proc. of the {IEEE} Intl. Conf. on Robot. and Autom.}}
@string{dars = {Intl. Sym. on Distributed Auton. Syst.}}
@string{ram = {{IEEE} Robot. Autom. Mag.}}
@string{iser = {Proc. of the Intl. Sym. on Exp. Robot.}}
@string{isrr = {Proc. of the Intl. Sym. of Robot. Research}}
@string{iros = {Proc. of the {IEEE/RSJ} Intl. Conf. on Intell. Robots and Syst.}}
@string{ecmr = {Proc. of the Euro. Conf. on Mobile Robot.}}
@string{proc = {Proc. of the {IEEE}}}
@string{ijrr = {Intl. J. Robot. Research}}
@string{ijcv = {Intl. J. Comput. Vis.}}
@string{jfr = {J. Field Robot.}}
@string{tor = {{IEEE} Trans. Robot.}}
@string{rss = {Proc. of Robot.: Sci. and Syst.}}
@string{cvpr = {Proc. of the {IEEE} Intl. Conf. on Pattern Recognition}}	
@string{cdc = {Proc. of the {IEEE} Control on Unma. Air. Syst.}}

@article{liu2021balm,
  title={Balm: Bundle adjustment for lidar mapping},
  author={Liu, Zheng and Zhang, Fu},
  journal={IEEE Robotics and Automation Letters},
  volume={6},
  number={2},
  pages={3184--3191},
  year={2021},
  publisher={IEEE}
}

@article{liu2023efficient,
  title={Efficient and consistent bundle adjustment on lidar point clouds},
  author={Liu, Zheng and Liu, Xiyuan and Zhang, Fu},
  journal={IEEE Transactions on Robotics},
  year={2023},
  publisher={IEEE}
}

@article{marsim,
  title={MARSIM: A light-weight point-realistic simulator for LiDAR-based UAVs},
  author={Kong, Fanze and Liu, Xiyuan and Tang, Benxu and Lin, Jiarong and Ren, Yunfan and Cai, Yixi and Zhu, Fangcheng and Chen, Nan and Zhang, Fu},
  journal={IEEE Robotics and Automation Letters},
  volume={8},
  number={5},
  pages={2954--2961},
  year={2023},
  publisher={IEEE}
}

@article{hilti,
  title={The hilti slam challenge dataset},
  author={Helmberger, Michael and Morin, Kristian and Berner, Beda and Kumar, Nitish and Cioffi, Giovanni and Scaramuzza, Davide},
  journal={IEEE Robotics and Automation Letters},
  volume={7},
  number={3},
  pages={7518--7525},
  year={2022},
  publisher={IEEE}
}

@INPROCEEDINGS{mulran,
    AUTHOR = { Yeong Sang Park and Jinyong Jeong and Youngsik Shin and Ayoung Kim },
    TITLE = { Radar Dataset for Robust Localization and Mapping in Urban Environment },
    BOOKTITLE = { ICRA Workshop on Dataset Generation and Benchmarking of SLAM Algorithms for Robotics and VR/AR },
    YEAR = { 2019 },
    MONTH = { May. },
    ADDRESS = { Montreal },
}

@article{ntuviral,
  title     = {NTU VIRAL: A Visual-Inertial-Ranging-Lidar Dataset, From an Aerial Vehicle Viewpoint},
  author    = {Nguyen, Thien-Minh and Yuan, Shenghai and Cao, Muqing and Lyu, Yang and Nguyen, Thien Hoang and Xie, Lihua},
  journal   = {The International Journal of Robotics Research},
  volume    = {41},
  number    = {3},
  pages     = {270--280},
  year      = {2022},
  publisher = {SAGE Publications Sage UK: London, England}
}

@article{marslvig,
author = {Haotian Li and Yuying Zou and Nan Chen and Jiarong Lin and Xiyuan Liu and Wei Xu and Chunran Zheng and Rundong Li and Dongjiao He and Fanze Kong and Yixi Cai and Zheng Liu and Shunbo Zhou and Kaiwen Xue and Fu Zhang},
title ={MARS-LVIG dataset: A multi-sensor aerial robots SLAM dataset for LiDAR-visual-inertial-GNSS fusion},
journal = {The International Journal of Robotics Research},
volume = {0},
number = {0},
pages = {02783649241227968},
year = {0},
doi = {10.1177/02783649241227968},
URL = {https://doi.org/10.1177/02783649241227968},
eprint = {https://doi.org/10.1177/02783649241227968}
}

@inproceedings{slamip,
  title={Simultaneous localization and mapping with infinite planes},
  author={Kaess, Michael},
  booktitle={2015 IEEE International Conference on Robotics and Automation (ICRA)},
  pages={4605--4611},
  year={2015},
  organization={IEEE}
}

@article{pa,
  title={LiDAR SLAM with plane adjustment for indoor environment},
  author={Zhou, Lipu and Koppel, Daniel and Kaess, Michael},
  journal={IEEE Robotics and Automation Letters},
  volume={6},
  number={4},
  pages={7073--7080},
  year={2021},
  publisher={IEEE}
}

@inproceedings{kfpslam,
  title={Keyframe-based dense planar SLAM},
  author={Hsiao, Ming and Westman, Eric and Zhang, Guofeng and Kaess, Michael},
  booktitle={2017 IEEE International Conference on Robotics and Automation (ICRA)},
  pages={5110--5117},
  year={2017},
  organization={Ieee}
}

@article{rocha2020scan,
  title={A scan-to-BIM methodology applied to heritage buildings},
  author={Rocha, Gustavo and Mateus, Lu{\'\i}s and Fern{\'a}ndez, Jorge and Ferreira, Victor},
  journal={Heritage},
  volume={3},
  number={1},
  pages={47--67},
  year={2020},
  publisher={MDPI}
}

@article{jung2023helipr,
  title={HeLiPR: Heterogeneous LiDAR dataset for inter-LiDAR place recognition under spatiotemporal variations},
  author={Jung, Minwoo and Yang, Wooseong and Lee, Dongjae and Gil, Hyeonjae and Kim, Giseop and Kim, Ayoung},
  journal={The International Journal of Robotics Research},
  pages={02783649241242136},
  year={2023},
  publisher={SAGE Publications Sage UK: London, England}
}

@article{gpugicp,
  author={Koide, Kenji and Yokozuka, Masashi and Oishi, Shuji and Banno, Atsuhiko},
  journal={IEEE Robotics and Automation Letters}, 
  title={Globally Consistent 3D LiDAR Mapping With GPU-Accelerated GICP Matching Cost Factors}, 
  year={2021},
  volume={6},
  number={4},
  pages={8591-8598},
  keywords={Simultaneous localization and mapping;Robot localization;Three-dimensional displays;Optimization;Graphics processing units;Real-time systems;Laser radar;SLAM;localization;mapping},
  doi={10.1109/LRA.2021.3113043}
}

@article{hba,
  title={Large-scale lidar consistent mapping using hierarchical lidar bundle adjustment},
  author={Liu, Xiyuan and Liu, Zheng and Kong, Fanze and Zhang, Fu},
  journal={IEEE Robotics and Automation Letters},
  volume={8},
  number={3},
  pages={1523--1530},
  year={2023},
  publisher={IEEE}
}

@article{fan2023majorization,
  title={Majorization minimization methods for distributed pose graph optimization},
  author={Fan, Taosha and Murphey, Todd D},
  journal={IEEE Transactions on Robotics},
  year={2023},
  publisher={IEEE}
}

@article{mmvba,
  title={Decentralization and acceleration enables large-scale bundle adjustment},
  author={Fan, Taosha and Ortiz, Joseph and Hsiao, Ming and Monge, Maurizio and Dong, Jing and Murphey, Todd and Mukadam, Mustafa},
  journal={arXiv preprint arXiv:2305.07026},
  year={2023}
}

@article{schwarz2010mapping,
	title={Mapping the world in 3D},
	author={Schwarz, Brent},
	journal={Nature Photonics},
	volume={4},
	number={7},
	pages={429--430},
	year={2010},
	publisher={Nature Publishing Group}
}

@article{thrun2006stanley,
  title={Stanley: The robot that won the DARPA Grand Challenge},
  author={Thrun, Sebastian and Montemerlo, Mike and Dahlkamp, Hendrik and Stavens, David and Aron, Andrei and Diebel, James and Fong, Philip and Gale, John and Halpenny, Morgan and Hoffmann, Gabriel and others},
  journal={Journal of field Robotics},
  volume={23},
  number={9},
  pages={661--692},
  year={2006},
  publisher={Wiley Online Library}
}

@article{urmson2008autonomous,
  title={Autonomous driving in urban environments: Boss and the urban challenge},
  author={Urmson, Chris and Anhalt, Joshua and Bagnell, Drew and Baker, Christopher and Bittner, Robert and Clark, MN and Dolan, John and Duggins, Dave and Galatali, Tugrul and Geyer, Chris and others},
  journal={Journal of field Robotics},
  volume={25},
  number={8},
  pages={425--466},
  year={2008},
  publisher={Wiley Online Library}
}

@inproceedings{levinson2011towards,
  title={Towards fully autonomous driving: Systems and algorithms},
  author={Levinson, Jesse and Askeland, Jake and Becker, Jan and Dolson, Jennifer and Held, David and Kammel, Soeren and Kolter, J Zico and Langer, Dirk and Pink, Oliver and Pratt, Vaughan and others},
  booktitle={2011 IEEE intelligent vehicles symposium (IV)},
  pages={163--168},
  year={2011},
  organization={IEEE}
}

@article{ren2022bubble,
  title={Bubble Planner: Planning High-speed Smooth Quadrotor Trajectories using Receding Corridors},
  author={Ren, Yunfan and Zhu, Fangcheng and Liu, Wenyi and Wang, Zhepei and Lin, Yi and Gao, Fei and Zhang, Fu},
  journal={arXiv preprint arXiv:2202.12177},
  year={2022}
}

@article{gao2019flying,
  title={Flying on point clouds: Online trajectory generation and autonomous navigation for quadrotors in cluttered environments},
  author={Gao, Fei and Wu, William and Gao, Wenliang and Shen, Shaojie},
  journal={Journal of Field Robotics},
  volume={36},
  number={4},
  pages={710--733},
  year={2019},
  publisher={Wiley Online Library}
}

@article{bosse2012zebedee,
  title={Zebedee: Design of a spring-mounted 3-d range sensor with application to mobile mapping},
  author={Bosse, Michael and Zlot, Robert and Flick, Paul},
  journal={IEEE Transactions on Robotics},
  volume={28},
  number={5},
  pages={1104--1119},
  year={2012},
  publisher={IEEE}
}

@article{helmberger2022hilti,
  title={The hilti slam challenge dataset},
  author={Helmberger, Michael and Morin, Kristian and Berner, Beda and Kumar, Nitish and Cioffi, Giovanni and Scaramuzza, Davide},
  journal={IEEE Robotics and Automation Letters},
  year={2022},
  publisher={IEEE}
}

@article{liu2021low,
  title={Low-cost retina-like robotic lidars based on incommensurable scanning},
  author={Liu, Zheng and Zhang, Fu and Hong, Xiaoping},
  journal={IEEE/ASME Transactions on Mechatronics},
  volume={27},
  number={1},
  pages={58--68},
  year={2021},
  publisher={IEEE}
}

@article{wang2020mems,
  title={MEMS mirrors for LiDAR: a review},
  author={Wang, Dingkang and Watkins, Connor and Xie, Huikai},
  journal={Micromachines},
  volume={11},
  number={5},
  pages={456},
  year={2020},
  publisher={MDPI}
}

@article{lu1997globally,
  title={Globally consistent range scan alignment for environment mapping},
  author={Lu, Feng and Milios, Evangelos},
  journal={Autonomous robots},
  volume={4},
  number={4},
  pages={333--349},
  year={1997},
  publisher={Springer}
}

@article{koide2021globally,
  title={Globally consistent 3D LiDAR mapping with GPU-accelerated GICP matching cost factors},
  author={Koide, Kenji and Yokozuka, Masashi and Oishi, Shuji and Banno, Atsuhiko},
  journal={IEEE Robotics and Automation Letters},
  volume={6},
  number={4},
  pages={8591--8598},
  year={2021},
  publisher={IEEE}
}

@inproceedings{kaess2015simultaneous,
  title={Simultaneous localization and mapping with infinite planes},
  author={Kaess, Michael},
  booktitle={2015 IEEE International Conference on Robotics and Automation (ICRA)},
  pages={4605--4611},
  year={2015},
  organization={IEEE}
}

@inproceedings{hsiao2017keyframe,
  title={Keyframe-based dense planar SLAM},
  author={Hsiao, Ming and Westman, Eric and Zhang, Guofeng and Kaess, Michael},
  booktitle={2017 IEEE International Conference on Robotics and Automation (ICRA)},
  pages={5110--5117},
  year={2017},
  organization={Ieee}
}

@inproceedings{zhou2020efficient,
  title={An efficient planar bundle adjustment algorithm},
  author={Zhou, Lipu and Koppel, Daniel and Ju, Hul and Steinbruecker, Frank and Kaess, Michael},
  booktitle={2020 IEEE International Symposium on Mixed and Augmented Reality (ISMAR)},
  pages={136--145},
  year={2020},
  organization={IEEE}
}

@article{li2020lidar,
	title={Lidar for autonomous driving: The principles, challenges, and trends for automotive lidar and perception systems},
	author={Li, You and Ibanez-Guzman, Javier},
	journal={IEEE Signal Processing Magazine},
	volume={37},
	number={4},
	pages={50--61},
	year={2020},
	publisher={IEEE}
}

@article{kong2021avoiding,
	title={Avoiding dynamic small obstacles with onboard sensing and computation on aerial robots},
	author={Kong, Fanze and Xu, Wei and Cai, Yixi and Zhang, Fu},
	journal={IEEE Robotics and Automation Letters},
	volume={6},
	number={4},
	pages={7869--7876},
	year={2021},
	publisher={IEEE}
}

@inproceedings{hess2016real,
	title={Real-time loop closure in 2D LIDAR SLAM},
	author={Hess, Wolfgang and Kohler, Damon and Rapp, Holger and Andor, Daniel},
	booktitle={2016 IEEE international conference on robotics and automation (ICRA)},
	pages={1271--1278},
	year={2016},
	organization={IEEE}
}

@article{zhang2018comparison,
	title={A comparison of APD-and SPAD-based receivers for visible light communications},
	author={Zhang, Long and Chitnis, Danial and Chun, Hyunchae and Rajbhandari, Sujan and Faulkner, Grahame and O'Brien, Dominic and Collins, Steve},
	journal={Journal of Lightwave Technology},
	volume={36},
	number={12},
	pages={2435--2442},
	year={2018},
	publisher={IEEE}
}

@inproceedings{lin2020loam,
	title={Loam livox: A fast, robust, high-precision LiDAR odometry and mapping package for LiDARs of small FoV},
	author={Lin, Jiarong and Zhang, Fu},
	booktitle={2020 IEEE International Conference on Robotics and Automation (ICRA)},
	pages={3126--3131},
	year={2020},
	organization={IEEE}
}

@article{xu2021fast,
	title={Fast-lio: A fast, robust lidar-inertial odometry package by tightly-coupled iterated kalman filter},
	author={Xu, Wei and Zhang, Fu},
	journal={IEEE Robotics and Automation Letters},
	volume={6},
	number={2},
	pages={3317--3324},
	year={2021},
	publisher={IEEE}
}

@ARTICLE{xu2022fast,
	author={Xu, Wei and Cai, Yixi and He, Dongjiao and Lin, Jiarong and Zhang, Fu},
	journal={IEEE Transactions on Robotics}, 
	title={FAST-LIO2: Fast Direct LiDAR-Inertial Odometry}, 
	year={2022},
	volume={},
	number={},
	pages={1-21},
	doi={10.1109/TRO.2022.3141876}
}

@article{li2021towards,
	title={Towards high-performance solid-state-lidar-inertial odometry and mapping},
	author={Li, Kailai and Li, Meng and Hanebeck, Uwe D},
	journal={IEEE Robotics and Automation Letters},
	volume={6},
	number={3},
	pages={5167--5174},
	year={2021},
	publisher={IEEE}
}

@article{wang2021lightweight,
  title={Lightweight 3-D localization and mapping for solid-state LiDAR},
  author={Wang, Han and Wang, Chen and Xie, Lihua},
  journal={IEEE Robotics and Automation Letters},
  volume={6},
  number={2},
  pages={1801--1807},
  year={2021},
  publisher={IEEE}
}

@inproceedings{besl1992method,
	title={Method for registration of 3-D shapes},
	author={Besl, Paul J and McKay, Neil D},
	booktitle={Sensor fusion IV: control paradigms and data structures},
	volume={1611},
	pages={586--606},
	year={1992},
	organization={Spie}
}

@inproceedings{segal2009generalized,
	title={Generalized-icp.},
	author={Segal, Aleksandr and Haehnel, Dirk and Thrun, Sebastian},
	booktitle={Robotics: science and systems},
	volume={2},
	number={4},
	pages={435},
	year={2009},
	organization={Seattle, WA}
}

@inproceedings{biber2003normal,
	title={The normal distributions transform: A new approach to laser scan matching},
	author={Biber, Peter and Stra{\ss}er, Wolfgang},
	booktitle={Proceedings 2003 IEEE/RSJ International Conference on Intelligent Robots and Systems (IROS 2003)(Cat. No. 03CH37453)},
	volume={3},
	pages={2743--2748},
	year={2003},
	organization={IEEE}
}

@phdthesis{magnusson2009three,
	title={The three-dimensional normal-distributions transform: an efficient representation for registration, surface analysis, and loop detection},
	author={Magnusson, Martin},
	year={2009},
	school={{\"O}rebro universitet}
}

@inproceedings{zhang2014loam,
	title={LOAM: Lidar Odometry and Mapping in Real-time.},
	author={Zhang, Ji and Singh, Sanjiv},
	booktitle={Robotics: Science and Systems},
	volume={2},
	number={9},
	pages={1--9},
	year={2014},
	organization={Berkeley, CA}
}

@inproceedings{klein2007parallel,
	title={Parallel tracking and mapping for small AR workspaces},
	author={Klein, Georg and Murray, David},
	booktitle={2007 6th IEEE and ACM international symposium on mixed and augmented reality},
	pages={225--234},
	year={2007},
	organization={IEEE}
}

@article{mur2015orb,
	title={ORB-SLAM: a versatile and accurate monocular SLAM system},
	author={Mur-Artal, Raul and Montiel, Jose Maria Martinez and Tardos, Juan D},
	journal={IEEE transactions on robotics},
	volume={31},
	number={5},
	pages={1147--1163},
	year={2015},
	publisher={IEEE}
}

@article{mur2017orb,
	title={Orb-slam2: An open-source slam system for monocular, stereo, and rgb-d cameras},
	author={Mur-Artal, Raul and Tard{\'o}s, Juan D},
	journal={IEEE transactions on robotics},
	volume={33},
	number={5},
	pages={1255--1262},
	year={2017},
	publisher={IEEE}
}

@article{qin2018vins,
	title={Vins-mono: A robust and versatile monocular visual-inertial state estimator},
	author={Qin, Tong and Li, Peiliang and Shen, Shaojie},
	journal={IEEE Transactions on Robotics},
	volume={34},
	number={4},
	pages={1004--1020},
	year={2018},
	publisher={IEEE}
}

@article{campos2021orb,
	title={Orb-slam3: An accurate open-source library for visual, visual--inertial, and multimap slam},
	author={Campos, Carlos and Elvira, Richard and Rodr{\'\i}guez, Juan J G{\'o}mez and Montiel, Jos{\'e} MM and Tard{\'o}s, Juan D},
	journal={IEEE Transactions on Robotics},
	volume={37},
	number={6},
	pages={1874--1890},
	year={2021},
	publisher={IEEE}
}

@inproceedings{schoenberger2016mvs,
	author={Sch\"{o}nberger, Johannes Lutz and Zheng, Enliang and Pollefeys, Marc and Frahm, Jan-Michael},
	title={Pixelwise View Selection for Unstructured Multi-View Stereo},
	booktitle={European Conference on Computer Vision (ECCV)},
	year={2016},
}

@inproceedings{moulon2016openmvg,
	title={Openmvg: Open multiple view geometry},
	author={Moulon, Pierre and Monasse, Pascal and Perrot, Romuald and Marlet, Renaud},
	booktitle={International Workshop on Reproducible Research in Pattern Recognition},
	pages={60--74},
	year={2016},
	organization={Springer}
}

@inproceedings{li2013multiple,
	title={A multiple-camera system calibration toolbox using a feature descriptor-based calibration pattern},
	author={Li, Bo and Heng, Lionel and Koser, Kevin and Pollefeys, Marc},
	booktitle={2013 IEEE/RSJ International Conference on Intelligent Robots and Systems},
	pages={1301--1307},
	year={2013},
	organization={IEEE}
}

@inproceedings{zaharescu2006multiple,
	title={Multiple camera calibration using robust perspective factorization},
	author={Zaharescu, Andrei and Horaud, Radu and Ronfard, R{\'e}mi and Lefort, Loic},
	booktitle={Third International Symposium on 3D Data Processing, Visualization, and Transmission (3DPVT'06)},
	pages={504--511},
	year={2006},
	organization={IEEE}
}


@inproceedings{shan2018lego,
	title={Lego-loam: Lightweight and ground-optimized lidar odometry and mapping on variable terrain},
	author={Shan, Tixiao and Englot, Brendan},
	booktitle={2018 IEEE/RSJ International Conference on Intelligent Robots and Systems (IROS)},
	pages={4758--4765},
	year={2018},
	organization={IEEE}
}

@inproceedings{ferrer2019eigen,
	title={Eigen-factors: Plane estimation for multi-frame and time-continuous point cloud alignment},
	author={Ferrer, Gonzalo},
	booktitle={2019 IEEE/RSJ International Conference on Intelligent Robots and Systems (IROS)},
	pages={1278--1284},
	year={2019},
	organization={IEEE}
}

@inproceedings{zhou2021pi,
	title={$\pi$-LSAM: LiDAR smoothing and mapping with planes},
	author={Zhou, Lipu and Wang, Shengze and Kaess, Michael},
	booktitle={2021 IEEE International Conference on Robotics and Automation (ICRA)},
	pages={5751--5757},
	year={2021},
	organization={IEEE}
}

@inproceedings{geneva2018lips,
	title={Lips: Lidar-inertial 3d plane slam},
	author={Geneva, Patrick and Eckenhoff, Kevin and Yang, Yulin and Huang, Guoquan},
	booktitle={2018 IEEE/RSJ International Conference on Intelligent Robots and Systems (IROS)},
	pages={123--130},
	year={2018},
	organization={IEEE}
}

@article{huang2021bundle,
	title={On Bundle Adjustment for Multiview Point Cloud Registration},
	author={Huang, Huaiyang and Sun, Yuxiang and Wu, Jin and Jiao, Jianhao and Hu, Xiangcheng and Zheng, Linwei and Wang, Lujia and Liu, Ming},
	journal={IEEE Robotics and Automation Letters},
	volume={6},
	number={4},
	pages={8269--8276},
	year={2021},
	publisher={IEEE}
}

@inproceedings{ye2019tightly,
	title={Tightly coupled 3d lidar inertial odometry and mapping},
	author={Ye, Haoyang and Chen, Yuying and Liu, Ming},
	booktitle={2019 International Conference on Robotics and Automation (ICRA)},
	pages={3144--3150},
	year={2019},
	organization={IEEE}
}

@inproceedings{shan2020lio,
	title={Lio-sam: Tightly-coupled lidar inertial odometry via smoothing and mapping},
	author={Shan, Tixiao and Englot, Brendan and Meyers, Drew and Wang, Wei and Ratti, Carlo and Rus, Daniela},
	booktitle={2020 IEEE/RSJ International Conference on Intelligent Robots and Systems (IROS)},
	pages={5135--5142},
	year={2020},
	organization={IEEE}
}

@article{park2021elasticity,
  title={Elasticity meets continuous-time: Map-centric dense 3D LiDAR SLAM},
  author={Park, Chanoh and Moghadam, Peyman and Williams, Jason L and Kim, Soohwan and Sridharan, Sridha and Fookes, Clinton},
  journal={IEEE Transactions on Robotics},
  volume={38},
  number={2},
  pages={978--997},
  year={2021},
  publisher={IEEE}
}

@article{jiao2021robust,
  title={Robust odometry and mapping for multi-lidar systems with online extrinsic calibration},
  author={Jiao, Jianhao and Ye, Haoyang and Zhu, Yilong and Liu, Ming},
  journal={IEEE Transactions on Robotics},
  volume={38},
  number={1},
  pages={351--371},
  year={2021},
  publisher={IEEE}
}

@inproceedings{yokozuka2021litamin2,
  title={LiTAMIN2: Ultra light lidar-based slam using geometric approximation applied with KL-divergence},
  author={Yokozuka, Masashi and Koide, Kenji and Oishi, Shuji and Banno, Atsuhiko},
  booktitle={2021 IEEE International Conference on Robotics and Automation (ICRA)},
  pages={11619--11625},
  year={2021},
  organization={IEEE}
}

@inproceedings{behley2018efficient,
  title={Efficient Surfel-Based SLAM using 3D Laser Range Data in Urban Environments.},
  author={Behley, Jens and Stachniss, Cyrill},
  booktitle={Robotics: Science and Systems},
  volume={2018},
  pages={59},
  year={2018}
}

@article{surmann2003autonomous,
  title={An autonomous mobile robot with a 3D laser range finder for 3D exploration and digitalization of indoor environments},
  author={Surmann, Hartmut and N{\"u}chter, Andreas and Hertzberg, Joachim},
  journal={Robotics and Autonomous Systems},
  volume={45},
  number={3-4},
  pages={181--198},
  year={2003},
  publisher={Elsevier}
}

@inproceedings{mourikis2007multi,
  title={A Multi-State Constraint Kalman Filter for Vision-aided Inertial Navigation.},
  author={Mourikis, Anastasios I and Roumeliotis, Stergios I and others},
  booktitle={ICRA},
  volume={2},
  pages={6},
  year={2007}
}

@article{leutenegger2015keyframe,
  title={Keyframe-based visual--inertial odometry using nonlinear optimization},
  author={Leutenegger, Stefan and Lynen, Simon and Bosse, Michael and Siegwart, Roland and Furgale, Paul},
  journal={The International Journal of Robotics Research},
  volume={34},
  number={3},
  pages={314--334},
  year={2015},
  publisher={SAGE Publications Sage UK: London, England}
}

@article{huber2003fully,
  title={Fully automatic registration of multiple 3D data sets},
  author={Huber, Daniel F and Hebert, Martial},
  journal={Image and Vision Computing},
  volume={21},
  number={7},
  pages={637--650},
  year={2003},
  publisher={Elsevier}
}

@article{borrmann2008globally,
  title={Globally consistent 3D mapping with scan matching},
  author={Borrmann, Dorit and Elseberg, Jan and Lingemann, Kai and N{\"u}chter, Andreas and Hertzberg, Joachim},
  journal={Robotics and Autonomous Systems},
  volume={56},
  number={2},
  pages={130--142},
  year={2008},
  publisher={Elsevier}
}

@article{blais1995registering,
  title={Registering multiview range data to create 3D computer objects},
  author={Blais, G{\'e}rard and Levine, Martin D.},
  journal={IEEE Transactions on Pattern Analysis and Machine Intelligence},
  volume={17},
  number={8},
  pages={820--824},
  year={1995},
  publisher={IEEE}
}

@inproceedings{benjemaa1998solution,
  title={A solution for the registration of multiple 3D point sets using unit quaternions},
  author={Benjemaa, Raouf and Schmitt, Francis},
  booktitle={European conference on computer vision},
  pages={34--50},
  year={1998},
  organization={Springer}
}

@article{neugebauer1997reconstruction,
  title={Reconstruction of real-world objects via simultaneous registration and robust combination of multiple range images},
  author={Neugebauer, Peter J},
  journal={International journal of shape modeling},
  volume={3},
  number={01n02},
  pages={71--90},
  year={1997},
  publisher={World Scientific}
}

@inproceedings{triggs1999bundle,
  title={Bundle adjustment—a modern synthesis},
  author={Triggs, Bill and McLauchlan, Philip F and Hartley, Richard I and Fitzgibbon, Andrew W},
  booktitle={International workshop on vision algorithms},
  pages={298--372},
  year={1999},
  organization={Springer}
}

@article{zhou2021lidar,
  title={LiDAR SLAM with plane adjustment for indoor environment},
  author={Zhou, Lipu and Koppel, Daniel and Kaess, Michael},
  journal={IEEE Robotics and Automation Letters},
  volume={6},
  number={4},
  pages={7073--7080},
  year={2021},
  publisher={IEEE}
}

@inproceedings{trevor2012planar,
  title={Planar surface SLAM with 3D and 2D sensors},
  author={Trevor, Alexander JB and Rogers, John G and Christensen, Henrik I},
  booktitle={2012 IEEE International Conference on Robotics and Automation},
  pages={3041--3048},
  year={2012},
  organization={IEEE}
}

@article{pathak2010fast,
  title={Fast registration based on noisy planes with unknown correspondences for 3-D mapping},
  author={Pathak, Kaustubh and Birk, Andreas and Va{\v{s}}kevi{\v{c}}ius, Narunas and Poppinga, Jann},
  journal={IEEE Transactions on Robotics},
  volume={26},
  number={3},
  pages={424--441},
  year={2010},
  publisher={IEEE}
}

@inproceedings{holz2011real,
  title={Real-time plane segmentation using RGB-D cameras},
  author={Holz, Dirk and Holzer, Stefan and Rusu, Radu Bogdan and Behnke, Sven},
  booktitle={Robot Soccer World Cup},
  pages={306--317},
  year={2011},
  organization={Springer}
}

@inproceedings{poppinga2008fast,
  title={Fast plane detection and polygonalization in noisy 3D range images},
  author={Poppinga, Jann and Vaskevicius, Narunas and Birk, Andreas and Pathak, Kaustubh},
  booktitle={2008 IEEE/RSJ International Conference on Intelligent Robots and Systems},
  pages={3378--3383},
  year={2008},
  organization={IEEE}
}

@article{yuan2022efficient,
  title={Efficient and Probabilistic Adaptive Voxel Mapping for Accurate Online LiDAR Odometry},
  author={Yuan, Chongjian and Xu, Wei and Liu, Xiyuan and Hong, Xiaoping and Zhang, Fu},
  journal={IEEE Robotics and Automation Letters},
  year={2022},
  publisher={IEEE}
}

@article{bergevin1996towards,
	title={Towards a general multi-view registration technique},
	author={Bergevin, Robert and Soucy, Marc and Gagnon, Herve and Laurendeau, Denis},
	journal={IEEE Transactions on Pattern Analysis and Machine Intelligence},
	volume={18},
	number={5},
	pages={540--547},
	year={1996},
	publisher={IEEE}
}

@article{govindu2013averaging,
  title={On averaging multiview relations for 3D scan registration},
  author={Govindu, Venu Madhav and Pooja, A31729861374},
  journal={IEEE Transactions on Image Processing},
  volume={23},
  number={3},
  pages={1289--1302},
  year={2013},
  publisher={IEEE}
}

@inproceedings{pulli1999multiview,
	title={Multiview registration for large data sets},
	author={Pulli, Kari},
	booktitle={Second international conference on 3-d digital imaging and modeling (cat. no. pr00062)},
	pages={160--168},
	year={1999},
	organization={IEEE}
}

@article{zhu2019efficient,
  title={Efficient registration of multi-view point sets by K-means clustering},
  author={Zhu, Jihua and Jiang, Zutao and Evangelidis, Georgios D and Zhang, Changqing and Pang, Shanmin and Li, Zhongyu},
  journal={Information Sciences},
  volume={488},
  pages={205--218},
  year={2019},
  publisher={Elsevier}
}

@article{pearson1901liii,
	title={LIII. On lines and planes of closest fit to systems of points in space},
	author={Pearson, Karl},
	journal={The London, Edinburgh, and Dublin philosophical magazine and journal of science},
	volume={2},
	number={11},
	pages={559--572},
	year={1901},
	publisher={Taylor \& Francis}
}

@article{hertzberg2013integrating,
	title={Integrating generic sensor fusion algorithms with sound state representations through encapsulation of manifolds},
	author={Hertzberg, Christoph and Wagner, Ren{\'e} and Frese, Udo and Schr{\"o}der, Lutz},
	journal={Information Fusion},
	volume={14},
	number={1},
	pages={57--77},
	year={2013},
	publisher={Elsevier}
}

@book{bar2004estimation,
	title={Estimation with applications to tracking and navigation: theory algorithms and software},
	author={Bar-Shalom, Yaakov and Li, X Rong and Kirubarajan, Thiagalingam},
	year={2004},
	publisher={John Wiley \& Sons}
}

@article{forster2016manifold,
	title={On-manifold preintegration for real-time visual--inertial odometry},
	author={Forster, Christian and Carlone, Luca and Dellaert, Frank and Scaramuzza, Davide},
	journal={IEEE Transactions on Robotics},
	volume={33},
	number={1},
	pages={1--21},
	year={2016},
	publisher={IEEE}
}

@article{le2020in2laama,
  title={IN2LAAMA: Inertial lidar localization autocalibration and mapping},
  author={Le Gentil, Cedric and Vidal-Calleja, Teresa and Huang, Shoudong},
  journal={IEEE Transactions on Robotics},
  volume={37},
  number={1},
  pages={275--290},
  year={2020},
  publisher={IEEE}
}

@article{tong2013gaussian,
  title={Gaussian process gauss--newton for non-parametric simultaneous localization and mapping},
  author={Tong, Chi Hay and Furgale, Paul and Barfoot, Timothy D},
  journal={The International Journal of Robotics Research},
  volume={32},
  number={5},
  pages={507--525},
  year={2013},
  publisher={SAGE Publications Sage UK: London, England}
}


@inproceedings{droeschel2018efficient,
  title={Efficient continuous-time SLAM for 3D lidar-based online mapping},
  author={Droeschel, David and Behnke, Sven},
  booktitle={2018 IEEE International Conference on Robotics and Automation (ICRA)},
  pages={5000--5007},
  year={2018},
  organization={IEEE}
}

@article{helmberger2021hilti,
	title={The Hilti SLAM Challenge Dataset},
	author={Helmberger, Michael and Morin, Kristian and Kumar, Nitish and Wang, Danwei and Yue, Yufeng and Cioffi, Giovanni and Scaramuzza, Davide},
	journal={arXiv preprint arXiv:2109.11316},
	year={2021}
}

@article{nguyen2021ntu,
	title={NTU VIRAL: A visual-inertial-ranging-lidar dataset, from an aerial vehicle viewpoint},
	author={Nguyen, Thien-Minh and Yuan, Shenghai and Cao, Muqing and Lyu, Yang and Nguyen, Thien H and Xie, Lihua},
	journal={The International Journal of Robotics Research},
	pages={02783649211052312},
	year={2021},
	publisher={SAGE Publications Sage UK: London, England}
}

@inproceedings{wen2020urbanloco,
	title={Urbanloco: A full sensor suite dataset for mapping and localization in urban scenes},
	author={Wen, Weisong and Zhou, Yiyang and Zhang, Guohao and Fahandezh-Saadi, Saman and Bai, Xiwei and Zhan, Wei and Tomizuka, Masayoshi and Hsu, Li-Ta},
	booktitle={2020 IEEE International Conference on Robotics and Automation (ICRA)},
	pages={2310--2316},
	year={2020},
	organization={IEEE}
}

@inproceedings{filatov20172d,
	title={2d slam quality evaluation methods},
	author={Filatov, Anton and Filatov, Artyom and Krinkin, Kirill and Chen, Baian and Molodan, Diana},
	booktitle={2017 21st Conference of Open Innovations Association (FRUCT)},
	pages={120--126},
	year={2017},
	organization={IEEE}
}

@inproceedings{qin2020lins,
	title={Lins: A lidar-inertial state estimator for robust and efficient navigation},
	author={Qin, Chao and Ye, Haoyang and Pranata, Christian E and Han, Jun and Zhang, Shuyang and Liu, Ming},
	booktitle={2020 IEEE International Conference on Robotics and Automation (ICRA)},
	pages={8899--8906},
	year={2020},
	organization={IEEE}
}

@article{camurrihilti,
	title={HILTI SLAM Challenge Submission: VILENS and SLAM},
	author={Camurri, Marco and Zhang, Lintong and Wisth, David and Fallon, Maurice},
	journal={hilti-challenge},
	year={2021}
}

@article{lin2019fast,
	title={A fast, complete, point cloud based loop closure for lidar odometry and mapping},
	author={Lin, Jiarong and Zhang, Fu},
	journal={arXiv preprint arXiv:1909.11811},
	year={2019}
}

@inproceedings{kim2018scan,
	title={Scan context: Egocentric spatial descriptor for place recognition within 3d point cloud map},
	author={Kim, Giseop and Kim, Ayoung},
	booktitle={2018 IEEE/RSJ International Conference on Intelligent Robots and Systems (IROS)},
	pages={4802--4809},
	year={2018},
	organization={IEEE}
}

@article{kim2021scan,
	title={Scan context++: Structural place recognition robust to rotation and lateral variations in urban environments},
	author={Kim, Giseop and Choi, Sunwook and Kim, Ayoung},
	journal={IEEE Transactions on Robotics},
	year={2021},
	publisher={IEEE}
}

@ARTICLE{liu2021calib,
  author={Liu, Xiyuan and Zhang, Fu},
  journal={IEEE Robotics and Automation Letters},
  title={Extrinsic Calibration of Multiple LiDARs of Small FoV in Targetless Environments},
  year={2021},
  volume={6},
  number={2},
  pages={2036-2043},
  doi={10.1109/LRA.2021.3061387}
}

@ARTICLE{liu2022calib,
  author={Liu, Xiyuan and Yuan, Chongjian and Zhang, Fu},
  journal={IEEE Transactions on Instrumentation and Measurement},
  title={Targetless Extrinsic Calibration of Multiple Small FoV LiDARs and Cameras Using Adaptive Voxelization},
  year={2022},
  volume={71},
  number={},
  pages={1-12},
  doi={10.1109/TIM.2022.3176889}
}

@INPROCEEDINGS{kitti,
  author = {Andreas Geiger and Philip Lenz and Raquel Urtasun},
  title = {Are we ready for Autonomous Driving? The KITTI Vision Benchmark Suite},
  booktitle = {Conference on Computer Vision and Pattern Recognition (CVPR)},
  year = {2012}
}

@INPROCEEDINGS{mulls,
  author={Pan, Yue and Xiao, Pengchuan and He, Yujie and Shao, Zhenlei and Li, Zesong},
  booktitle={2021 IEEE International Conference on Robotics and Automation (ICRA)},
  title={MULLS: Versatile LiDAR SLAM via Multi-metric Linear Least Square},
  year={2021},
  volume={},
  number={},
  pages={11633-11640},
  doi={10.1109/ICRA48506.2021.9561364}
}

@article{yuan2021pixel,
  title={Pixel-level extrinsic self calibration of high resolution lidar and camera in targetless environments},
  author={Yuan, Chongjian and Liu, Xiyuan and Hong, Xiaoping and Zhang, Fu},
  journal={IEEE Robotics and Automation Letters},
  volume={6},
  number={4},
  pages={7517--7524},
  year={2021},
  publisher={IEEE}
}

@book{boyd2004convex,
  title={Convex optimization},
  author={Boyd, Stephen and Boyd, Stephen P and Vandenberghe, Lieven},
  year={2004},
  publisher={Cambridge university press}
}

@article{kaess2008isam,
  title={iSAM: Incremental smoothing and mapping},
  author={Kaess, Michael and Ranganathan, Ananth and Dellaert, Frank},
  journal={IEEE Transactions on Robotics},
  volume={24},
  number={6},
  pages={1365--1378},
  year={2008},
  publisher={IEEE}
}

@article{AgarwalCeresSolver2022,
  author = {Agarwal, Sameer and Mierle, Keir and The Ceres Solver Team},
  title = {{Ceres Solver}},
  license = {Apache-2.0},
  journal = {https://github.com/ceres-solver/ceres-solver},
  url = {},
  version = {2.1},
  year = {2022},
  month = {3}
}

@article{li2024supplementary,
  author = {Zheng, Liu and Xiyuan, Liu and Fu, Zhang},
  title = {Efficient and Consistent Bundle Adjustment on Lidar Point Clouds Supplementary},
  journal = {https://github.com/hku-mars/BALM/blob/master/Supplementary/supplementary.pdf},
  url = {},
  year = {2024},
  month = {}
}

@article{schwalbe20053d,
  title={3D building model generation from airborne laser scanner data using 2D GIS data and orthogonal point cloud projections},
  author={Schwalbe, Ellen and Maas, Hans-Gerd and Seidel, Frank},
  journal={Proceedings of ISPRS WG III/3, III/4},
  volume={3},
  pages={12--14},
  year={2005}
}

@book{allaire2008numerical,
  title={Numerical linear algebra},
  author={Allaire, Gr{\'e}goire and Kaber, Sidi Mahmoud and Trabelsi, Karim and Allaire, Gr{\'e}goire},
  volume={55},
  number={2008},
  year={2008},
  publisher={Springer}
}

@inproceedings{fan2020majorization,
  title={Majorization minimization methods for distributed pose graph optimization with convergence guarantees},
  author={Fan, Taosha and Murphey, Todd},
  booktitle={2020 IEEE/RSJ International Conference on Intelligent Robots and Systems (IROS)},
  pages={5058--5065},
  year={2020},
  organization={IEEE}
}

@article{pang2024lm,
  title={LM-mapping: Large-Scale and Multi-Session Point Cloud Consistent Mapping},
  author={Pang, Chenglin and Shen, Zhaohui and Yuan, Rui and Xu, Chen and Fang, Zheng},
  journal={IEEE Robotics and Automation Letters},
  year={2024},
  publisher={IEEE}
}

@article{yu2024slim,
  title={SLIM: Scalable and Lightweight LiDAR Mapping in Urban Environments},
  author={Yu, Zehuan and Qiao, Zhijian and Liu, Wenyi and Yin, Huan and Shen, Shaojie},
  journal={arXiv preprint arXiv:2409.08681},
  year={2024}
}

@article{sun2016majorization,
  title={Majorization-minimization algorithms in signal processing, communications, and machine learning},
  author={Sun, Ying and Babu, Prabhu and Palomar, Daniel P},
  journal={IEEE Transactions on Signal Processing},
  volume={65},
  number={3},
  pages={794--816},
  year={2016},
  publisher={IEEE}
}

@article{mairal2015incremental,
  title={Incremental majorization-minimization optimization with application to large-scale machine learning},
  author={Mairal, Julien},
  journal={SIAM Journal on Optimization},
  volume={25},
  number={2},
  pages={829--855},
  year={2015},
  publisher={SIAM}
}

@article{figueiredo2007majorization,
  title={Majorization--minimization algorithms for wavelet-based image restoration},
  author={Figueiredo, M{\'a}rio AT and Bioucas-Dias, Jos{\'e} M and Nowak, Robert D},
  journal={IEEE Transactions on Image processing},
  volume={16},
  number={12},
  pages={2980--2991},
  year={2007},
  publisher={IEEE}
}

@article{yuan2024btc,
  title={BTC: A Binary and Triangle Combined Descriptor for 3D Place Recognition},
  author={Yuan, Chongjian and Lin, Jiarong and Liu, Zheng and Wei, Hairuo and Hong, Xiaoping and Zhang, Fu},
  journal={IEEE Transactions on Robotics},
  year={2024},
  publisher={IEEE}
}

@software{gtsam,
  author       = {Frank Dellaert and GTSAM Contributors},
  title        = {borglab/gtsam},
  month        = May,
  year         = 2022,
  publisher    = {Georgia Tech Borg Lab},
  version      = {4.2a8},
  doi          = {10.5281/zenodo.5794541},
  url          = {https://github.com/borglab/gtsam)}
}


@article{lafarge2012creating,
  title={Creating large-scale city models from 3D-point clouds: a robust approach with hybrid representation},
  author={Lafarge, Florent and Mallet, Cl{\'e}ment},
  journal={International journal of computer vision},
  volume={99},
  pages={69--85},
  year={2012},
  publisher={Springer}
}

@article{huang2022city3d,
  title={City3D: Large-scale building reconstruction from airborne LiDAR point clouds},
  author={Huang, Jin and Stoter, Jantien and Peters, Ravi and Nan, Liangliang},
  journal={Remote Sensing},
  volume={14},
  number={9},
  pages={2254},
  year={2022},
  publisher={MDPI}
}

@article{wang2018lidar,
  title={Lidar point clouds to 3-D urban models $: $ A review},
  author={Wang, Ruisheng and Peethambaran, Jiju and Chen, Dong},
  journal={IEEE Journal of Selected Topics in Applied Earth Observations and Remote Sensing},
  volume={11},
  number={2},
  pages={606--627},
  year={2018},
  publisher={IEEE}
}

@article{boyko2011extracting,
  title={Extracting roads from dense point clouds in large scale urban environment},
  author={Boyko, Aleksey and Funkhouser, Thomas},
  journal={ISPRS Journal of Photogrammetry and Remote Sensing},
  volume={66},
  number={6},
  pages={S2--S12},
  year={2011},
  publisher={Elsevier}
}

@article{krusi2017driving,
  title={Driving on point clouds: Motion planning, trajectory optimization, and terrain assessment in generic nonplanar environments},
  author={Kr{\"u}si, Philipp and Furgale, Paul and Bosse, Michael and Siegwart, Roland},
  journal={Journal of Field Robotics},
  volume={34},
  number={5},
  pages={940--984},
  year={2017},
  publisher={Wiley Online Library}
}

@inproceedings{bioucas2006total,
  title={Total variation-based image deconvolution: a majorization-minimization approach},
  author={Bioucas-Dias, Jos{\'e} M and Figueiredo, Mario AT and Oliveira, Joao Pedro},
  booktitle={2006 IEEE International Conference on Acoustics Speech and Signal Processing Proceedings},
  volume={2},
  pages={II--II},
  year={2006},
  organization={IEEE}
}

@article{gong2020majorization,
  title={Majorization-minimization aided hybrid transceivers for MIMO interference channels},
  author={Gong, Shiqi and Xing, Chengwen and Lau, Vincent KN and Chen, Sheng and Hanzo, Lajos},
  journal={IEEE Transactions on Signal Processing},
  volume={68},
  pages={4903--4918},
  year={2020},
  publisher={IEEE}
}

@inproceedings{ren2022megba,
  title={Megba: A gpu-based distributed library for large-scale bundle adjustment},
  author={Ren, Jie and Liang, Wenteng and Yan, Ran and Mai, Luo and Liu, Shiwen and Liu, Xiao},
  booktitle={European Conference on Computer Vision},
  pages={715--731},
  year={2022},
  organization={Springer}
}

@inproceedings{demmel2020distributed,
  title={Distributed photometric bundle adjustment},
  author={Demmel, Nikolaus and Gao, Maolin and Laude, Emanuel and Wu, Tao and Cremers, Daniel},
  booktitle={2020 International Conference on 3D Vision (3DV)},
  pages={140--149},
  year={2020},
  organization={IEEE}
}

@inproceedings{zhou2020stochastic,
  title={Stochastic bundle adjustment for efficient and scalable 3d reconstruction},
  author={Zhou, Lei and Luo, Zixin and Zhen, Mingmin and Shen, Tianwei and Li, Shiwei and Huang, Zhuofei and Fang, Tian and Quan, Long},
  booktitle={European Conference on Computer Vision},
  pages={364--379},
  year={2020},
  organization={Springer}
}

@article{yin2023automerge,
  title={Automerge: A framework for map assembling and smoothing in city-scale environments},
  author={Yin, Peng and Zhao, Shiqi and Lai, Haowen and Ge, Ruohai and Zhang, Ji and Choset, Howie and Scherer, Sebastian},
  journal={IEEE Transactions on Robotics},
  year={2023},
  publisher={IEEE}
}

@article{liu2024voxel,
  title={Voxel-SLAM: A Complete, Accurate, and Versatile LiDAR-Inertial SLAM System},
  author={Liu, Zheng and Li, Haotian and Yuan, Chongjian and Liu, Xiyuan and Lin, Jiarong and Li, Rundong and Zheng, Chunran and Zhou, Bingyang and Liu, Wenyi and Zhang, Fu},
  journal={arXiv preprint arXiv:2410.08935},
  year={2024}
}