@article{freyosborne,
  author = {Frey, Carl and Osborne, Michael},
  year = {2013},
  month = {01},
  pages = {},
  title = {The Future of Employment: How Susceptible Are Jobs to Computerisation?},
  volume = {114},
  journal = {Oxford Martin},
  doi = {10.1016/j.techfore.2016.08.019}
}

@article{arntz,
  title={The Risk of Automation for Jobs in OECD Countries},
  author={Arntz, Melanie and Gregory, Terry and Zierahn, Ulrich},
  year={2016},
  publisher={OECD},
  doi={10.1787/5jlz9h56dvq7-en}
}

@article{towards,
  author = {Frank, Morgan and Autor, David and Bessen, James and Brynjolfsson, Erik and Cebrian, Manuel and Deming, David and Feldman, Maryann and Groh, Matthew and Lobo, Jos√© and Moro, Esteban and Wang, Dashun and Youn, Hyejin and Rahwan, Iyad},
  year = {2019},
  month = {04},
  pages = {6531-6539},
  title = {Toward understanding the impact of artificial intelligence on labor},
  volume = {116},
  journal = {Proceedings of the National Academy of Sciences of the United States of America},
  doi = {10.1073/pnas.1900949116}
}

@misc{webb_2019_the,
  author = {Webb, Michael},
  month = {11},
  title = {The Impact of Artificial Intelligence on the Labor Market},
  year = {2019},
  organization = {papers.ssrn.com}
}

@misc{onet,
  title = {O*NET Task Statements},
  howpublished = {O*NET OnLine},
  url = {https://www.onetonline.org/},
}

@misc{esco,
  title = {European Skills, Competences, Qualifications and Occupations (ESCO)},
  author = {European Commission},
  howpublished = {European Commission},
  url = {https://ec.europa.eu/esco/portal/home},
}

@misc{australian_labor_outlook,
  title = {Australian Labor Outlook},
  author = {Australian Government},
  howpublished = {Australian Government},
  url = {https://lmip.gov.au/default.aspx?LMIP},
}

@article{devlin2018bert,
  title={BERT: Pre-training of Deep Bidirectional Transformers for Language Understanding},
  author={Devlin, Jacob and Chang, Ming-Wei and Lee, Kenton and Toutanova, Kristina},
  journal={arXiv preprint arXiv:1810.04805},
  year={2018}
}

@article{croce2020ganbert,
  title={GAN-BERT: Generative Adversarial Learning for Robust Text Classification with a Bunch of Labeled Examples},
  author={Croce, D. and Castellucci, Giuseppe and Basili, R.},
  journal={ACL},
  year={2020},
  doi={10.18653/v1/2020.acl-main.191},
  url={https://dx.doi.org/10.18653/v1/2020.acl-main.191}
}

@article{lu2020vgcnbert,
  title={VGCN-BERT: Augmenting BERT with Graph Embedding for Text Classification},
  author={Lu, Zhibin and Du, Pan and Nie, J.},
  journal={Springer},
  year={2020},
  doi={10.1007/978-3-030-45439-5_25}
}

@article{xue2019finetuning,
  title={Fine-tuning BERT for Joint Entity and Relation Extraction in Chinese Medical Text},
  author={Xue, Kui and Zhou, Yangming and Ma, Zhiyuan and Ruan, Tong and Zhang, Huanhuan and He, Ping},
  journal={IEEE},
  year={2019},
  doi={10.1109/BIBM47256.2019.8983370},
  url={https://dx.doi.org/10.1109/BIBM47256.2019.8983370}
}

@misc{lavi2021consultantbert,
  title={conSultantBERT: Fine-tuned Siamese Sentence-BERT for Matching Jobs and Job Seekers}, 
  author={Dor Lavi and Volodymyr Medentsiy and David Graus},
  year={2021},
  eprint={2109.06501},
  archivePrefix={arXiv},
}

@article{autor2003rbtc,
  author = {Autor, David and Levy, Frank and Murnane, Richard},
  year = {2003},
  month = {02},
  title = {The Skill Content Of Recent Technological Change: An Empirical Exploration},
  volume = {118},
  journal = {Proceedings},
  doi = {10.1162/003355303322552801}
}

@article{card2002skill,
  title={Skill-Biased Technological Change and Rising Wage Inequality: Some Problems and Puzzles},
  author={Card, David and Dinardo, J.},
  journal={Journal of Labor Economics},
  year={2002},
  doi={10.1086/342055},
  url={https://dx.doi.org/10.1086/342055}
}

@article{buyst2018job,
  title={Job polarization: an historical perspective},
  author={Buyst, E. and Goos, M. and Salomons, A.},
  journal={Oxford Review of Economic Policy},
  year={2018},
  doi={10.1093/OXREP/GRY003},
  url={https://dx.doi.org/10.1093/OXREP/GRY003}
}
@article{kristal2020computerization,
  title={Why Has Computerization Increased Wage Inequality? Information, Occupational Structural Power, and Wage Inequality},
  author={Kristal, T.},
  journal={Work and Occupations},
  volume={47},
  number={4},
  pages={466--503},
  year={2020},
  doi={10.1177/0730888420941031},
  url={https://doi.org/10.1177/0730888420941031}
}

@article{nedelkoska2018automation,
  title={Automation, skills use and training},
  author={Nedelkoska, Ljubica and Quintini, G.},
  journal={OECD Social, Employment and Migration Working Papers},
  year={2018},
  doi={10.1787/2E2F4EEA-EN},
  url={https://dx.doi.org/10.1787/2E2F4EEA-EN}
}

@article{chui2016where,
  title={Where machines could replace humans--and where they can't (yet)},
  author={Chui, Michael and Manyika, James and Miremadi, Mehdi},
  journal={McKinsey Quarterly},
  year={2016},
  url={https://www.mckinsey.com/business-functions/mckinsey-digital/our-insights/where-machines-could-replace-humans-and-where-they-cant-yet}
}

@article{krawczyk2016learning,
  title={Learning from Imbalanced Data: Open Challenges and Future Directions},
  author={Krawczyk, Bartosz},
  journal={Progress in Artificial Intelligence},
  year={2016},
  volume={5},
  pages={221--232},
  publisher={Springer}
}

@inproceedings{zhang2015character,
  title={Character-level convolutional networks for text classification},
  author={Zhang, Xiang and Zhao, Junbo and LeCun, Yann},
  booktitle={Advances in neural information processing systems},
  pages={649--657},
  year={2015}
}
@misc{openai2023gpt4,
      title={GPT-4 Technical Report}, 
      author={OpenAI},
      year={2023},
      eprint={2303.08774},
      archivePrefix={arXiv},
      primaryClass={cs.CL}
}

@inproceedings{vaswani2017attention,
  title={Attention is All you Need},
  author={Vaswani, Ashish and Shazeer, Noam and Parmar, Niki and Uszkoreit, Jakob and Jones, Llion and Gomez, Aidan N and Kaiser, Lukasz and Polosukhin, Illia},
  booktitle={Advances in Neural Information Processing Systems},
  pages={5998--6008},
  year={2017}
}

@article{cessie1992ridge,
  title={Ridge Estimators in Logistic Regression},
  author={Cessie, Saskia le and Houwelingen, Hans C van},
  journal={Applied Statistics},
  pages={191--201},
  year={1992},
  publisher={JSTOR}
}

@article{breiman2001random,
  title={Random forests},
  author={Breiman, Leo},
  journal={Machine learning},
  volume={45},
  number={1},
  pages={5--32},
  year={2001},
  publisher={Springer}
}

@article{cortes1995support,
  title={Support-vector networks},
  author={Cortes, Corinna and Vapnik, Vladimir},
  journal={Machine learning},
  volume={20},
  number={3},
  pages={273--297},
  year={1995},
  publisher={Springer}
}


@article{graves2005framewise,
  title={Framewise phoneme classification with bidirectional LSTM and other neural network architectures},
  author={Graves, Alex and Schmidhuber, J{\"u}rgen},
  journal={Neural Networks},
  volume={18},
  number={5-6},
  pages={602--610},
  year={2005},
  publisher={Elsevier}
}


@article{cho2014learning,
  title={Learning phrase representations using RNN encoder-decoder for statistical machine translation},
  author={Cho, Kyunghyun and Van Merri{\"e}nboer, Bart and Gulcehre, Caglar and Bahdanau, Dzmitry and Bougares, Fethi and Schwenk, Holger and Bengio, Yoshua},
  journal={arXiv preprint arXiv:1406.1078},
  year={2014}
}


@article{yoon2020convolutional,
  title={Convolutional neural networks for sentence classification using 1D convolutions},
  author={Yoon, Kyunghee and McDonnell, Mark D},
  journal={IEEE Access},
  volume={8},
  pages={37043--37056},
  year={2020},
  publisher={IEEE}
}

@article{lan2019albert,
  title={ALBERT: A Lite BERT for Self-supervised Learning of Language Representations},
  author={Lan, Zhenzhong and Chen, Mingda and Goodman, Sebastian and Gimpel, Kevin and Sharma, Piyush and Soricut, Radu},
  journal={arXiv preprint arXiv:1909.11942},
  year={2019}
}


@article{clark2020electra,
  title={ELECTRA: Pre-training Text Encoders as Discriminators Rather Than Generators},
  author={Clark, Kevin and Luong, Minh-Thang and Le, Quoc V and Manning, Christopher D},
  journal={arXiv preprint arXiv:2003.10555},
  year={2020}
}

@article{sanh2019distilbert,
  title={DistilBERT, a distilled version of BERT: smaller, faster, cheaper and lighter},
  author={Sanh, Victor and Debut, Lysandre and Chaumond, Julien and Wolf, Thomas},
  journal={arXiv preprint arXiv:1910.01108},
  year={2019}
}

@inbook{dawei,
  author = {Xu, Dawei and Yang, Haoran and Rizoiu, Marian-Andrei and Xu, Guandong},
  year = {2022},
  month = {11},
  pages = {520-534},
  title = {Being Automated or Not? Risk Identification of Occupations with Graph Neural Networks},
  isbn = {978-3-031-22063-0},
  doi = {10.1007/978-3-031-22064-7_37},
  publisher={springer}
}

@techreport{mckinsey2017jobs,
  title={Jobs lost, jobs gained: What the future of work will mean for jobs, skills, and wages},
  author={McKinsey Global Institute},
  year={2017},
  url={https://www.mckinsey.com/featured-insights/future-of-work/jobs-lost-jobs-gained-what-the-future-of-work-will-mean-for-jobs-skills-and-wages}
}
