@article{arntz,
  title={The Risk of Automation for Jobs in OECD Countries},
  author={Arntz, Melanie and Gregory, Terry and Zierahn, Ulrich},
  year={2016},
  publisher={OECD},
  doi={10.1787/5jlz9h56dvq7-en}
}

@article{croce2020ganbert,
  title={GAN-BERT: Generative Adversarial Learning for Robust Text Classification with a Bunch of Labeled Examples},
  author={Croce, D. and Castellucci, Giuseppe and Basili, R.},
  journal={ACL},
  year={2020},
  doi={10.18653/v1/2020.acl-main.191},
  url={https://dx.doi.org/10.18653/v1/2020.acl-main.191}
}

@article{devlin2018bert,
  title={BERT: Pre-training of Deep Bidirectional Transformers for Language Understanding},
  author={Devlin, Jacob and Chang, Ming-Wei and Lee, Kenton and Toutanova, Kristina},
  journal={arXiv preprint arXiv:1810.04805},
  year={2018}
}

@article{freyosborne,
  author = {Frey, Carl and Osborne, Michael},
  year = {2013},
  month = {01},
  pages = {},
  title = {The Future of Employment: How Susceptible Are Jobs to Computerisation?},
  volume = {114},
  journal = {Oxford Martin},
  doi = {10.1016/j.techfore.2016.08.019}
}

@misc{lavi2021consultantbert,
  title={conSultantBERT: Fine-tuned Siamese Sentence-BERT for Matching Jobs and Job Seekers}, 
  author={Dor Lavi and Volodymyr Medentsiy and David Graus},
  year={2021},
  eprint={2109.06501},
  archivePrefix={arXiv},
}

@article{lu2020vgcnbert,
  title={VGCN-BERT: Augmenting BERT with Graph Embedding for Text Classification},
  author={Lu, Zhibin and Du, Pan and Nie, J.},
  journal={Springer},
  year={2020},
  doi={10.1007/978-3-030-45439-5_25}
}

@article{towards,
  author = {Frank, Morgan and Autor, David and Bessen, James and Brynjolfsson, Erik and Cebrian, Manuel and Deming, David and Feldman, Maryann and Groh, Matthew and Lobo, Jos√© and Moro, Esteban and Wang, Dashun and Youn, Hyejin and Rahwan, Iyad},
  year = {2019},
  month = {04},
  pages = {6531-6539},
  title = {Toward understanding the impact of artificial intelligence on labor},
  volume = {116},
  journal = {Proceedings of the National Academy of Sciences of the United States of America},
  doi = {10.1073/pnas.1900949116}
}

@misc{webb_2019_the,
  author = {Webb, Michael},
  month = {11},
  title = {The Impact of Artificial Intelligence on the Labor Market},
  year = {2019},
  organization = {papers.ssrn.com}
}

@article{xue2019finetuning,
  title={Fine-tuning BERT for Joint Entity and Relation Extraction in Chinese Medical Text},
  author={Xue, Kui and Zhou, Yangming and Ma, Zhiyuan and Ruan, Tong and Zhang, Huanhuan and He, Ping},
  journal={IEEE},
  year={2019},
  doi={10.1109/BIBM47256.2019.8983370},
  url={https://dx.doi.org/10.1109/BIBM47256.2019.8983370}
}

