@misc{abuelsaad2024agenteautonomouswebnavigation,
      title={Agent-E: From Autonomous Web Navigation to Foundational Design Principles in Agentic Systems}, 
      author={Tamer Abuelsaad and Deepak Akkil and Prasenjit Dey and Ashish Jagmohan and Aditya Vempaty and Ravi Kokku},
      year={2024},
      eprint={2407.13032},
      archivePrefix={arXiv},
      primaryClass={cs.AI},
      url={https://arxiv.org/abs/2407.13032}, 
}

@misc{gao2024empoweringbiomedicaldiscoveryai,
      title={Empowering Biomedical Discovery with AI Agents}, 
      author={Shanghua Gao and Ada Fang and Yepeng Huang and Valentina Giunchiglia and Ayush Noori and Jonathan Richard Schwarz and Yasha Ektefaie and Jovana Kondic and Marinka Zitnik},
      year={2024},
      eprint={2404.02831},
      archivePrefix={arXiv},
      primaryClass={cs.AI},
      url={https://arxiv.org/abs/2404.02831}, 
}

@misc{jiang2024kgagentefficientautonomousagent,
      title={KG-Agent: An Efficient Autonomous Agent Framework for Complex Reasoning over Knowledge Graph}, 
      author={Jinhao Jiang and Kun Zhou and Wayne Xin Zhao and Yang Song and Chen Zhu and Hengshu Zhu and Ji-Rong Wen},
      year={2024},
      eprint={2402.11163},
      archivePrefix={arXiv},
      primaryClass={cs.CL},
      url={https://arxiv.org/abs/2402.11163}, 
}

@misc{luo2024repoagentllmpoweredopensourceframework,
      title={RepoAgent: An LLM-Powered Open-Source Framework for Repository-level Code Documentation Generation}, 
      author={Qinyu Luo and Yining Ye and Shihao Liang and Zhong Zhang and Yujia Qin and Yaxi Lu and Yesai Wu and Xin Cong and Yankai Lin and Yingli Zhang and Xiaoyin Che and Zhiyuan Liu and Maosong Sun},
      year={2024},
      eprint={2402.16667},
      archivePrefix={arXiv},
      primaryClass={cs.CL},
      url={https://arxiv.org/abs/2402.16667}, 
}

@misc{wu2024stateflowenhancingllmtasksolving,
      title={StateFlow: Enhancing LLM Task-Solving through State-Driven Workflows}, 
      author={Yiran Wu and Tianwei Yue and Shaokun Zhang and Chi Wang and Qingyun Wu},
      year={2024},
      eprint={2403.11322},
      archivePrefix={arXiv},
      primaryClass={cs.CL},
      url={https://arxiv.org/abs/2403.11322}, 
}

@misc{xie2024travelplannerbenchmarkrealworldplanning,
      title={TravelPlanner: A Benchmark for Real-World Planning with Language Agents}, 
      author={Jian Xie and Kai Zhang and Jiangjie Chen and Tinghui Zhu and Renze Lou and Yuandong Tian and Yanghua Xiao and Yu Su},
      year={2024},
      eprint={2402.01622},
      archivePrefix={arXiv},
      primaryClass={cs.CL},
      url={https://arxiv.org/abs/2402.01622}, 
}

@misc{zhang2024omagentmultimodalagentframework,
      title={OmAgent: A Multi-modal Agent Framework for Complex Video Understanding with Task Divide-and-Conquer}, 
      author={Lu Zhang and Tiancheng Zhao and Heting Ying and Yibo Ma and Kyusong Lee},
      year={2024},
      eprint={2406.16620},
      archivePrefix={arXiv},
      primaryClass={cs.CV},
      url={https://arxiv.org/abs/2406.16620}, 
}

@misc{zhang2024surveymemorymechanismlarge,
      title={A Survey on the Memory Mechanism of Large Language Model based Agents}, 
      author={Zeyu Zhang and Xiaohe Bo and Chen Ma and Rui Li and Xu Chen and Quanyu Dai and Jieming Zhu and Zhenhua Dong and Ji-Rong Wen},
      year={2024},
      eprint={2404.13501},
      archivePrefix={arXiv},
      primaryClass={cs.AI},
      url={https://arxiv.org/abs/2404.13501}, 
}

@misc{zhu2024knowagentknowledgeaugmentedplanningllmbased,
      title={KnowAgent: Knowledge-Augmented Planning for LLM-Based Agents}, 
      author={Yuqi Zhu and Shuofei Qiao and Yixin Ou and Shumin Deng and Ningyu Zhang and Shiwei Lyu and Yue Shen and Lei Liang and Jinjie Gu and Huajun Chen},
      year={2024},
      eprint={2403.03101},
      archivePrefix={arXiv},
      primaryClass={cs.CL},
      url={https://arxiv.org/abs/2403.03101}, 
}

@misc{zong2024triadframeworkleveragingmultirole,
      title={Triad: A Framework Leveraging a Multi-Role LLM-based Agent to Solve Knowledge Base Question Answering}, 
      author={Chang Zong and Yuchen Yan and Weiming Lu and Jian Shao and Eliot Huang and Heng Chang and Yueting Zhuang},
      year={2024},
      eprint={2402.14320},
      archivePrefix={arXiv},
      primaryClass={cs.CL},
      url={https://arxiv.org/abs/2402.14320}, 
}

