@misc{Kuprashevich2023,
  author       = {Kuprashevich, Maksim and Tolstykh, Irina},
  title        = {MiVOLO: Multi-input Transformer for Age and Gender Estimation},
  year         = {2023}
}

@misc{Kuprashevich2024,
  author       = {Kuprashevich, Maksim and Alekseenko, Grigorii and Tolstykh, Irina},
  title        = {Beyond Specialization: Assessing the Capabilities of MLLMs in Age and Gender Estimation},
  year         = {2024}
}

@inproceedings{di2024onot,
  author       = {Di Domenico, Nicol{\`o} and Borghi, Guido and Franco, Annalisa and Maltoni, Davide},
  title        = {ONOT: A High-Quality ICAO-Compliant Synthetic Mugshot Dataset},
  booktitle    = {Proceedings of the 18th IEEE International Conference on Automatic Face and Gesture Recognition (FG)},
  year         = {2024}
}

@misc{nist2024fateweb,
  author       = {National Institute of Standards and Technology},
  title        = {Age Estimation Evaluation Frontpage},
  year         = {2024},
  url          = {https://pages.nist.gov/frvt/html/frvt_age_estimation.html}
}

@misc{nist2024fatepdf,
  author       = {National Institute of Standards and Technology},
  title        = {Age Estimation Evaluation Report},
  year         = {2024},
  url          = {https://pages.nist.gov/frvt/reports/aev/fate_aev_report.pdf}
}

@misc{david2024,
  author       = {David, Fran{\c{c}}ois and Novikov, Alexey A. and Parkhomenko, Ruslan and Voronin, Artem and Melchy, Alix},
  title        = {JAM: A Comprehensive Model for Age Estimation, Verification, and Comparability},
  year         = {2024},
  url          = {https://arxiv.org/abs/2410.04012}
}

@article{flux_dev,
  author       = {Black Forest Labs},
  title        = {FLUX.1: Redefining Text-to-Image AI with Superior Visual Fidelity},
  year         = {2024},
  url          = {https://fluxai.dev/}
}

@article{sd_35_large,
  author       = {Stability AI},
  title        = {Stable Diffusion 3.5 Large - The Most Advanced SD Model},
  year         = {2024},
  url          = {https://fluxai.pro/}
}

@article{sdxl_epic_realism,
  author       = {Civitai Community},
  title        = {Realism Engine SDXL - v3.0 VAE},
  year         = {2023},
  url          = {https://civitai.com/}
}

@misc{chen2023,
  author       = {Chen, Xiangyi and Lathuili{\`e}re, St{\'e}phane},
  title        = {Face Aging via Diffusion-based Editing},
  year         = {2023},
  eprint       = {2309.11321},
  archivePrefix= {arXiv},
  primaryClass = {cs.CV},
  url          = {https://arxiv.org/abs/2309.11321}
}

@inproceedings{tang2018,
  author       = {Tang, Xu and Wang, Zongwei and Luo, Weixin and Gao, Shenghua},
  title        = {Face Aging with Identity-Preserved Conditional Generative Adversarial Networks},
  booktitle    = {2018 IEEE/CVF Conference on Computer Vision and Pattern Recognition},
  year         = {2018},
  pages        = {7939--7947}
}

@misc{goodfellow2014,
  author       = {Goodfellow, Ian J. and Pouget-Abadie, Jean and Mirza, Mehdi and Xu, Bing and Warde-Farley, David and Ozair, Sherjil and Courville, Aaron and Bengio, Yoshua},
  title        = {Generative Adversarial Networks},
  year         = {2014},
  eprint       = {1406.2661},
  archivePrefix= {arXiv},
  primaryClass = {stat.ML},
  url          = {https://arxiv.org/abs/1406.2661}
}

@misc{wahid2024,
  author       = {Wahid, Junaid and Zhan, Fangneng and Rao, Pramod and Theobalt, Christian},
  title        = {DiffAge3D: Diffusion-based 3D-aware Face Aging},
  year         = {2024},
  eprint       = {2408.15922},
  archivePrefix= {arXiv},
  primaryClass = {cs.CV},
  url          = {https://arxiv.org/abs/2408.15922}
}

@article{Karras2019,
  author       = {Karras, Tero and Laine, Samuli and Aittala, Miika and Hellsten, Janne and Lehtinen, Jaakko and Aila, Timo},
  title        = {Analyzing and Improving the Image Quality of {StyleGAN}},
  journal      = {2020 IEEE/CVF Conference on Computer Vision and Pattern Recognition (CVPR)},
  year         = {2019},
  pages        = {8107--8116},
  url          = {https://api.semanticscholar.org/CorpusID:209202273}
}

@inproceedings{radford2021,
  author       = {Radford, Alec and Kim, Jong Wook and Hallacy, Chris and Ramesh, Aditya and Goh, Gabriel and Agarwal, Sandhini and Sastry, Girish and Askell, Amanda and Mishkin, Pamela and Clark, Jack and Krueger, Gretchen and Sutskever, Ilya},
  title        = {Learning Transferable Visual Models From Natural Language Supervision},
  booktitle    = {Proceedings of the 38th International Conference on Machine Learning},
  editor       = {Meila, Marina and Zhang, Tong},
  series       = {Proceedings of Machine Learning Research},
  volume       = {139},
  pages        = {8748--8763},
  year         = {2021},
  month        = {18--24 Jul},
  publisher    = {PMLR},
  url          = {https://proceedings.mlr.press/v139/radford21a.html},
  pdf          = {http://proceedings.mlr.press/v139/radford21a/radford21a.pdf}
}

@misc{yao2024,
  author       = {Yao, Wang and Farooq, Muhammad Ali and Lemley, Joseph and Corcoran, Peter},
  title        = {Synthetic Face Ageing: Evaluation, Analysis and Facilitation of Age-Robust Facial Recognition Algorithms},
  year         = {2024},
  eprint       = {2406.06932},
  archivePrefix= {arXiv},
  primaryClass = {cs.CV},
  url          = {https://arxiv.org/abs/2406.06932}
}

@article{Ganel2022,
  author       = {Ganel, Tzvi and Sofer, Carmel and Goodale, Melvyn A.},
  title        = {Biases in Human Perception of Facial Age Are Present and More Exaggerated in Current AI Technology},
  year         = {2022}
}

@article{Chu2023,
  author       = {Chu, Charlene H. and Donato-Woodger, Simon and Khan, Shehroz S. and Nyrup, Rune and Leslie, Kathleen and Lyn, Alexandra and Shi, Tianyu and Bianchi, Andria and Rahimi, Samira Abbasgholizadeh and Grenier, Amanda},
  title        = {Age-related Bias and Artificial Intelligence: A Scoping Review},
  year         = {2023}
}