@article{Karras2019,
  author       = {Karras, Tero and Laine, Samuli and Aittala, Miika and Hellsten, Janne and Lehtinen, Jaakko and Aila, Timo},
  title        = {Analyzing and Improving the Image Quality of {StyleGAN}},
  journal      = {2020 IEEE/CVF Conference on Computer Vision and Pattern Recognition (CVPR)},
  year         = {2019},
  pages        = {8107--8116},
  url          = {https://api.semanticscholar.org/CorpusID:209202273}
}

@misc{chen2023,
  author       = {Chen, Xiangyi and Lathuili{\`e}re, St{\'e}phane},
  title        = {Face Aging via Diffusion-based Editing},
  year         = {2023},
  eprint       = {2309.11321},
  archivePrefix= {arXiv},
  primaryClass = {cs.CV},
  url          = {https://arxiv.org/abs/2309.11321}
}

@misc{goodfellow2014,
  author       = {Goodfellow, Ian J. and Pouget-Abadie, Jean and Mirza, Mehdi and Xu, Bing and Warde-Farley, David and Ozair, Sherjil and Courville, Aaron and Bengio, Yoshua},
  title        = {Generative Adversarial Networks},
  year         = {2014},
  eprint       = {1406.2661},
  archivePrefix= {arXiv},
  primaryClass = {stat.ML},
  url          = {https://arxiv.org/abs/1406.2661}
}

@inproceedings{radford2021,
  author       = {Radford, Alec and Kim, Jong Wook and Hallacy, Chris and Ramesh, Aditya and Goh, Gabriel and Agarwal, Sandhini and Sastry, Girish and Askell, Amanda and Mishkin, Pamela and Clark, Jack and Krueger, Gretchen and Sutskever, Ilya},
  title        = {Learning Transferable Visual Models From Natural Language Supervision},
  booktitle    = {Proceedings of the 38th International Conference on Machine Learning},
  editor       = {Meila, Marina and Zhang, Tong},
  series       = {Proceedings of Machine Learning Research},
  volume       = {139},
  pages        = {8748--8763},
  year         = {2021},
  month        = {18--24 Jul},
  publisher    = {PMLR},
  url          = {https://proceedings.mlr.press/v139/radford21a.html},
  pdf          = {http://proceedings.mlr.press/v139/radford21a/radford21a.pdf}
}

@inproceedings{tang2018,
  author       = {Tang, Xu and Wang, Zongwei and Luo, Weixin and Gao, Shenghua},
  title        = {Face Aging with Identity-Preserved Conditional Generative Adversarial Networks},
  booktitle    = {2018 IEEE/CVF Conference on Computer Vision and Pattern Recognition},
  year         = {2018},
  pages        = {7939--7947}
}

@misc{wahid2024,
  author       = {Wahid, Junaid and Zhan, Fangneng and Rao, Pramod and Theobalt, Christian},
  title        = {DiffAge3D: Diffusion-based 3D-aware Face Aging},
  year         = {2024},
  eprint       = {2408.15922},
  archivePrefix= {arXiv},
  primaryClass = {cs.CV},
  url          = {https://arxiv.org/abs/2408.15922}
}

@misc{yao2024,
  author       = {Yao, Wang and Farooq, Muhammad Ali and Lemley, Joseph and Corcoran, Peter},
  title        = {Synthetic Face Ageing: Evaluation, Analysis and Facilitation of Age-Robust Facial Recognition Algorithms},
  year         = {2024},
  eprint       = {2406.06932},
  archivePrefix= {arXiv},
  primaryClass = {cs.CV},
  url          = {https://arxiv.org/abs/2406.06932}
}

