@inproceedings{10,
  title={{PINT: Probabilistic in-band network telemetry}},
  author={Ben Basat, Ran and Ramanathan, Sivaramakrishnan and Li, Yuliang and Antichi, Gianni and Yu, Minian and Mitzenmacher, Michael},
  booktitle={Proceedings of the Annual conference of the ACM Special Interest Group on Data Communication on the applications, technologies, architectures, and protocols for computer communication},
  pages={662--680},
  year={2020}
}

@inproceedings{11,
  title={{INT-label: Lightweight in-band network-wide telemetry via interval-based distributed labelling}},
  author={Song, Enge and Pan, Tian and Jia, Chenhao and Cao, Wendi and Zhang, Jiao and Huang, Tao and Liu, Yunjie},
  booktitle={IEEE INFOCOM 2021-IEEE Conference on Computer Communications},
  pages={1--10},
  year={2021},
  organization={IEEE}
}

@inproceedings{12,
  title={{INT-path: Towards optimal path planning for in-band network-wide telemetry}},
  author={Pan, Tian and Song, Enge and Bian, Zizheng and Lin, Xingchen and Peng, Xiaoyu and Zhang, Jiao and Huang, Tao and Liu, Bin and Liu, Yunjie},
  booktitle={IEEE INFOCOM 2019-IEEE Conference On Computer Communications},
  pages={487--495},
  year={2019},
  organization={IEEE}
}

@article{13,
  title={{Netview: Towards on-demand network-wide telemetry in the data center}},
  author={Lin, Yunsenxiao and Zhou, Yu and Liu, Zhengzheng and Liu, Ke and Wang, Yangyang and Xu, Mingwei and Bi, Jun and Liu, Ying and Wu, Jianping},
  journal={Computer Networks},
  volume={180},
  pages={107386},
  year={2020},
  publisher={Elsevier}
}

@article{15,
  title={{Micro-burst in data centers: Observations, implications, and applications}},
  author={Shan, Danfeng and Ren, Fengyuan and Cheng, Peng and Shu, Ran},
  journal={arXiv preprint arXiv:1604.07621},
  year={2016}
}

@inproceedings{16,
  title={{Network traffic characteristics of data centers in the wild}},
  author={Benson, Theophilus and Akella, Aditya and Maltz, David A},
  booktitle={Proceedings of the 10th ACM SIGCOMM conference on Internet measurement},
  pages={267--280},
  year={2010}
}

@ARTICLE{17,
  author={Nan, Haihan and Li, Ruidong and Zhu, Xiaoyan and Ma, Jianfeng and Niyato, Dusit},
  journal={IEEE Network}, 
  title={{An Efficient Data-Driven Traffic Prediction Framework for Network Digital Twin}}, 
  year={2024},
  volume={38},
  number={1},
  pages={22-29},
  keywords={Time series analysis;Digital twins;Task analysis;Telecommunication traffic;Predictive models;Correlation;Complexity theory;Network Digital Twin;Traffic Prediction;Artificial Intelligence;Transfer Learning;Transformer;Performance Evaluation},
  doi={10.1109/MNET.2023.3335952}}

@book{20,
  title={{Reinforcement learning: An introduction}},
  author={Sutton, Richard S and Barto, Andrew G},
  year={2018},
  publisher={MIT press}
}

@article{23,
  title={{Graph neural networks: A review of methods and applications}},
  author={Zhou, Jie and Cui, Ganqu and Hu, Shengding and Zhang, Zhengyan and Yang, Cheng and Liu, Zhiyuan and Wang, Lifeng and Li, Changcheng and Sun, Maosong},
  journal={AI open},
  volume={1},
  pages={57--81},
  year={2020},
  publisher={Elsevier}
}

@article{27,
  title={{Connecting the Dots: Multivariate Time Series Forecasting with Graph Neural Networks}},
  author={ Wu, Zonghan  and  Pan, Shirui  and  Long, Guodong  and  Jiang, Jing  and  Chang, Xiaojun  and  Zhang, Chengqi },
  journal={ACM},
  year={2020},
}

@ARTICLE{33,
  author={Tang, Shaofei and Li, Deyun and Niu, Bin and Peng, Jianquan and Zhu, Zuqing},
  journal={IEEE Transactions on Network and Service Management}, 
  title={{Sel-INT: A Runtime-Programmable Selective In-Band Network Telemetry System}}, 
  year={2020},
  volume={17},
  number={2},
  pages={708-721},
  keywords={Switches;Optical fibers;Monitoring;Runtime;Software;Telemetry;Protocols;In-band network telemetry (INT);software-defined networking (SDN);protocol-oblivious forwarding (POF);OpenvSwitch (OVS);runtime programmability},
  doi={10.1109/TNSM.2019.2953327}}

@INPROCEEDINGS{35,
  author={Waheeb, Waddah and Ghazali, Rozaida and Shah, Habib},
  booktitle={2019 International Conference on Computer and Information Sciences (ICCIS)}, 
  title={{Nonlinear Autoregressive Moving-average (NARMA) Time Series Forecasting Using Neural Networks}}, 
  year={2019},
  volume={},
  number={},
  pages={1-5},
  keywords={Time series analysis;Neural networks;Predictive models;Forecasting;Autoregressive processes;Mathematical model;Training;time series forecasting;moving-average modelling;NARMA;error feedback;recurrent network},
  doi={10.1109/ICCISci.2019.8716417}}

@ARTICLE{36,
  author={Ertekin, Seyda and Bottou, Leon and Giles, C. Lee},
  journal={IEEE Transactions on Pattern Analysis and Machine Intelligence}, 
  title={{Nonconvex Online Support Vector Machines}}, 
  year={2011},
  volume={33},
  number={2},
  pages={368-381},
  keywords={Support vector machines;Support vector machine classification;Machine learning;Iterative algorithms;Fasteners;Machine learning algorithms;Computer science;National electric code;Laboratories;Educational institutions;Online learning;nonconvex optimization;support vector machines;active learning.},
  doi={10.1109/TPAMI.2010.109}}

@INPROCEEDINGS{37,
  author={Lu, Haipeng and Yang, Fan},
  booktitle={2018 IEEE 4th International Conference on Computer and Communications (ICCC)}, 
  title={{Research on Network Traffic Prediction Based on Long Short-Term Memory Neural Network}}, 
  year={2018},
  volume={},
  number={},
  pages={1109-1113},
  keywords={Predictive models;Neural networks;Training;Telecommunication traffic;Real-time systems;Training data;Data models;long short-term memory (LSTM);network traffic prediction;time series prediction;short-term traffic},
  doi={10.1109/CompComm.2018.8781071}}

@INPROCEEDINGS{38,
  author={Kisanga, Patrice and Woungang, Isaac and Traore, Issa and Carvalho, Glaucio H. S.},
  booktitle={2023 International Conference on Computing, Networking and Communications (ICNC)}, 
  title={{Network Anomaly Detection Using a Graph Neural Network}}, 
  year={2023},
  volume={},
  number={},
  pages={61-65},
  keywords={Computational modeling;Network security;Benchmark testing;Graph neural networks;Convolutional neural networks;Computer crime;Anomaly detection;Anomaly detection;intrusion prevention system;intrusion detection systems;Activity and Event Network (AEN);Graph neural network (GNN);datasets;Graph convolutional network (GCN)},
  doi={10.1109/ICNC57223.2023.10074111}}

@article{39,
  title={{Graph WaveNet for Deep Spatial-Temporal Graph Modeling}},
  author={ Wu, Zonghan  and  Pan, Shirui  and  Long, Guodong  and  Jiang, Jing  and  Zhang, Chengqi },
  year={2019},
}

@article{40,
  title={{Forecasting thermal parameters for ultra-high voltage transformers using long- and short-term time-series network with conditional mutual information}},
  author={ Lin, Weiqing  and  Miao, Xiren  and  Chen, Jing  and  Xiao, Sa  and  Lu, Yanzhen  and  Jiang, Hao },
  journal={IET electric power applications},
  number={5},
  pages={16},
  year={2022},
}

@article{5,
  title={{In-band Network Telemetry via Programmable Dataplanes}},
  author={ Kim, Changhoon  and  Sivaraman, Anirudh  and  Katta, Naga  and  Bas, Antonin  and  Dixit, Advait  and  Wobker, Lawrence J  and  Networks, Barefoot },
  year={2015}
}

@INPROCEEDINGS{8,
  author={Bhamare, Deval and Kassler, Andreas and Vestin, Jonathan and Khoshkholghi, Mohammad Ali and Taheri, Javid},
  booktitle={ICC 2019 - 2019 IEEE International Conference on Communications (ICC)}, 
  title={{IntOpt: In-Band Network Telemetry Optimization for NFV Service Chain Monitoring}}, 
  year={2019},
  volume={},
  number={},
  pages={1-7},
  keywords={Monitoring;Telemetry;Probes;Program processors;Delays;Scalability;Substrates},
  doi={10.1109/ICC.2019.8761722}}

@ARTICLE{9,
  author={Tang, Shaofei and Zhao, Sicheng and Pan, Xiaoqin and Zhu, Zuqing},
  journal={IEEE/ACM Transactions on Networking}, 
  title={{How to Use In-Band Network Telemetry Wisely: Network-Wise Orchestration of Sel-INT}}, 
  year={2023},
  volume={31},
  number={1},
  pages={421-435},
  keywords={Monitoring;Telemetry;Probes;Optimization;Approximation algorithms;Planning;Bandwidth;In-band network telemetry (INT);selective INT (Sel-INT);software-defined networking (SDN);programmable data plane (PDP);Lagrangian relaxation (LR)},
  doi={10.1109/TNET.2022.3194086}}

@ARTICLE{AdapINT,
  author={Zhang, Penghui and Zhang, Hua and Pi, Yibo and Cao, Zijian and Wang, Jingyu and Liao, Jianxin},
  journal={IEEE Transactions on Network and Service Management}, 
  title={AdapINT: A Flexible and Adaptive In-Band Network Telemetry System Based on Deep Reinforcement Learning}, 
  year={2024},
  volume={21},
  number={5},
  pages={5505-5520},
  keywords={Telemetry;Probes;Network topology;Heuristic algorithms;Path planning;Adaptation models;Task analysis;Network telemetry;deep reinforcement learning;self-attention;multi-objective optimization;transfer learning},
  doi={10.1109/TNSM.2024.3427403}}

