@article{LegalBench,
  author       = {Nicholas Pipitone and
                  Ghita Houir Alami},
  title        = {LegalBench-RAG: {A} Benchmark for Retrieval-Augmented Generation in
                  the Legal Domain},
  journal      = {CoRR},
  volume       = {abs/2408.10343},
  year         = {2024},
  url          = {https://doi.org/10.48550/arXiv.2408.10343},
  doi          = {10.48550/ARXIV.2408.10343},
  eprinttype    = {arXiv},
  eprint       = {2408.10343},
  timestamp    = {Tue, 24 Sep 2024 17:36:31 +0200},
  biburl       = {https://dblp.org/rec/journals/corr/abs-2408-10343.bib},
  bibsource    = {dblp computer science bibliography, https://dblp.org}
}

@article{RAGBench,
  author       = {Robert Friel and
                  Masha Belyi and
                  Atindriyo Sanyal},
  title        = {RAGBench: Explainable Benchmark for Retrieval-Augmented Generation
                  Systems},
  journal      = {CoRR},
  volume       = {abs/2407.11005},
  year         = {2024},
  url          = {https://doi.org/10.48550/arXiv.2407.11005},
  doi          = {10.48550/ARXIV.2407.11005},
  eprinttype    = {arXiv},
  eprint       = {2407.11005},
  timestamp    = {Fri, 23 Aug 2024 14:08:56 +0200},
  biburl       = {https://dblp.org/rec/journals/corr/abs-2407-11005.bib},
  bibsource    = {dblp computer science bibliography, https://dblp.org}
}

@article{activerag,
  author       = {Zhipeng Xu and
                  Zhenghao Liu and
                  Yibin Liu and
                  Chenyan Xiong and
                  Yukun Yan and
                  Shuo Wang and
                  Shi Yu and
                  Zhiyuan Liu and
                  Ge Yu},
  title        = {ActiveRAG: Revealing the Treasures of Knowledge via Active Learning},
  journal      = {CoRR},
  volume       = {abs/2402.13547},
  year         = {2024},
  url          = {https://doi.org/10.48550/arXiv.2402.13547},
  doi          = {10.48550/ARXIV.2402.13547},
  eprinttype    = {arXiv},
  eprint       = {2402.13547},
  timestamp    = {Sat, 20 Jul 2024 15:05:01 +0200},
  biburl       = {https://dblp.org/rec/journals/corr/abs-2402-13547.bib},
  bibsource    = {dblp computer science bibliography, https://dblp.org}
}

@misc{edge2024localglobalgraphrag,
      title={From Local to Global: A Graph RAG Approach to Query-Focused Summarization}, 
      author={Darren Edge and Ha Trinh and Newman Cheng and Joshua Bradley and Alex Chao and Apurva Mody and Steven Truitt and Jonathan Larson},
      year={2024},
      eprint={2404.16130},
      archivePrefix={arXiv},
      primaryClass={cs.CL},
      url={https://arxiv.org/abs/2404.16130}, 
}

@misc{gao2024retrievalaugmented,
      title={Retrieval-Augmented Generation for Large Language Models: A Survey}, 
      author={Yunfan Gao and Yun Xiong and Xinyu Gao and Kangxiang Jia and Jinliu Pan and Yuxi Bi and Yi Dai and Jiawei Sun and Qianyu Guo and Meng Wang and Haofen Wang},
      year={2024},
      eprint={2312.10997},
      archivePrefix={arXiv},
      primaryClass={cs.CL}
}

@misc{gutiérrez2024hipporagneurobiologicallyinspiredlongterm,
      title={HippoRAG: Neurobiologically Inspired Long-Term Memory for Large Language Models}, 
      author={Bernal Jiménez Gutiérrez and Yiheng Shu and Yu Gu and Michihiro Yasunaga and Yu Su},
      year={2024},
      eprint={2405.14831},
      archivePrefix={arXiv},
      primaryClass={cs.CL},
      url={https://arxiv.org/abs/2405.14831}, 
}

@inproceedings{jiang2023active,
  author       = {Zhengbao Jiang and
                  Frank F. Xu and
                  Luyu Gao and
                  Zhiqing Sun and
                  Qian Liu and
                  Jane Dwivedi{-}Yu and
                  Yiming Yang and
                  Jamie Callan and
                  Graham Neubig},
  editor       = {Houda Bouamor and
                  Juan Pino and
                  Kalika Bali},
  title        = {Active Retrieval Augmented Generation},
  booktitle    = {Proceedings of the 2023 Conference on Empirical Methods in Natural
                  Language Processing, {EMNLP} 2023, Singapore, December 6-10, 2023},
  pages        = {7969--7992},
  publisher    = {Association for Computational Linguistics},
  year         = {2023},
  url          = {https://doi.org/10.18653/v1/2023.emnlp-main.495},
  doi          = {10.18653/V1/2023.EMNLP-MAIN.495},
  timestamp    = {Fri, 12 Apr 2024 13:11:50 +0200},
  biburl       = {https://dblp.org/rec/conf/emnlp/JiangXGSLDYCN23.bib},
  bibsource    = {dblp computer science bibliography, https://dblp.org}
}

@inproceedings{kilt,
  author       = {Fabio Petroni and
                  Aleksandra Piktus and
                  Angela Fan and
                  Patrick S. H. Lewis and
                  Majid Yazdani and
                  Nicola De Cao and
                  James Thorne and
                  Yacine Jernite and
                  Vladimir Karpukhin and
                  Jean Maillard and
                  Vassilis Plachouras and
                  Tim Rockt{\"{a}}schel and
                  Sebastian Riedel},
  editor       = {Kristina Toutanova and
                  Anna Rumshisky and
                  Luke Zettlemoyer and
                  Dilek Hakkani{-}T{\"{u}}r and
                  Iz Beltagy and
                  Steven Bethard and
                  Ryan Cotterell and
                  Tanmoy Chakraborty and
                  Yichao Zhou},
  title        = {{KILT:} a Benchmark for Knowledge Intensive Language Tasks},
  booktitle    = {Proceedings of the 2021 Conference of the North American Chapter of
                  the Association for Computational Linguistics: Human Language Technologies,
                  {NAACL-HLT} 2021, Online, June 6-11, 2021},
  pages        = {2523--2544},
  publisher    = {Association for Computational Linguistics},
  year         = {2021},
  url          = {https://doi.org/10.18653/v1/2021.naacl-main.200},
  doi          = {10.18653/V1/2021.NAACL-MAIN.200},
  timestamp    = {Sun, 02 Oct 2022 16:12:49 +0200},
  biburl       = {https://dblp.org/rec/conf/naacl/PetroniPFLYCTJK21.bib},
  bibsource    = {dblp computer science bibliography, https://dblp.org}
}

@inproceedings{lewis2020retrieval,
  title="{R}etrieval-{A}ugmented {G}eneration for Knowledge-Intensive {NLP} Tasks",
  author={Lewis, Patrick and Perez, Ethan and Piktus, Aleksandra and Petroni, Fabio and Karpukhin, Vladimir and Goyal, Naman and K\"{u}ttler, Heinrich and Lewis, Mike and Yih, Wen-tau and Rockt\"{a}schel, Tim and Riedel, Sebastian and Kiela, Douwe},
  booktitle=NeurIPS,
  pages={9459--9474},
  url={https://proceedings.neurips.cc/paper_files/paper/2020/file/6b493230205f780e1bc26945df7481e5-Paper.pdf},
  volume={33},
  year={2020}
}

@inproceedings{longrag,
  author       = {Qingfei Zhao and
                  Ruobing Wang and
                  Yukuo Cen and
                  Daren Zha and
                  Shicheng Tan and
                  Yuxiao Dong and
                  Jie Tang},
  editor       = {Yaser Al{-}Onaizan and
                  Mohit Bansal and
                  Yun{-}Nung Chen},
  title        = {LongRAG: {A} Dual-Perspective Retrieval-Augmented Generation Paradigm
                  for Long-Context Question Answering},
  booktitle    = {Proceedings of the 2024 Conference on Empirical Methods in Natural
                  Language Processing, {EMNLP} 2024, Miami, FL, USA, November 12-16,
                  2024},
  pages        = {22600--22632},
  publisher    = {Association for Computational Linguistics},
  year         = {2024},
  url          = {https://aclanthology.org/2024.emnlp-main.1259},
  timestamp    = {Thu, 14 Nov 2024 17:20:55 +0100},
  biburl       = {https://dblp.org/rec/conf/emnlp/ZhaoWCZTD024.bib},
  bibsource    = {dblp computer science bibliography, https://dblp.org}
}

@article{multihopbench,
  author       = {Yixuan Tang and
                  Yi Yang},
  title        = {MultiHop-RAG: Benchmarking Retrieval-Augmented Generation for Multi-Hop
                  Queries},
  journal      = {CoRR},
  volume       = {abs/2401.15391},
  year         = {2024},
  url          = {https://doi.org/10.48550/arXiv.2401.15391},
  doi          = {10.48550/ARXIV.2401.15391},
  eprinttype    = {arXiv},
  eprint       = {2401.15391},
  timestamp    = {Tue, 06 Feb 2024 14:15:49 +0100},
  biburl       = {https://dblp.org/rec/journals/corr/abs-2401-15391.bib},
  bibsource    = {dblp computer science bibliography, https://dblp.org}
}

@inproceedings{qian2024grounding,
  author       = {Hongjin Qian and
                  Zheng Liu and
                  Kelong Mao and
                  Yujia Zhou and
                  Zhicheng Dou},
  editor       = {Lun{-}Wei Ku and
                  Andre Martins and
                  Vivek Srikumar},
  title        = {Grounding Language Model with Chunking-Free In-Context Retrieval},
  booktitle    = {Proceedings of the 62nd Annual Meeting of the Association for Computational
                  Linguistics (Volume 1: Long Papers), {ACL} 2024, Bangkok, Thailand,
                  August 11-16, 2024},
  pages        = {1298--1311},
  publisher    = {Association for Computational Linguistics},
  year         = {2024},
  url          = {https://doi.org/10.18653/v1/2024.acl-long.71},
  doi          = {10.18653/V1/2024.ACL-LONG.71},
  timestamp    = {Tue, 24 Sep 2024 10:55:39 +0200},
  biburl       = {https://dblp.org/rec/conf/acl/Qian0M0D24.bib},
  bibsource    = {dblp computer science bibliography, https://dblp.org}
}

@inproceedings{raghallucination,
  author       = {Kurt Shuster and
                  Spencer Poff and
                  Moya Chen and
                  Douwe Kiela and
                  Jason Weston},
  editor       = {Marie{-}Francine Moens and
                  Xuanjing Huang and
                  Lucia Specia and
                  Scott Wen{-}tau Yih},
  title        = {Retrieval Augmentation Reduces Hallucination in Conversation},
  booktitle    = {Findings of the Association for Computational Linguistics: {EMNLP}
                  2021, Virtual Event / Punta Cana, Dominican Republic, 16-20 November,
                  2021},
  pages        = {3784--3803},
  publisher    = {Association for Computational Linguistics},
  year         = {2021},
  url          = {https://doi.org/10.18653/v1/2021.findings-emnlp.320},
  doi          = {10.18653/V1/2021.FINDINGS-EMNLP.320},
  timestamp    = {Fri, 16 Feb 2024 08:27:36 +0100},
  biburl       = {https://dblp.org/rec/conf/emnlp/0001PCKW21.bib},
  bibsource    = {dblp computer science bibliography, https://dblp.org}
}

@misc{yoon2024compactcompressingretrieveddocuments,
      title={CompAct: Compressing Retrieved Documents Actively for Question Answering}, 
      author={Chanwoong Yoon and Taewhoo Lee and Hyeon Hwang and Minbyul Jeong and Jaewoo Kang},
      year={2024},
      eprint={2407.09014},
      archivePrefix={arXiv},
      primaryClass={cs.CL},
      url={https://arxiv.org/abs/2407.09014}, 
}

@misc{zhao2024retrievalaugmentedgenerationrag,
      title={Retrieval Augmented Generation (RAG) and Beyond: A Comprehensive Survey on How to Make your LLMs use External Data More Wisely}, 
      author={Siyun Zhao and Yuqing Yang and Zilong Wang and Zhiyuan He and Luna K. Qiu and Lili Qiu},
      year={2024},
      eprint={2409.14924},
      archivePrefix={arXiv},
      primaryClass={cs.CL},
      url={https://arxiv.org/abs/2409.14924}, 
}

