@inproceedings{10.1145/3626772.3657690,
author = {Liao, Jiayi and Li, Sihang and Yang, Zhengyi and Wu, Jiancan and Yuan, Yancheng and Wang, Xiang and He, Xiangnan},
title = {LLaRA: Large Language-Recommendation Assistant},
year = {2024},
isbn = {9798400704314},
publisher = {Association for Computing Machinery},
address = {New York, NY, USA},
url = {https://doi.org/10.1145/3626772.3657690},
doi = {10.1145/3626772.3657690},
booktitle = {Proceedings of the 47th International ACM SIGIR Conference on Research and Development in Information Retrieval},
pages = {1785–1795},
numpages = {11},
keywords = {curriculum learning, hybrid prompting, large language models, sequential recommendation},
location = {Washington DC, USA},
series = {SIGIR '24}
}

@inproceedings{10.1145/3637528.3671931,
author = {Kim, Sein and Kang, Hongseok and Choi, Seungyoon and Kim, Donghyun and Yang, Minchul and Park, Chanyoung},
title = {Large Language Models meet Collaborative Filtering: An Efficient All-round LLM-based Recommender System},
year = {2024},
isbn = {9798400704901},
publisher = {Association for Computing Machinery},
address = {New York, NY, USA},
url = {https://doi.org/10.1145/3637528.3671931},
doi = {10.1145/3637528.3671931},
booktitle = {Proceedings of the 30th ACM SIGKDD Conference on Knowledge Discovery and Data Mining},
pages = {1395–1406},
numpages = {12},
keywords = {collaborative filtering, large language models, recommender system},
location = {Barcelona, Spain},
series = {KDD '24}
}

@inproceedings{bao2023tallrec,
  title={Tallrec: An effective and efficient tuning framework to align large language model with recommendation},
  author={Bao, Keqin and Zhang, Jizhi and Zhang, Yang and Wang, Wenjie and Feng, Fuli and He, Xiangnan},
  booktitle={Proceedings of the 17th ACM Conference on Recommender Systems},
  pages={1007--1014},
  year={2023}
}

@inproceedings{chaney2015probabilistic,
  title={A probabilistic model for using social networks in personalized item recommendation},
  author={Chaney, Allison JB and Blei, David M and Eliassi-Rad, Tina},
  booktitle={Proceedings of the 9th ACM Conference on Recommender Systems},
  pages={43--50},
  year={2015}
}

@inproceedings{dai2023uncovering,
  title={Uncovering chatgpt’s capabilities in recommender systems},
  author={Dai, Sunhao and Shao, Ninglu and Zhao, Haiyuan and Yu, Weijie and Si, Zihua and Xu, Chen and Sun, Zhongxiang and Zhang, Xiao and Xu, Jun},
  booktitle={Proceedings of the 17th ACM Conference on Recommender Systems},
  pages={1126--1132},
  year={2023}
}

@inproceedings{harte2023leveraging,
  title={Leveraging large language models for sequential recommendation},
  author={Harte, Jesse and Zorgdrager, Wouter and Louridas, Panos and Katsifodimos, Asterios and Jannach, Dietmar and Fragkoulis, Marios},
  booktitle={Proceedings of the 17th ACM Conference on Recommender Systems},
  pages={1096--1102},
  year={2023}
}

@inproceedings{he2017neural,
  title={Neural collaborative filtering},
  author={He, Xiangnan and Liao, Lizi and Zhang, Hanwang and Nie, Liqiang and Hu, Xia and Chua, Tat-Seng},
  booktitle={Proceedings of the 26th international conference on world wide web},
  pages={173--182},
  year={2017}
}

@article{hidasi2015session,
  title={Session-based recommendations with recurrent neural networks},
  author={Hidasi, Bal{\'a}zs and Karatzoglou, Alexandros and Baltrunas, Linas and Tikk, Domonkos},
  journal={arXiv preprint arXiv:1511.06939},
  year={2015}
}

@inproceedings{hou2024large,
  title={Large language models are zero-shot rankers for recommender systems},
  author={Hou, Yupeng and Zhang, Junjie and Lin, Zihan and Lu, Hongyu and Xie, Ruobing and McAuley, Julian and Zhao, Wayne Xin},
  booktitle={European Conference on Information Retrieval},
  pages={364--381},
  year={2024},
  organization={Springer}
}

@inproceedings{kang2018self,
  title={Self-attentive sequential recommendation},
  author={Kang, Wang-Cheng and McAuley, Julian},
  booktitle={2018 IEEE international conference on data mining (ICDM)},
  pages={197--206},
  year={2018},
  organization={IEEE}
}

@inproceedings{kim2023task,
  title={Task Relation-aware Continual User Representation Learning},
  author={Kim, Sein and Lee, Namkyeong and Kim, Donghyun and Yang, Minchul and Park, Chanyoung},
  booktitle={Proceedings of the 29th ACM SIGKDD Conference on Knowledge Discovery and Data Mining},
  pages={1107--1119},
  year={2023}
}

@article{krizhevsky2012imagenet,
  title={Imagenet classification with deep convolutional neural networks},
  author={Krizhevsky, Alex and Sutskever, Ilya and Hinton, Geoffrey E},
  journal={Advances in neural information processing systems},
  volume={25},
  year={2012}
}

@article{mnih2007probabilistic,
  title={Probabilistic matrix factorization},
  author={Mnih, Andriy and Salakhutdinov, Russ R},
  journal={Advances in neural information processing systems},
  volume={20},
  year={2007}
}

@inproceedings{oh2023muse,
  title={Muse: music recommender system with shuffle play recommendation enhancement},
  author={Oh, Yunhak and Yun, Sukwon and Hyun, Dongmin and Kim, Sein and Park, Chanyoung},
  booktitle={Proceedings of the 32nd ACM international conference on information and knowledge management},
  pages={1928--1938},
  year={2023}
}

@inproceedings{rendle2010factorizing,
  title={Factorizing personalized markov chains for next-basket recommendation},
  author={Rendle, Steffen and Freudenthaler, Christoph and Schmidt-Thieme, Lars},
  booktitle={Proceedings of the 19th international conference on World wide web},
  pages={811--820},
  year={2010}
}

@inproceedings{sanner2023large,
  title={Large language models are competitive near cold-start recommenders for language-and item-based preferences},
  author={Sanner, Scott and Balog, Krisztian and Radlinski, Filip and Wedin, Ben and Dixon, Lucas},
  booktitle={Proceedings of the 17th ACM conference on recommender systems},
  pages={890--896},
  year={2023}
}

@inproceedings{sun2019bert4rec,
  title={BERT4Rec: Sequential recommendation with bidirectional encoder representations from transformer},
  author={Sun, Fei and Liu, Jun and Wu, Jian and Pei, Changhua and Lin, Xiao and Ou, Wenwu and Jiang, Peng},
  booktitle={Proceedings of the 28th ACM international conference on information and knowledge management},
  pages={1441--1450},
  year={2019}
}

@inproceedings{tang2018personalized,
  title={Personalized top-n sequential recommendation via convolutional sequence embedding},
  author={Tang, Jiaxi and Wang, Ke},
  booktitle={Proceedings of the eleventh ACM international conference on web search and data mining},
  pages={565--573},
  year={2018}
}

@inproceedings{wu2019session,
  title={Session-based recommendation with graph neural networks},
  author={Wu, Shu and Tang, Yuyuan and Zhu, Yanqiao and Wang, Liang and Xie, Xing and Tan, Tieniu},
  booktitle={Proceedings of the AAAI conference on artificial intelligence},
  volume={33},
  number={01},
  pages={346--353},
  year={2019}
}

@inproceedings{wu2024coral,
  title={Coral: Collaborative retrieval-augmented large language models improve long-tail recommendation},
  author={Wu, Junda and Chang, Cheng-Chun and Yu, Tong and He, Zhankui and Wang, Jianing and Hou, Yupeng and McAuley, Julian},
  booktitle={Proceedings of the 30th ACM SIGKDD Conference on Knowledge Discovery and Data Mining},
  pages={3391--3401},
  year={2024}
}

@inproceedings{yuan2019simple,
  title={A simple convolutional generative network for next item recommendation},
  author={Yuan, Fajie and Karatzoglou, Alexandros and Arapakis, Ioannis and Jose, Joemon M and He, Xiangnan},
  booktitle={Proceedings of the twelfth ACM international conference on web search and data mining},
  pages={582--590},
  year={2019}
}

@article{yue2023llamarec,
  title={LlamaRec: Two-stage recommendation using large language models for ranking},
  author={Yue, Zhenrui and Rabhi, Sara and Moreira, Gabriel de Souza Pereira and Wang, Dong and Oldridge, Even},
  journal={arXiv preprint arXiv:2311.02089},
  year={2023}
}

@article{zhang2023collm,
  title={Collm: Integrating collaborative embeddings into large language models for recommendation},
  author={Zhang, Yang and Feng, Fuli and Zhang, Jizhi and Bao, Keqin and Wang, Qifan and He, Xiangnan},
  journal={arXiv preprint arXiv:2310.19488},
  year={2023}
}

