@inproceedings{pakdamanian2021deeptake,
  title={Deeptake: Prediction of driver takeover behavior using multimodal data},
  author={Pakdamanian, Erfan and Sheng, Shili and Baee, Sonia and Heo, Seongkook and Kraus, Sarit and Feng, Lu},
  booktitle={Proceedings of the 2021 CHI Conference on Human Factors in Computing Systems},
  pages={1--14},
  year={2021}
}

@inproceedings{fu2018learning,
  title={Learning Robust Rewards with Adverserial Inverse Reinforcement Learning},
  author={Fu, Justin and Luo, Katie and Levine, Sergey},
  booktitle={International Conference on Learning Representations},
  year={2018}
}

@article{yu2022leverage,
  title={How to Leverage Unlabeled Data in Offline Reinforcement Learning},
  author={Yu, Tianhe and Kumar, Aviral and Chebotar, Yevgen and Hausman, Karol and Finn, Chelsea and Levine, Sergey},
  journal={arXiv preprint arXiv:2202.01741},
  year={2022}
}

@article{ouyang2022training,
  title={Training language models to follow instructions with human feedback},
  author={Ouyang, Long and Wu, Jeff and Jiang, Xu and Almeida, Diogo and Wainwright, Carroll L and Mishkin, Pamela and Zhang, Chong and Agarwal, Sandhini and Slama, Katarina and Ray, Alex and others},
  journal={arXiv preprint arXiv:2203.02155},
  year={2022}
}


@article{celemin2019interactive,
  title={An interactive framework for learning continuous actions policies based on corrective feedback},
  author={Celemin, Carlos and Ruiz-del-Solar, Javier},
  journal={Journal of Intelligent \& Robotic Systems},
  volume={95},
  number={1},
  pages={77--97},
  year={2019},
  publisher={Springer}
}

@article{najar2020interactively,
  title={Interactively shaping robot behaviour with unlabeled human instructions},
  author={Najar, Anis and Sigaud, Olivier and Chetouani, Mohamed},
  journal={Autonomous Agents and Multi-Agent Systems},
  volume={34},
  number={2},
  pages={1--35},
  year={2020},
  publisher={Springer}
}

@article{lee2021pebble,
  title={Pebble: Feedback-efficient interactive reinforcement learning via relabeling experience and unsupervised pre-training},
  author={Lee, Kimin and Smith, Laura and Abbeel, Pieter},
  journal={arXiv preprint arXiv:2106.05091},
  year={2021}
}

@inproceedings{knox2012reinforcement,
  title={Reinforcement learning from human reward: Discounting in episodic tasks},
  author={Knox, W Bradley and Stone, Peter},
  booktitle={2012 IEEE RO-MAN: The 21st IEEE international symposium on robot and human interactive communication},
  pages={878--885},
  year={2012},
  organization={IEEE}
}

@article{wirth2017survey,
  title={A survey of preference-based reinforcement learning methods},
  author={Wirth, Christian and Akrour, Riad and Neumann, Gerhard and F{\"u}rnkranz, Johannes and others},
  journal={Journal of Machine Learning Research},
  volume={18},
  number={136},
  pages={1--46},
  year={2017},
  publisher={Journal of Machine Learning Research/Massachusetts Institute of Technology~â€¦}
}

@article{dafoe2020open,
  title={Open problems in cooperative AI},
  author={Dafoe, Allan and Hughes, Edward and Bachrach, Yoram and Collins, Tantum and McKee, Kevin R and Leibo, Joel Z and Larson, Kate and Graepel, Thore},
  journal={arXiv preprint arXiv:2012.08630},
  year={2020}
}

@book{russell2019human,
  title={Human compatible: Artificial intelligence and the problem of control},
  author={Russell, Stuart},
  year={2019},
  publisher={Penguin}
}

@article{peng2020non,
 author = {Peng, Zhenghao and Sun, Hao and Zhou, Bolei},
 journal = {ArXiv preprint},
 title = {Non-local Policy Optimization via Diversity-regularized Collaborative Exploration},
 url = {https://arxiv.org/abs/2006.07781},
 volume = {abs/2006.07781},
 year = {2020}
}

@article{sun2020novel,
 author = {Sun, Hao and Peng, Zhenghao and Dai, Bo and Guo, Jian and Lin, Dahua and Zhou, Bolei},
 journal = {ArXiv preprint},
 title = {Novel policy seeking with constrained optimization},
 url = {https://arxiv.org/abs/2005.10696},
 volume = {abs/2005.10696},
 year = {2020}
}

@article{sun2019learning,
 author = {Sun, Hao and Dai, Bo and Sun, Jiankai and Peng, Zhenghao and Xu, Guodong and Lin, Dahua and Zhou, Bolei},
 title = {Learning with Social Influence through Interior Policy Differentiation},
 year = {2019}
}

@article{li2020improving,
 author = {Li, Quanyi and Peng, Zhenghao and Zhang, Qihang and Qiu, Cong and Liu, Chunxiao and Zhou, Bolei},
 journal = {ArXiv preprint},
 title = {Improving the Generalization of End-to-End Driving through Procedural Generation},
 url = {https://arxiv.org/abs/2012.13681},
 volume = {abs/2012.13681},
 year = {2020}
}

@article{sun2021safe,
 author = {Sun, Hao and Xu, Ziping and Fang, Meng and Peng, Zhenghao and Guo, Jiadong and Dai, Bo and Zhou, Bolei},
 journal = {ArXiv preprint},
 title = {Safe exploration by solving early terminated mdp},
 url = {https://arxiv.org/abs/2107.04200},
 volume = {abs/2107.04200},
 year = {2021}
}


@article{li2021metadrive,
  title={Metadrive: Composing diverse driving scenarios for generalizable reinforcement learning},
  author={Li, Quanyi and Peng, Zhenghao and Feng, Lan and Zhang, Qihang and Xue, Zhenghai and Zhou, Bolei},
  journal={IEEE transactions on pattern analysis and machine intelligence},
  year={2022},
  publisher={IEEE}
}

@article{peng2021learning,
 author = {Peng, Zhenghao and Li, Quanyi and Hui, Ka Ming and Liu, Chunxiao and Zhou, Bolei},
 journal = {Advances in Neural Information Processing Systems},
 title = {Learning to Simulate Self-Driven Particles System with Coordinated Policy Optimization},
 volume = {34},
 year = {2021}
}

@inproceedings{peng2021safe,
 author = {Peng, Zhenghao and Li, Quanyi and Liu, Chunxiao and Zhou, Bolei},
 booktitle = {5th Annual Conference on Robot Learning},
 title = {Safe Driving via Expert Guided Policy Optimization},
 year = {2021}
}

@article{bolifang,
 author = {Fang, Boli and Peng, Zhenghao and Sun, Hao and Zhang, Qin},
 journal = {preprint},
 title = {Meta Proximal Policy Optimization for Cooperative Multi-Agent Continuous Control},
 year = {2020}
}

@inproceedings{li2021efficient,
 author = {Li, Quanyi and Peng, Zhenghao and Zhou, Bolei},
 booktitle = {International Conference on Learning Representations},
 title = {Efficient Learning of Safe Driving Policy via Human-AI Copilot Optimization},
 year = {2022}
}

@misc{metadrive-github,
 author = {Li, Quanyi and Peng, Zhenghao},
 howpublished = {\url{https://github.com/metadriverse/metadrive}},
 journal = {GitHub repository},
 publisher = {GitHub},
 title = {Metadrive: Composing diverse driving scenarios for generalizable reinforcement learning},
 year = {2021}
}

@inproceedings{swintextspotter,
 author = {Huang, Mingxin and Liu, Yuliang and Peng, Zhenghao and Liu, Chongyu and Lin, Dahua and Zhu, Shenggao and Yuan, Nicholas and Ding, Kai and Jin, Lianwen},
 booktitle = {Proceedings of the IEEE/CVF Conference on Computer Vision and Pattern Recognition},
 title = {SwinTextSpotter: Scene Text Spotting via Better Synergy between Text Detection and Text Recognition},
 year = {2022}
}

@article{degrave2022magnetic,
 author = {Degrave, Jonas and Felici, Federico and Buchli, Jonas and Neunert, Michael and Tracey, Brendan and Carpanese, Francesco and Ewalds, Timo and Hafner, Roland and Abdolmaleki, Abbas and de Las Casas, Diego and others},
 journal = {Nature},
 number = {7897},
 pages = {414--419},
 publisher = {Nature Publishing Group},
 title = {Magnetic control of tokamak plasmas through deep reinforcement learning},
 volume = {602},
 year = {2022}
}

@book{book,
 author = {Rajamani, R},
 doi = {10.1007/0-387-28823-6},
 pages = {},
 title = {Vehicle Dynamics and Control},
 year = {2006}
}

@inproceedings{Riedmiller2007Learning,
 author = {Riedmiller, Martin and Montemerlo, Mike and Dahlkamp, Hendrik},
 booktitle = {Frontiers in the Convergence of Bioscience \& Information Technologies},
 title = {Learning to Drive a Real Car in 20 Minutes},
 year = {2007}
}

@article{DBLP:journals/corr/BojarskiTDFFGJM16,
 author = {Mariusz Bojarski and
Davide Del Testa and
Daniel Dworakowski and
Bernhard Firner and
Beat Flepp and
Prasoon Goyal and
Lawrence D. Jackel and
Mathew Monfort and
Urs Muller and
Jiakai Zhang and
Xin Zhang and
Jake Zhao and
Karol Zieba},
 journal = {ArXiv preprint},
 title = {End to End Learning for Self-Driving Cars},
 url = {https://arxiv.org/abs/1604.07316},
 volume = {abs/1604.07316},
 year = {2016}
}

@article{Montemerlo2008Junior,
 author = {Montemerlo, Michael and Becker, Jan and Bhat, Suhrid and Dahlkamp, Hendrik and Thrun, Sebastian},
 journal = {Journal of Field Robotics},
 title = {Junior: The Stanford entry in the Urban Challenge},
 year = {2008}
}

@article{muller2018sim4cv,
 author = {M{\"u}ller, Matthias and Casser, Vincent and Lahoud, Jean and Smith, Neil and Ghanem, Bernard},
 journal = {International Journal of Computer Vision},
 number = {9},
 pages = {902--919},
 publisher = {Springer},
 title = {Sim4cv: A photo-realistic simulator for computer vision applications},
 volume = {126},
 year = {2018}
}

@inproceedings{cai2020summit,
 author = {Cai, Panpan and Lee, Yiyuan and Luo, Yuanfu and Hsu, David},
 booktitle = {2020 IEEE International Conference on Robotics and Automation (ICRA)},
 organization = {IEEE},
 pages = {4023--4029},
 title = {SUMMIT: A Simulator for Urban Driving in Massive Mixed Traffic},
 year = {2020}
}

@article{yurtsever2020survey,
 author = {Yurtsever, Ekim and Lambert, Jacob and Carballo, Alexander and Takeda, Kazuya},
 journal = {IEEE Access},
 pages = {58443--58469},
 publisher = {IEEE},
 title = {A survey of autonomous driving: Common practices and emerging technologies},
 volume = {8},
 year = {2020}
}

@misc{cardamoneinteractive,
 author = {Cardamone, L and Loiacono, D and Lanzi, PL},
 title = {Interactive track generator for torcs and speed dreams}
}

@inproceedings{georgiou2016personalised,
 author = {Georgiou, Theodosis and Demiris, Yiannis},
 booktitle = {2016 IEEE Conference on Computational Intelligence and Games (CIG)},
 organization = {IEEE},
 pages = {1--8},
 title = {Personalised track design in car racing games},
 year = {2016}
}

@article{herrera1998automatic,
 author = {Herrera, F and Lozano, M and Verdegay, J},
 journal = {Artif. Intell. Rev},
 number = {4},
 pages = {265--319},
 title = {Automatic track generation for high-end racing games using evolutionary computation},
 volume = {12},
 year = {1998}
}

@article{grigorescu2020survey,
 author = {Grigorescu, Sorin and Trasnea, Bogdan and Cocias, Tiberiu and Macesanu, Gigel},
 journal = {Journal of Field Robotics},
 number = {3},
 pages = {362--386},
 publisher = {Wiley Online Library},
 title = {A survey of deep learning techniques for autonomous driving},
 volume = {37},
 year = {2020}
}

@article{goslin2004panda3d,
 author = {Goslin, Mike and Mine, Mark R},
 journal = {Computer},
 number = {10},
 pages = {112--114},
 publisher = {IEEE},
 title = {The Panda3D graphics engine},
 volume = {37},
 year = {2004}
}

@inproceedings{hoel2018automated,
 author = {Hoel, Carl-Johan and Wolff, Krister and Laine, Leo},
 booktitle = {2018 21st International Conference on Intelligent Transportation Systems (ITSC)},
 organization = {IEEE},
 pages = {2148--2155},
 title = {Automated speed and lane change decision making using deep reinforcement learning},
 year = {2018}
}

@inproceedings{gritschneder2016adaptive,
 author = {Gritschneder, Franz and Hatzelmann, Patrick and Thom, Markus and Kunz, Felix and Dietmayer, Klaus},
 booktitle = {2016 IEEE Intelligent Vehicles Symposium (IV)},
 organization = {IEEE},
 pages = {433--440},
 title = {Adaptive learning based on guided exploration for decision making at roundabouts},
 year = {2016}
}

@article{sallab2016end,
 author = {Sallab, Ahmad El and Abdou, Mohammed and Perot, Etienne and Yogamani, Senthil},
 journal = {ArXiv preprint},
 title = {End-to-end deep reinforcement learning for lane keeping assist},
 url = {https://arxiv.org/abs/1612.04340},
 volume = {abs/1612.04340},
 year = {2016}
}

@article{kiran2020deep,
 author = {Kiran, B Ravi and Sobh, Ibrahim and Talpaert, Victor and Mannion, Patrick and Sallab, Ahmad A Al and Yogamani, Senthil and P{\'e}rez, Patrick},
 journal = {ArXiv preprint},
 title = {Deep reinforcement learning for autonomous driving: A survey},
 url = {https://arxiv.org/abs/2002.00444},
 volume = {abs/2002.00444},
 year = {2020}
}

@inproceedings{vinitsky2018benchmarks,
 author = {Vinitsky, Eugene and Kreidieh, Aboudy and Le Flem, Luc and Kheterpal, Nishant and Jang, Kathy and Wu, Cathy and Wu, Fangyu and Liaw, Richard and Liang, Eric and Bayen, Alexandre M},
 booktitle = {Conference on Robot Learning},
 pages = {399--409},
 title = {Benchmarks for reinforcement learning in mixed-autonomy traffic},
 year = {2018}
}

@inproceedings{muller2006off,
 author = {Yann LeCun and
Urs Muller and
Jan Ben and
Eric Cosatto and
Beat Flepp},
 bibsource = {dblp computer science bibliography, https://dblp.org},
 biburl = {https://dblp.org/rec/conf/nips/LeCunMBCF05.bib},
 booktitle = {Advances in Neural Information Processing Systems 18 [Neural Information
Processing Systems, {NIPS} 2005, December 5-8, 2005, Vancouver, British
Columbia, Canada]},
 pages = {739--746},
 timestamp = {Thu, 21 Jan 2021 00:00:00 +0100},
 title = {Off-Road Obstacle Avoidance through End-to-End Learning},
 url = {https://proceedings.neurips.cc/paper/2005/hash/fdf1bc5669e8ff5ba45d02fded729feb-Abstract.html},
 year = {2005}
}

@inproceedings{pomerleau1989alvinn,
 author = {Pomerleau, Dean A},
 booktitle = {Advances in neural information processing systems},
 pages = {305--313},
 title = {Alvinn: An autonomous land vehicle in a neural network},
 year = {1989}
}

@article{kheterpal2018flow,
 author = {Kheterpal, Nishant and Vinitsky, Eugene and Wu, Cathy and Kreidieh, Aboudy and Jang, Kathy and Parvate, Kanaad and Bayen, Alexandre},
 title = {Flow: Open source reinforcement learning for traffic control},
 year = {2018}
}

@misc{highway-env,
 author = {Leurent, Edouard},
 howpublished = {\url{https://github.com/eleurent/highway-env}},
 journal = {GitHub repository},
 publisher = {GitHub},
 title = {An Environment for Autonomous Driving Decision-Making},
 year = {2018}
}

@article{wymann2000torcs,
 author = {Wymann, Bernhard and Espi{\'e}, Eric and Guionneau, Christophe and Dimitrakakis, Christos and Coulom, R{\'e}mi and Sumner, Andrew},
 journal = {Software available at http://torcs. sourceforge. net},
 number = {6},
 pages = {2},
 title = {Torcs, the open racing car simulator},
 volume = {4},
 year = {2000}
}

@article{martinez2017beyond,
 author = {Martinez, Mark and Sitawarin, Chawin and Finch, Kevin and Meincke, Lennart and Yablonski, Alex and Kornhauser, Alain},
 journal = {ArXiv preprint},
 title = {Beyond grand theft auto V for training, testing and enhancing deep learning in self driving cars},
 url = {https://arxiv.org/abs/1712.01397},
 volume = {abs/1712.01397},
 year = {2017}
}

@book{sutton2018reinforcement,
 author = {Sutton, Richard S and Barto, Andrew G},
 publisher = {MIT press},
 title = {Reinforcement learning: An introduction},
 year = {2018}
}

@article{finetune,
 author = {Tajbakhsh, Nima and Shin, Jae Y and Gurudu, Suryakanth R and Hurst, R Todd and Kendall, Christopher B and Gotway, Michael B and Liang, Jianming},
 journal = {IEEE transactions on medical imaging},
 number = {5},
 pages = {1299--1312},
 publisher = {IEEE},
 title = {Convolutional neural networks for medical image analysis: Full training or fine tuning?},
 volume = {35},
 year = {2016}
}

@article{tampuu2020survey,
 author = {Tampuu, Ardi and Semikin, Maksym and Muhammad, Naveed and Fishman, Dmytro and Matiisen, Tambet},
 journal = {ArXiv preprint},
 title = {A Survey of End-to-End Driving: Architectures and Training Methods},
 url = {https://arxiv.org/abs/2003.06404},
 volume = {abs/2003.06404},
 year = {2020}
}

@misc{apollo,
 archiveprefix = {arXiv},
 author = {Haoyang Fan and Fan Zhu and Changchun Liu and Liangliang Zhang and Li Zhuang and Dong Li and Weicheng Zhu and Jiangtao Hu and Hongye Li and Qi Kong},
 eprint = {1807.08048},
 primaryclass = {cs.RO},
 title = {Baidu Apollo EM Motion Planner},
 year = {2018}
}

@article{waymo,
 author = {Gibbs, Samuel},
 journal = {The Guardian},
 title = {Google sibling waymo launches fully autonomous ride-hailing service},
 volume = {7},
 year = {2017}
}

@inproceedings{Dosovitskiy17,
 author = {Alexey Dosovitskiy and German Ros and Felipe Codevilla and Antonio Lopez and Vladlen Koltun},
 booktitle = {Proceedings of the 1st Annual Conference on Robot Learning},
 pages = {1--16},
 title = { {CARLA}: {An} Open Urban Driving Simulator},
 year = {2017}
}

@article{bojarski2016end,
 author = {Bojarski, Mariusz and Del Testa, Davide and Dworakowski, Daniel and Firner, Bernhard and Flepp, Beat and Goyal, Prasoon and Jackel, Lawrence D and Monfort, Mathew and Muller, Urs and Zhang, Jiakai and others},
 journal = {ArXiv preprint},
 title = {End to end learning for self-driving cars},
 url = {https://arxiv.org/abs/1604.07316},
 volume = {abs/1604.07316},
 year = {2016}
}

@inproceedings{8954347,
 author = {Wenyuan Zeng and
Wenjie Luo and
Simon Suo and
Abbas Sadat and
Bin Yang and
Sergio Casas and
Raquel Urtasun},
 bibsource = {dblp computer science bibliography, https://dblp.org},
 biburl = {https://dblp.org/rec/conf/cvpr/ZengLSSYCU19.bib},
 booktitle = {{IEEE} Conference on Computer Vision and Pattern Recognition, {CVPR}
2019, Long Beach, CA, USA, June 16-20, 2019},
 doi = {10.1109/CVPR.2019.00886},
 pages = {8660--8669},
 publisher = {Computer Vision Foundation / {IEEE}},
 timestamp = {Wed, 25 Nov 2020 00:00:00 +0100},
 title = {End-To-End Interpretable Neural Motion Planner},
 url = {http://openaccess.thecvf.com/content\_CVPR\_2019/html/Zeng\_End-To-End\_Interpretable\_Neural\_Motion\_Planner\_CVPR\_2019\_paper.html},
 year = {2019}
}

@article{berner2019dota,
 author = {Berner, Christopher and Brockman, Greg and Chan, Brooke and Cheung, Vicki and D{\k{e}}biak, Przemys{\l}aw and Dennison, Christy and Farhi, David and Fischer, Quirin and Hashme, Shariq and Hesse, Chris and others},
 journal = {ArXiv preprint},
 title = {Dota 2 with large scale deep reinforcement learning},
 url = {https://arxiv.org/abs/1912.06680},
 volume = {abs/1912.06680},
 year = {2019}
}

@misc{tomaev2020assessing,
 archiveprefix = {arXiv},
 author = {Nenad TomaÅ¡ev and Ulrich Paquet and Demis Hassabis and Vladimir Kramnik},
 eprint = {2009.04374},
 primaryclass = {cs.AI},
 title = {Assessing Game Balance with AlphaZero: Exploring Alternative Rule Sets in Chess},
 year = {2020}
}

@inproceedings{codevilla2019exploring,
 author = {Felipe Codevilla and
Eder Santana and
Antonio M. L{\'{o}}pez and
Adrien Gaidon},
 bibsource = {dblp computer science bibliography, https://dblp.org},
 biburl = {https://dblp.org/rec/conf/iccv/CodevillaSLG19.bib},
 booktitle = {2019 {IEEE/CVF} International Conference on Computer Vision, {ICCV}
2019, Seoul, Korea (South), October 27 - November 2, 2019},
 doi = {10.1109/ICCV.2019.00942},
 pages = {9328--9337},
 publisher = {{IEEE}},
 timestamp = {Mon, 16 Mar 2020 00:00:00 +0100},
 title = {Exploring the Limitations of Behavior Cloning for Autonomous Driving},
 url = {https://doi.org/10.1109/ICCV.2019.00942},
 year = {2019}
}

@inproceedings{liang2018cirl,
 author = {Liang, Xiaodan and Wang, Tairui and Yang, Luona and Xing, Eric},
 booktitle = {Proceedings of the European Conference on Computer Vision (ECCV)},
 pages = {584--599},
 title = {Cirl: Controllable imitative reinforcement learning for vision-based self-driving},
 year = {2018}
}

@article{schulman2017proximal,
 author = {Schulman, John and Wolski, Filip and Dhariwal, Prafulla and Radford, Alec and Klimov, Oleg},
 journal = {ArXiv preprint},
 title = {Proximal policy optimization algorithms},
 url = {https://arxiv.org/abs/1707.06347},
 volume = {abs/1707.06347},
 year = {2017}
}

@inproceedings{haarnoja2018soft,
 author = {Tuomas Haarnoja and
Aurick Zhou and
Pieter Abbeel and
Sergey Levine},
 bibsource = {dblp computer science bibliography, https://dblp.org},
 biburl = {https://dblp.org/rec/conf/icml/HaarnojaZAL18.bib},
 booktitle = {Proceedings of the 35th International Conference on Machine Learning,
{ICML} 2018, Stockholmsm{\"{a}}ssan, Stockholm, Sweden, July 10-15,
2018},
 editor = {Jennifer G. Dy and
Andreas Krause},
 pages = {1856--1865},
 publisher = {{PMLR}},
 series = {Proceedings of Machine Learning Research},
 timestamp = {Wed, 03 Apr 2019 01:00:00 +0200},
 title = {Soft Actor-Critic: Off-Policy Maximum Entropy Deep Reinforcement Learning
with a Stochastic Actor},
 url = {http://proceedings.mlr.press/v80/haarnoja18b.html},
 volume = {80},
 year = {2018}
}

@inproceedings{cobbe2019leveraging,
 author = {Karl Cobbe and
Christopher Hesse and
Jacob Hilton and
John Schulman},
 bibsource = {dblp computer science bibliography, https://dblp.org},
 biburl = {https://dblp.org/rec/conf/icml/CobbeHHS20.bib},
 booktitle = {Proceedings of the 37th International Conference on Machine Learning,
{ICML} 2020, 13-18 July 2020, Virtual Event},
 pages = {2048--2056},
 publisher = {{PMLR}},
 series = {Proceedings of Machine Learning Research},
 timestamp = {Tue, 15 Dec 2020 00:00:00 +0100},
 title = {Leveraging Procedural Generation to Benchmark Reinforcement Learning},
 url = {http://proceedings.mlr.press/v119/cobbe20a.html},
 volume = {119},
 year = {2020}
}

@book{shaker2016procedural,
 author = {Shaker, Noor and Togelius, Julian and Nelson, Mark J},
 publisher = {Springer},
 title = {Procedural content generation in games},
 year = {2016}
}

@article{mnih2015human,
 author = {Mnih, Volodymyr and Kavukcuoglu, Koray and Silver, David and Rusu, Andrei A and Veness, Joel and Bellemare, Marc G and Graves, Alex and Riedmiller, Martin and Fidjeland, Andreas K and Ostrovski, Georg and others},
 journal = {nature},
 number = {7540},
 pages = {529--533},
 publisher = {Nature Publishing Group},
 title = {Human-level control through deep reinforcement learning},
 volume = {518},
 year = {2015}
}

@misc{gym_duckietown,
 author = {Chevalier-Boisvert, Maxime and Golemo, Florian and Cao, Yanjun and Mehta, Bhairav and Paull, Liam},
 howpublished = {\url{https://github.com/duckietown/gym-duckietown}},
 journal = {GitHub repository},
 publisher = {GitHub},
 title = {Duckietown Environments for OpenAI Gym},
 year = {2018}
}

@article{nichol2018gotta,
 author = {Nichol, Alex and Pfau, Vicki and Hesse, Christopher and Klimov, Oleg and Schulman, John},
 journal = {ArXiv preprint},
 title = {Gotta learn fast: A new benchmark for generalization in rl},
 url = {https://arxiv.org/abs/1804.03720},
 volume = {abs/1804.03720},
 year = {2018}
}

@article{zhang2018study,
 author = {Zhang, Chiyuan and Vinyals, Oriol and Munos, Remi and Bengio, Samy},
 journal = {ArXiv preprint},
 title = {A study on overfitting in deep reinforcement learning},
 url = {https://arxiv.org/abs/1804.06893},
 volume = {abs/1804.06893},
 year = {2018}
}

@article{maddern20171,
 author = {Maddern, Will and Pascoe, Geoffrey and Linegar, Chris and Newman, Paul},
 journal = {The International Journal of Robotics Research},
 number = {1},
 pages = {3--15},
 publisher = {SAGE Publications Sage UK: London, England},
 title = {1 year, 1000 km: The Oxford RobotCar dataset},
 volume = {36},
 year = {2017}
}

@inproceedings{geiger2012we,
 author = {Andreas Geiger and
Philip Lenz and
Raquel Urtasun},
 bibsource = {dblp computer science bibliography, https://dblp.org},
 biburl = {https://dblp.org/rec/conf/cvpr/GeigerLU12.bib},
 booktitle = {2012 {IEEE} Conference on Computer Vision and Pattern Recognition,
Providence, RI, USA, June 16-21, 2012},
 doi = {10.1109/CVPR.2012.6248074},
 pages = {3354--3361},
 publisher = {{IEEE} Computer Society},
 timestamp = {Fri, 20 Nov 2020 00:00:00 +0100},
 title = {Are we ready for autonomous driving? The {KITTI} vision benchmark
suite},
 url = {https://doi.org/10.1109/CVPR.2012.6248074},
 year = {2012}
}

@article{yu2018bdd100k,
 author = {Yu, Fisher and Xian, Wenqi and Chen, Yingying and Liu, Fangchen and Liao, Mike and Madhavan, Vashisht and Darrell, Trevor},
 journal = {ArXiv preprint},
 title = {Bdd100k: A diverse driving video database with scalable annotation tooling},
 url = {https://arxiv.org/abs/1805.04687},
 volume = {abs/1805.04687},
 year = {2018}
}

@inproceedings{cobbe2019quantifying,
 author = {Karl Cobbe and
Oleg Klimov and
Christopher Hesse and
Taehoon Kim and
John Schulman},
 bibsource = {dblp computer science bibliography, https://dblp.org},
 biburl = {https://dblp.org/rec/conf/icml/CobbeKHKS19.bib},
 booktitle = {Proceedings of the 36th International Conference on Machine Learning,
{ICML} 2019, 9-15 June 2019, Long Beach, California, {USA}},
 editor = {Kamalika Chaudhuri and
Ruslan Salakhutdinov},
 pages = {1282--1289},
 publisher = {{PMLR}},
 series = {Proceedings of Machine Learning Research},
 timestamp = {Tue, 11 Jun 2019 01:00:00 +0200},
 title = {Quantifying Generalization in Reinforcement Learning},
 url = {http://proceedings.mlr.press/v97/cobbe19a.html},
 volume = {97},
 year = {2019}
}

@article{perez2019general,
 author = {Perez-Liebana, Diego and Liu, Jialin and Khalifa, Ahmed and Gaina, Raluca D and Togelius, Julian and Lucas, Simon M},
 journal = {IEEE Transactions on Games},
 number = {3},
 pages = {195--214},
 publisher = {IEEE},
 title = {General video game ai: A multitrack framework for evaluating agents, games, and content generation algorithms},
 volume = {11},
 year = {2019}
}

@article{thrun1995lifelong,
 author = {Thrun, Sebastian and Mitchell, Tom M},
 journal = {Robotics and autonomous systems},
 number = {1-2},
 pages = {25--46},
 publisher = {Elsevier},
 title = {Lifelong robot learning},
 volume = {15},
 year = {1995}
}

@article{parisi2019continual,
 author = {Parisi, German I and Kemker, Ronald and Part, Jose L and Kanan, Christopher and Wermter, Stefan},
 journal = {Neural Networks},
 pages = {54--71},
 publisher = {Elsevier},
 title = {Continual lifelong learning with neural networks: A review},
 volume = {113},
 year = {2019}
}

@article{soltoggio2018born,
 author = {Soltoggio, Andrea and Stanley, Kenneth O and Risi, Sebastian},
 journal = {Neural Networks},
 pages = {48--67},
 publisher = {Elsevier},
 title = {Born to learn: the inspiration, progress, and future of evolved plastic artificial neural networks},
 volume = {108},
 year = {2018}
}

@inproceedings{ruiz2018learning,
 author = {Nataniel Ruiz and
Samuel Schulter and
Manmohan Chandraker},
 bibsource = {dblp computer science bibliography, https://dblp.org},
 biburl = {https://dblp.org/rec/conf/iclr/RuizSC19.bib},
 booktitle = {7th International Conference on Learning Representations, {ICLR} 2019,
New Orleans, LA, USA, May 6-9, 2019},
 publisher = {OpenReview.net},
 timestamp = {Thu, 25 Jul 2019 01:00:00 +0200},
 title = {Learning To Simulate},
 url = {https://openreview.net/forum?id=HJgkx2Aqt7},
 year = {2019}
}

@inproceedings{kar2019meta,
 author = {Amlan Kar and
Aayush Prakash and
Ming{-}Yu Liu and
Eric Cameracci and
Justin Yuan and
Matt Rusiniak and
David Acuna and
Antonio Torralba and
Sanja Fidler},
 bibsource = {dblp computer science bibliography, https://dblp.org},
 biburl = {https://dblp.org/rec/conf/iccv/KarPLCYRA0F19.bib},
 booktitle = {2019 {IEEE/CVF} International Conference on Computer Vision, {ICCV}
2019, Seoul, Korea (South), October 27 - November 2, 2019},
 doi = {10.1109/ICCV.2019.00465},
 pages = {4550--4559},
 publisher = {{IEEE}},
 timestamp = {Sat, 23 May 2020 01:00:00 +0200},
 title = {Meta-Sim: Learning to Generate Synthetic Datasets},
 url = {https://doi.org/10.1109/ICCV.2019.00465},
 year = {2019}
}

@article{mitchell1986explanation,
 author = {Mitchell, Tom M and Keller, Richard M and Kedar-Cabelli, Smadar T},
 journal = {Machine learning},
 number = {1},
 pages = {47--80},
 publisher = {Springer},
 title = {Explanation-based generalization: A unifying view},
 volume = {1},
 year = {1986}
}

@article{schmidhuber2015deep,
 author = {Schmidhuber, J{\"u}rgen},
 journal = {Neural networks},
 pages = {85--117},
 publisher = {Elsevier},
 title = {Deep learning in neural networks: An overview},
 volume = {61},
 year = {2015}
}

@inproceedings{allen2019learning,
 author = {Zeyuan Allen{-}Zhu and
Yuanzhi Li and
Yingyu Liang},
 bibsource = {dblp computer science bibliography, https://dblp.org},
 biburl = {https://dblp.org/rec/conf/nips/Allen-ZhuLL19.bib},
 booktitle = {Advances in Neural Information Processing Systems 32: Annual Conference
on Neural Information Processing Systems 2019, NeurIPS 2019, December
8-14, 2019, Vancouver, BC, Canada},
 editor = {Hanna M. Wallach and
Hugo Larochelle and
Alina Beygelzimer and
Florence d'Alch{\'{e}}{-}Buc and
Emily B. Fox and
Roman Garnett},
 pages = {6155--6166},
 timestamp = {Thu, 21 Jan 2021 00:00:00 +0100},
 title = {Learning and Generalization in Overparameterized Neural Networks,
Going Beyond Two Layers},
 url = {https://proceedings.neurips.cc/paper/2019/hash/62dad6e273d32235ae02b7d321578ee8-Abstract.html},
 year = {2019}
}

@article{risi2020increasing,
 author = {Risi, Sebastian and Togelius, Julian},
 journal = {Nature Machine Intelligence},
 pages = {1--9},
 publisher = {Nature Publishing Group},
 title = {Increasing generality in machine learning through procedural content generation},
 year = {2020}
}

@inproceedings{hardt2016equality,
 author = {Moritz Hardt and
Eric Price and
Nati Srebro},
 bibsource = {dblp computer science bibliography, https://dblp.org},
 biburl = {https://dblp.org/rec/conf/nips/HardtPNS16.bib},
 booktitle = {Advances in Neural Information Processing Systems 29: Annual Conference
on Neural Information Processing Systems 2016, December 5-10, 2016,
Barcelona, Spain},
 editor = {Daniel D. Lee and
Masashi Sugiyama and
Ulrike von Luxburg and
Isabelle Guyon and
Roman Garnett},
 pages = {3315--3323},
 timestamp = {Thu, 21 Jan 2021 00:00:00 +0100},
 title = {Equality of Opportunity in Supervised Learning},
 url = {https://proceedings.neurips.cc/paper/2016/hash/9d2682367c3935defcb1f9e247a97c0d-Abstract.html},
 year = {2016}
}

@inproceedings{lin2016generalization,
 author = {Junhong Lin and
Raffaello Camoriano and
Lorenzo Rosasco},
 bibsource = {dblp computer science bibliography, https://dblp.org},
 biburl = {https://dblp.org/rec/conf/icml/LinCR16.bib},
 booktitle = {Proceedings of the 33nd International Conference on Machine Learning,
{ICML} 2016, New York City, NY, USA, June 19-24, 2016},
 editor = {Maria{-}Florina Balcan and
Kilian Q. Weinberger},
 pages = {2340--2348},
 publisher = {JMLR.org},
 series = {{JMLR} Workshop and Conference Proceedings},
 timestamp = {Wed, 29 May 2019 01:00:00 +0200},
 title = {Generalization Properties and Implicit Regularization for Multiple
Passes {SGM}},
 url = {http://proceedings.mlr.press/v48/lina16.html},
 volume = {48},
 year = {2016}
}

@inproceedings{krizhevsky2012imagenet,
 author = {Alex Krizhevsky and
Ilya Sutskever and
Geoffrey E. Hinton},
 bibsource = {dblp computer science bibliography, https://dblp.org},
 biburl = {https://dblp.org/rec/conf/nips/KrizhevskySH12.bib},
 booktitle = {Advances in Neural Information Processing Systems 25: 26th Annual
Conference on Neural Information Processing Systems 2012. Proceedings
of a meeting held December 3-6, 2012, Lake Tahoe, Nevada, United States},
 editor = {Peter L. Bartlett and
Fernando C. N. Pereira and
Christopher J. C. Burges and
L{\'{e}}on Bottou and
Kilian Q. Weinberger},
 pages = {1106--1114},
 timestamp = {Thu, 21 Jan 2021 00:00:00 +0100},
 title = {ImageNet Classification with Deep Convolutional Neural Networks},
 url = {https://proceedings.neurips.cc/paper/2012/hash/c399862d3b9d6b76c8436e924a68c45b-Abstract.html},
 year = {2012}
}

@article{perez2017effectiveness,
 author = {Perez, Luis and Wang, Jason},
 journal = {ArXiv preprint},
 title = {The effectiveness of data augmentation in image classification using deep learning},
 url = {https://arxiv.org/abs/1712.04621},
 volume = {abs/1712.04621},
 year = {2017}
}

@inproceedings{geirhos2018imagenet,
 author = {Robert Geirhos and
Patricia Rubisch and
Claudio Michaelis and
Matthias Bethge and
Felix A. Wichmann and
Wieland Brendel},
 bibsource = {dblp computer science bibliography, https://dblp.org},
 biburl = {https://dblp.org/rec/conf/iclr/GeirhosRMBWB19.bib},
 booktitle = {7th International Conference on Learning Representations, {ICLR} 2019,
New Orleans, LA, USA, May 6-9, 2019},
 publisher = {OpenReview.net},
 timestamp = {Thu, 25 Jul 2019 01:00:00 +0200},
 title = {ImageNet-trained CNNs are biased towards texture; increasing shape
bias improves accuracy and robustness},
 url = {https://openreview.net/forum?id=Bygh9j09KX},
 year = {2019}
}

@inproceedings{tobin2017domain,
 author = {Tobin, Josh and Fong, Rachel and Ray, Alex and Schneider, Jonas and Zaremba, Wojciech and Abbeel, Pieter},
 booktitle = {2017 IEEE/RSJ International Conference on Intelligent Robots and Systems (IROS)},
 organization = {IEEE},
 pages = {23--30},
 title = {Domain randomization for transferring deep neural networks from simulation to the real world},
 year = {2017}
}

@inproceedings{liang2018rllib,
 author = {Eric Liang and
Richard Liaw and
Robert Nishihara and
Philipp Moritz and
Roy Fox and
Ken Goldberg and
Joseph Gonzalez and
Michael I. Jordan and
Ion Stoica},
 bibsource = {dblp computer science bibliography, https://dblp.org},
 biburl = {https://dblp.org/rec/conf/icml/LiangLNMFGGJS18.bib},
 booktitle = {Proceedings of the 35th International Conference on Machine Learning,
{ICML} 2018, Stockholmsm{\"{a}}ssan, Stockholm, Sweden, July 10-15,
2018},
 editor = {Jennifer G. Dy and
Andreas Krause},
 pages = {3059--3068},
 publisher = {{PMLR}},
 series = {Proceedings of Machine Learning Research},
 timestamp = {Thu, 30 Apr 2020 01:00:00 +0200},
 title = {RLlib: Abstractions for Distributed Reinforcement Learning},
 url = {http://proceedings.mlr.press/v80/liang18b.html},
 volume = {80},
 year = {2018}
}

@inproceedings{goodfellow2014generative,
 author = {Ian J. Goodfellow and
Jean Pouget{-}Abadie and
Mehdi Mirza and
Bing Xu and
David Warde{-}Farley and
Sherjil Ozair and
Aaron C. Courville and
Yoshua Bengio},
 bibsource = {dblp computer science bibliography, https://dblp.org},
 biburl = {https://dblp.org/rec/conf/nips/GoodfellowPMXWOCB14.bib},
 booktitle = {Advances in Neural Information Processing Systems 27: Annual Conference
on Neural Information Processing Systems 2014, December 8-13 2014,
Montreal, Quebec, Canada},
 editor = {Zoubin Ghahramani and
Max Welling and
Corinna Cortes and
Neil D. Lawrence and
Kilian Q. Weinberger},
 pages = {2672--2680},
 timestamp = {Thu, 21 Jan 2021 00:00:00 +0100},
 title = {Generative Adversarial Nets},
 url = {https://proceedings.neurips.cc/paper/2014/hash/5ca3e9b122f61f8f06494c97b1afccf3-Abstract.html},
 year = {2014}
}

@inproceedings{behrisch2011sumo,
 author = {Behrisch, Michael and Bieker, Laura and Erdmann, Jakob and Krajzewicz, Daniel},
 booktitle = {Proceedings of SIMUL 2011, The Third International Conference on Advances in System Simulation},
 organization = {ThinkMind},
 title = {SUMO--simulation of urban mobility: an overview},
 year = {2011}
}

@article{wu2017flow,
 author = {Wu, Cathy and Kreidieh, Aboudy and Parvate, Kanaad and Vinitsky, Eugene and Bayen, Alexandre M},
 journal = {ArXiv preprint},
 title = {Flow: Architecture and benchmarking for reinforcement learning in traffic control},
 url = {https://arxiv.org/abs/1710.05465},
 volume = {abs/1710.05465},
 year = {2017}
}

@inproceedings{zhang2016understanding,
 author = {Chiyuan Zhang and
Samy Bengio and
Moritz Hardt and
Benjamin Recht and
Oriol Vinyals},
 bibsource = {dblp computer science bibliography, https://dblp.org},
 biburl = {https://dblp.org/rec/conf/iclr/ZhangBHRV17.bib},
 booktitle = {5th International Conference on Learning Representations, {ICLR} 2017,
Toulon, France, April 24-26, 2017, Conference Track Proceedings},
 publisher = {OpenReview.net},
 timestamp = {Thu, 04 Apr 2019 01:00:00 +0200},
 title = {Understanding deep learning requires rethinking generalization},
 url = {https://openreview.net/forum?id=Sy8gdB9xx},
 year = {2017}
}

@misc{zhou2020smarts,
 archiveprefix = {arXiv},
 author = {Ming Zhou and Jun Luo and Julian Villella and Yaodong Yang and David Rusu and Jiayu Miao and Weinan Zhang and Montgomery Alban and Iman Fadakar and Zheng Chen and Aurora Chongxi Huang and Ying Wen and Kimia Hassanzadeh and Daniel Graves and Dong Chen and Zhengbang Zhu and Nhat Nguyen and Mohamed Elsayed and Kun Shao and Sanjeevan Ahilan and Baokuan Zhang and Jiannan Wu and Zhengang Fu and Kasra Rezaee and Peyman Yadmellat and Mohsen Rohani and Nicolas Perez Nieves and Yihan Ni and Seyedershad Banijamali and Alexander Cowen Rivers and Zheng Tian and Daniel Palenicek and Haitham bou Ammar and Hongbo Zhang and Wulong Liu and Jianye Hao and Jun Wang},
 eprint = {2010.09776},
 primaryclass = {cs.MA},
 title = {SMARTS: Scalable Multi-Agent Reinforcement Learning Training School for Autonomous Driving},
 year = {2020}
}

@inproceedings{achiam2017constrained,
 author = {Joshua Achiam and
David Held and
Aviv Tamar and
Pieter Abbeel},
 bibsource = {dblp computer science bibliography, https://dblp.org},
 biburl = {https://dblp.org/rec/conf/icml/AchiamHTA17.bib},
 booktitle = {Proceedings of the 34th International Conference on Machine Learning,
{ICML} 2017, Sydney, NSW, Australia, 6-11 August 2017},
 editor = {Doina Precup and
Yee Whye Teh},
 pages = {22--31},
 publisher = {{PMLR}},
 series = {Proceedings of Machine Learning Research},
 timestamp = {Wed, 03 Apr 2019 01:00:00 +0200},
 title = {Constrained Policy Optimization},
 url = {http://proceedings.mlr.press/v70/achiam17a.html},
 volume = {70},
 year = {2017}
}

@article{safety_gym_Ray2019,
 author = {Ray, Alex and Achiam, Joshua and Amodei, Dario},
 journal = {openai},
 title = {Benchmarking Safe Exploration in Deep Reinforcement Learning},
 year = {2019}
}

@inproceedings{bonarini2005improving,
 author = {Bonarini, Andrea and Lazaric, Alessandro and De Cote, Enrique Munoz and Restelli, Marcello},
 booktitle = {ECML workshop on Reinforcement learning in non-stationary environments, Porto, Portugal},
 title = {Improving cooperation among self-interested reinforcement learning agents},
 year = {2005}
}

@inproceedings{pal2020emergent,
 author = {Avik Pal and
Jonah Philion and
Yuan{-}Hong Liao and
Sanja Fidler},
 bibsource = {dblp computer science bibliography, https://dblp.org},
 biburl = {https://dblp.org/rec/conf/iclr/PalPLF21.bib},
 booktitle = {9th International Conference on Learning Representations, {ICLR} 2021,
Virtual Event, Austria, May 3-7, 2021},
 publisher = {OpenReview.net},
 timestamp = {Wed, 23 Jun 2021 01:00:00 +0200},
 title = {Emergent Road Rules In Multi-Agent Driving Environments},
 url = {https://openreview.net/forum?id=d8Q1mt2Ghw},
 year = {2021}
}

@inproceedings{gupta2017cooperative,
 author = {Gupta, Jayesh K and Egorov, Maxim and Kochenderfer, Mykel},
 booktitle = {International Conference on Autonomous Agents and Multiagent Systems},
 organization = {Springer},
 pages = {66--83},
 title = {Cooperative multi-agent control using deep reinforcement learning},
 year = {2017}
}

@inproceedings{tang2019towards,
 author = {Tang, Yichuan},
 booktitle = {Proceedings of the IEEE/CVF International Conference on Computer Vision Workshops},
 pages = {0--0},
 title = {Towards learning multi-agent negotiations via self-play},
 year = {2019}
}

@article{hernandez2019survey,
 author = {Hernandez-Leal, Pablo and Kartal, Bilal and Taylor, Matthew E},
 journal = {Autonomous Agents and Multi-Agent Systems},
 number = {6},
 pages = {750--797},
 publisher = {Springer},
 title = {A survey and critique of multiagent deep reinforcement learning},
 volume = {33},
 year = {2019}
}

@article{tampuu2017multiagent,
 author = {Tampuu, Ardi and Matiisen, Tambet and Kodelja, Dorian and Kuzovkin, Ilya and Korjus, Kristjan and Aru, Juhan and Aru, Jaan and Vicente, Raul},
 journal = {PloS one},
 number = {4},
 pages = {e0172395},
 publisher = {Public Library of Science San Francisco, CA USA},
 title = {Multiagent cooperation and competition with deep reinforcement learning},
 volume = {12},
 year = {2017}
}

@article{mnih2013playing,
 author = {Mnih, Volodymyr and Kavukcuoglu, Koray and Silver, David and Graves, Alex and Antonoglou, Ioannis and Wierstra, Daan and Riedmiller, Martin},
 journal = {arXiv preprint arXiv:1312.5602},
 title = {Playing atari with deep reinforcement learning},
 year = {2013}
}

@inproceedings{palanisamy2020multi,
 author = {Palanisamy, Praveen},
 booktitle = {2020 International Joint Conference on Neural Networks (IJCNN)},
 organization = {IEEE},
 pages = {1--7},
 title = {Multi-agent connected autonomous driving using deep reinforcement learning},
 year = {2020}
}

@inproceedings{zhang2019cityflow,
 author = {Huichu Zhang and
Siyuan Feng and
Chang Liu and
Yaoyao Ding and
Yichen Zhu and
Zihan Zhou and
Weinan Zhang and
Yong Yu and
Haiming Jin and
Zhenhui Li},
 bibsource = {dblp computer science bibliography, https://dblp.org},
 biburl = {https://dblp.org/rec/conf/www/ZhangFLDZZ00JL19.bib},
 booktitle = {The World Wide Web Conference, {WWW} 2019, San Francisco, CA, USA,
May 13-17, 2019},
 doi = {10.1145/3308558.3314139},
 editor = {Ling Liu and
Ryen W. White and
Amin Mantrach and
Fabrizio Silvestri and
Julian J. McAuley and
Ricardo Baeza{-}Yates and
Leila Zia},
 pages = {3620--3624},
 publisher = {{ACM}},
 timestamp = {Thu, 06 Aug 2020 01:00:00 +0200},
 title = {CityFlow: {A} Multi-Agent Reinforcement Learning Environment for Large
Scale City Traffic Scenario},
 url = {https://doi.org/10.1145/3308558.3314139},
 year = {2019}
}

@article{kitano1997robocup,
 author = {Kitano, Hiroaki and Asada, Minoru and Kuniyoshi, Yasuo and Noda, Itsuki and Osawa, Eiichi and Matsubara, Hitoshi},
 journal = {AI magazine},
 number = {1},
 pages = {73--73},
 title = {RoboCup: A challenge problem for AI},
 volume = {18},
 year = {1997}
}

@article{murphy2000marsupial,
 author = {Murphy, Robin R},
 journal = {IEEE Intelligent Systems and their applications},
 number = {2},
 pages = {14--19},
 publisher = {IEEE},
 title = {Marsupial and shape-shifting robots for urban search and rescue},
 volume = {15},
 year = {2000}
}

@article{wu2021spatial,
 author = {Wu, Jimmy and Sun, Xingyuan and Zeng, Andy and Song, Shuran and Rusinkiewicz, Szymon and Funkhouser, Thomas},
 journal = {ArXiv preprint},
 title = {Spatial Intention Maps for Multi-Agent Mobile Manipulation},
 url = {https://arxiv.org/abs/2103.12710},
 volume = {abs/2103.12710},
 year = {2021}
}

@inproceedings{rus1995moving,
 author = {Rus, Daniela and Donald, Bruce and Jennings, Jim},
 booktitle = {Proceedings 1995 IEEE/RSJ International Conference on Intelligent Robots and Systems. Human Robot Interaction and Cooperative Robots},
 organization = {IEEE},
 pages = {235--242},
 title = {Moving furniture with teams of autonomous robots},
 volume = {1},
 year = {1995}
}

@inproceedings{bansal2017emergent,
 author = {Trapit Bansal and
Jakub Pachocki and
Szymon Sidor and
Ilya Sutskever and
Igor Mordatch},
 bibsource = {dblp computer science bibliography, https://dblp.org},
 biburl = {https://dblp.org/rec/conf/iclr/BansalPSSM18.bib},
 booktitle = {6th International Conference on Learning Representations, {ICLR} 2018,
Vancouver, BC, Canada, April 30 - May 3, 2018, Conference Track Proceedings},
 publisher = {OpenReview.net},
 timestamp = {Thu, 25 Jul 2019 01:00:00 +0200},
 title = {Emergent Complexity via Multi-Agent Competition},
 url = {https://openreview.net/forum?id=Sy0GnUxCb},
 year = {2018}
}

@article{mataric1995issues,
 author = {Matari{\'c}, Maja J},
 journal = {Robotics and autonomous systems},
 number = {2-4},
 pages = {321--331},
 publisher = {Elsevier},
 title = {Issues and approaches in the design of collective autonomous agents},
 volume = {16},
 year = {1995}
}

@article{samvelyan2019starcraft,
 author = {Samvelyan, Mikayel and Rashid, Tabish and De Witt, Christian Schroeder and Farquhar, Gregory and Nardelli, Nantas and Rudner, Tim GJ and Hung, Chia-Man and Torr, Philip HS and Foerster, Jakob and Whiteson, Shimon},
 journal = {ArXiv preprint},
 title = {The starcraft multi-agent challenge},
 url = {https://arxiv.org/abs/1902.04043},
 volume = {abs/1902.04043},
 year = {2019}
}

@inproceedings{baker2019emergent,
 author = {Bowen Baker and
Ingmar Kanitscheider and
Todor M. Markov and
Yi Wu and
Glenn Powell and
Bob McGrew and
Igor Mordatch},
 bibsource = {dblp computer science bibliography, https://dblp.org},
 biburl = {https://dblp.org/rec/conf/iclr/BakerKMWPMM20.bib},
 booktitle = {8th International Conference on Learning Representations, {ICLR} 2020,
Addis Ababa, Ethiopia, April 26-30, 2020},
 publisher = {OpenReview.net},
 timestamp = {Wed, 29 Jul 2020 01:00:00 +0200},
 title = {Emergent Tool Use From Multi-Agent Autocurricula},
 url = {https://openreview.net/forum?id=SkxpxJBKwS},
 year = {2020}
}

@article{vicsek1995novel,
 author = {Vicsek, Tam{\'a}s and Czir{\'o}k, Andr{\'a}s and Ben-Jacob, Eshel and Cohen, Inon and Shochet, Ofer},
 journal = {Physical review letters},
 number = {6},
 pages = {1226},
 publisher = {APS},
 title = {Novel type of phase transition in a system of self-driven particles},
 volume = {75},
 year = {1995}
}

@incollection{kennedy2006swarm,
 author = {Kennedy, James},
 booktitle = {Handbook of nature-inspired and innovative computing},
 pages = {187--219},
 publisher = {Springer},
 title = {Swarm intelligence},
 year = {2006}
}

@article{goss1989self,
 author = {Goss, Simon and Aron, Serge and Deneubourg, Jean-Louis and Pasteels, Jacques Marie},
 journal = {Naturwissenschaften},
 number = {12},
 pages = {579--581},
 publisher = {Springer-Verlag},
 title = {Self-organized shortcuts in the Argentine ant},
 volume = {76},
 year = {1989}
}

@article{seeley2003choosing,
 author = {Seeley, Thomas D and Visscher, P Kirk},
 journal = {Behavioral Ecology and Sociobiology},
 number = {5},
 pages = {511--520},
 publisher = {Springer},
 title = {Choosing a home: how the scouts in a honey bee swarm perceive the completion of their group decision making},
 volume = {54},
 year = {2003}
}

@article{suarez2019neural,
 author = {Suarez, Joseph and Du, Yilun and Isola, Phillip and Mordatch, Igor},
 journal = {ArXiv preprint},
 title = {Neural MMO: A massively multiagent game environment for training and evaluating intelligent agents},
 url = {https://arxiv.org/abs/1903.00784},
 volume = {abs/1903.00784},
 year = {2019}
}

@article{vicsek2012collective,
 author = {Vicsek, Tam{\'a}s and Zafeiris, Anna},
 journal = {Physics reports},
 number = {3-4},
 pages = {71--140},
 publisher = {Elsevier},
 title = {Collective motion},
 volume = {517},
 year = {2012}
}

@inproceedings{SUMO2018,
 author = {Pablo Alvarez Lopez and Michael Behrisch and Laura Bieker-Walz and Jakob Erdmann and Yun-Pang Fl{\"o}tter{\"o}d and Robert Hilbrich and Leonhard L{\"u}cken and Johannes Rummel and Peter Wagner and Evamarie Wie{\ss}ner},
 booktitle = {The 21st IEEE International Conference on Intelligent Transportation Systems},
 journal = {IEEE Intelligent Transportation Systems Conference (ITSC)},
 keywords = {traffic simulation, modelling, optimization},
 publisher = {IEEE},
 title = {Microscopic Traffic Simulation using SUMO},
 url = {https://elib.dlr.de/124092/},
 year = {2018}
}

@article{wu2001software,
 author = {Wu, Dong-Jun},
 journal = {Expert Systems with Applications},
 number = {1},
 pages = {51--64},
 publisher = {Elsevier},
 title = {Software agents for knowledge management: coordination in multi-agent supply chains and auctions},
 volume = {20},
 year = {2001}
}

@inproceedings{li2019efficient,
 author = {Minne Li and
Zhiwei Qin and
Yan Jiao and
Yaodong Yang and
Jun Wang and
Chenxi Wang and
Guobin Wu and
Jieping Ye},
 bibsource = {dblp computer science bibliography, https://dblp.org},
 biburl = {https://dblp.org/rec/conf/www/LiQJYWWWY19.bib},
 booktitle = {The World Wide Web Conference, {WWW} 2019, San Francisco, CA, USA,
May 13-17, 2019},
 doi = {10.1145/3308558.3313433},
 editor = {Ling Liu and
Ryen W. White and
Amin Mantrach and
Fabrizio Silvestri and
Julian J. McAuley and
Ricardo Baeza{-}Yates and
Leila Zia},
 pages = {983--994},
 publisher = {{ACM}},
 timestamp = {Tue, 22 Oct 2019 01:00:00 +0200},
 title = {Efficient Ridesharing Order Dispatching with Mean Field Multi-Agent
Reinforcement Learning},
 url = {https://doi.org/10.1145/3308558.3313433},
 year = {2019}
}

@inproceedings{amir2015multi,
 author = {Ofra Amir and
Guni Sharon and
Roni Stern},
 bibsource = {dblp computer science bibliography, https://dblp.org},
 biburl = {https://dblp.org/rec/conf/aaai/AmirSS15.bib},
 booktitle = {Proceedings of the Twenty-Ninth {AAAI} Conference on Artificial Intelligence,
January 25-30, 2015, Austin, Texas, {USA}},
 editor = {Blai Bonet and
Sven Koenig},
 pages = {2003--2009},
 publisher = {{AAAI} Press},
 timestamp = {Sun, 12 Apr 2015 01:00:00 +0200},
 title = {Multi-Agent Pathfinding as a Combinatorial Auction},
 url = {http://www.aaai.org/ocs/index.php/AAAI/AAAI15/paper/view/9572},
 year = {2015}
}

@inproceedings{inotsume2020path,
 author = {Inotsume, Hiroaki and Aggarwal, Aayush and Higa, Ryota and Nakadai, Shinji},
 booktitle = {2020 IEEE/RSJ International Conference on Intelligent Robots and Systems (IROS)},
 organization = {IEEE},
 pages = {11587--11594},
 title = {Path negotiation for self-interested multirobot vehicles in shared space},
 year = {2020}
}

@article{burmeister1997application,
 author = {Burmeister, Birgit and Haddadi, Afsaneh and Matylis, Guido},
 journal = {IEE Proceedings-Software},
 number = {1},
 pages = {51--60},
 publisher = {IET},
 title = {Application of multi-agent systems in traffic and transportation},
 volume = {144},
 year = {1997}
}

@article{liebrand1984effect,
 author = {Liebrand, Wim BG},
 journal = {European journal of social psychology},
 number = {3},
 pages = {239--264},
 publisher = {Wiley Online Library},
 title = {The effect of social motives, communication and group size on behaviour in an N-person multi-stage mixed-motive game},
 volume = {14},
 year = {1984}
}

@article{schwarting2019social,
 author = {Schwarting, Wilko and Pierson, Alyssa and Alonso-Mora, Javier and Karaman, Sertac and Rus, Daniela},
 journal = {Proceedings of the National Academy of Sciences},
 number = {50},
 pages = {24972--24978},
 publisher = {National Acad Sciences},
 title = {Social behavior for autonomous vehicles},
 volume = {116},
 year = {2019}
}

@inproceedings{yang2018mean,
 author = {Yaodong Yang and
Rui Luo and
Minne Li and
Ming Zhou and
Weinan Zhang and
Jun Wang},
 bibsource = {dblp computer science bibliography, https://dblp.org},
 biburl = {https://dblp.org/rec/conf/icml/YangLLZZW18.bib},
 booktitle = {Proceedings of the 35th International Conference on Machine Learning,
{ICML} 2018, Stockholmsm{\"{a}}ssan, Stockholm, Sweden, July 10-15,
2018},
 editor = {Jennifer G. Dy and
Andreas Krause},
 pages = {5567--5576},
 publisher = {{PMLR}},
 series = {Proceedings of Machine Learning Research},
 timestamp = {Sun, 21 Apr 2019 01:00:00 +0200},
 title = {Mean Field Multi-Agent Reinforcement Learning},
 url = {http://proceedings.mlr.press/v80/yang18d.html},
 volume = {80},
 year = {2018}
}

@inproceedings{kurach2020google,
 author = {Karol Kurach and
Anton Raichuk and
Piotr Stanczyk and
Michal Zajac and
Olivier Bachem and
Lasse Espeholt and
Carlos Riquelme and
Damien Vincent and
Marcin Michalski and
Olivier Bousquet and
Sylvain Gelly},
 bibsource = {dblp computer science bibliography, https://dblp.org},
 biburl = {https://dblp.org/rec/conf/aaai/KurachRSZBERVMB20.bib},
 booktitle = {The Thirty-Fourth {AAAI} Conference on Artificial Intelligence, {AAAI}
2020, The Thirty-Second Innovative Applications of Artificial Intelligence
Conference, {IAAI} 2020, The Tenth {AAAI} Symposium on Educational
Advances in Artificial Intelligence, {EAAI} 2020, New York, NY, USA,
February 7-12, 2020},
 pages = {4501--4510},
 publisher = {{AAAI} Press},
 timestamp = {Thu, 04 Jun 2020 01:00:00 +0200},
 title = {Google Research Football: {A} Novel Reinforcement Learning Environment},
 url = {https://aaai.org/ojs/index.php/AAAI/article/view/5878},
 year = {2020}
}

@article{bhattacharya2010collective,
 author = {Bhattacharya, Kunal and Vicsek, Tam{\'a}s},
 journal = {New Journal of Physics},
 number = {9},
 pages = {093019},
 publisher = {IOP Publishing},
 title = {Collective decision making in cohesive flocks},
 volume = {12},
 year = {2010}
}

@article{buhl2006disorder,
 author = {Buhl, Jerome and Sumpter, David JT and Couzin, Iain D and Hale, Joe J and Despland, Emma and Miller, Edgar R and Simpson, Steve J},
 journal = {Science},
 number = {5778},
 pages = {1402--1406},
 publisher = {American Association for the Advancement of Science},
 title = {From disorder to order in marching locusts},
 volume = {312},
 year = {2006}
}

@article{helbing1997modelling,
 author = {Helbing, Dirk and Keltsch, Joachim and Molnar, Peter},
 journal = {Nature},
 number = {6637},
 pages = {47--50},
 publisher = {Nature Publishing Group},
 title = {Modelling the evolution of human trail systems},
 volume = {388},
 year = {1997}
}

@article{helbing2000simulating,
 author = {Helbing, Dirk and Farkas, Ill{\'e}s and Vicsek, Tamas},
 journal = {Nature},
 number = {6803},
 pages = {487--490},
 publisher = {Nature Publishing Group},
 title = {Simulating dynamical features of escape panic},
 volume = {407},
 year = {2000}
}

@article{chowdhury2006collective,
 author = {Chowdhury, Debashish},
 journal = {Physica A: Statistical Mechanics and its Applications},
 number = {1},
 pages = {84--95},
 publisher = {Elsevier},
 title = {Collective effects in intra-cellular molecular motor transport: Coordination, cooperation and competition},
 volume = {372},
 year = {2006}
}

@article{kanagaraj2018self,
 author = {Kanagaraj, Venkatesan and Treiber, Martin},
 journal = {Physica A: Statistical Mechanics and its Applications},
 pages = {1--11},
 publisher = {Elsevier},
 title = {Self-driven particle model for mixed traffic and other disordered flows},
 volume = {509},
 year = {2018}
}

@article{bertin2009hydrodynamic,
 author = {Bertin, Eric and Droz, Michel and Gr{\'e}goire, Guillaume},
 journal = {Journal of Physics A: Mathematical and Theoretical},
 number = {44},
 pages = {445001},
 publisher = {IOP Publishing},
 title = {Hydrodynamic equations for self-propelled particles: microscopic derivation and stability analysis},
 volume = {42},
 year = {2009}
}

@article{ihle2011kinetic,
 author = {Ihle, Thomas},
 journal = {Physical Review E},
 number = {3},
 pages = {030901},
 publisher = {APS},
 title = {Kinetic theory of flocking: Derivation of hydrodynamic equations},
 volume = {83},
 year = {2011}
}

@article{czirok2000collective,
 author = {Czir{\'o}k, Andr{\'a}s and Vicsek, Tam{\'a}s},
 journal = {Physica A: Statistical Mechanics and its Applications},
 number = {1-4},
 pages = {17--29},
 publisher = {Elsevier},
 title = {Collective behavior of interacting self-propelled particles},
 volume = {281},
 year = {2000}
}

@article{duan2013transition,
 author = {Duan, Wentao and Liu, Ran and Sen, Ayusman},
 journal = {Journal of the American Chemical Society},
 number = {4},
 pages = {1280--1283},
 publisher = {ACS Publications},
 title = {Transition between collective behaviors of micromotors in response to different stimuli},
 volume = {135},
 year = {2013}
}

@article{altemose2017chemically,
 author = {Altemose, Alicia and S{\'a}nchez-Farr{\'a}n, Mar{\'\i}a Antonieta and Duan, Wentao and Schulz, Steve and Borhan, Ali and Crespi, Vincent H and Sen, Ayusman},
 journal = {Angewandte Chemie},
 number = {27},
 pages = {7925--7929},
 publisher = {Wiley Online Library},
 title = {Chemically controlled spatiotemporal oscillations of colloidal assemblies},
 volume = {129},
 year = {2017}
}

@inproceedings{gautrais2008key,
 author = {Gautrais, Jacques and Jost, Christian and Theraulaz, Guy},
 booktitle = {Annales Zoologici Fennici},
 number = {5},
 organization = {BioOne},
 pages = {415--428},
 title = {Key behavioural factors in a self-organised fish school model},
 volume = {45},
 year = {2008}
}

@inproceedings{lowe2017multi,
 author = {Ryan Lowe and
Yi Wu and
Aviv Tamar and
Jean Harb and
Pieter Abbeel and
Igor Mordatch},
 bibsource = {dblp computer science bibliography, https://dblp.org},
 biburl = {https://dblp.org/rec/conf/nips/LoweWTHAM17.bib},
 booktitle = {Advances in Neural Information Processing Systems 30: Annual Conference
on Neural Information Processing Systems 2017, December 4-9, 2017,
Long Beach, CA, {USA}},
 editor = {Isabelle Guyon and
Ulrike von Luxburg and
Samy Bengio and
Hanna M. Wallach and
Rob Fergus and
S. V. N. Vishwanathan and
Roman Garnett},
 pages = {6379--6390},
 timestamp = {Thu, 21 Jan 2021 00:00:00 +0100},
 title = {Multi-Agent Actor-Critic for Mixed Cooperative-Competitive Environments},
 url = {https://proceedings.neurips.cc/paper/2017/hash/68a9750337a418a86fe06c1991a1d64c-Abstract.html},
 year = {2017}
}

@inproceedings{zhou2013measuring,
 author = {Bolei Zhou and
Xiaoou Tang and
Xiaogang Wang},
 bibsource = {dblp computer science bibliography, https://dblp.org},
 biburl = {https://dblp.org/rec/conf/cvpr/ZhouTW13.bib},
 booktitle = {2013 {IEEE} Conference on Computer Vision and Pattern Recognition,
Portland, OR, USA, June 23-28, 2013},
 doi = {10.1109/CVPR.2013.392},
 pages = {3049--3056},
 publisher = {{IEEE} Computer Society},
 timestamp = {Tue, 10 Dec 2019 00:00:00 +0100},
 title = {Measuring Crowd Collectiveness},
 url = {https://doi.org/10.1109/CVPR.2013.392},
 year = {2013}
}

@article{terry2021revisiting,
 author = {Terry, Justin K and Grammel, Nathaniel and Hari, Ananth and Santos, Luis and Black, Benjamin},
 title = {Revisiting Parameter Sharing In Multi-Agent Deep Reinforcement Learning},
 year = {2021}
}

@inproceedings{rashid2018qmix,
 author = {Tabish Rashid and
Mikayel Samvelyan and
Christian Schr{\"{o}}der de Witt and
Gregory Farquhar and
Jakob N. Foerster and
Shimon Whiteson},
 bibsource = {dblp computer science bibliography, https://dblp.org},
 biburl = {https://dblp.org/rec/conf/icml/RashidSWFFW18.bib},
 booktitle = {Proceedings of the 35th International Conference on Machine Learning,
{ICML} 2018, Stockholmsm{\"{a}}ssan, Stockholm, Sweden, July 10-15,
2018},
 editor = {Jennifer G. Dy and
Andreas Krause},
 pages = {4292--4301},
 publisher = {{PMLR}},
 series = {Proceedings of Machine Learning Research},
 timestamp = {Wed, 03 Apr 2019 01:00:00 +0200},
 title = {{QMIX:} Monotonic Value Function Factorisation for Deep Multi-Agent
Reinforcement Learning},
 url = {http://proceedings.mlr.press/v80/rashid18a.html},
 volume = {80},
 year = {2018}
}

@article{sunehag2017value,
 author = {Sunehag, Peter and Lever, Guy and Gruslys, Audrunas and Czarnecki, Wojciech Marian and Zambaldi, Vinicius and Jaderberg, Max and Lanctot, Marc and Sonnerat, Nicolas and Leibo, Joel Z and Tuyls, Karl and others},
 journal = {ArXiv preprint},
 title = {Value-decomposition networks for cooperative multi-agent learning},
 url = {https://arxiv.org/abs/1706.05296},
 volume = {abs/1706.05296},
 year = {2017}
}

@inproceedings{tan1993multi,
 author = {Tan, Ming},
 booktitle = {Proceedings of the tenth international conference on machine learning},
 pages = {330--337},
 title = {Multi-agent reinforcement learning: Independent vs. cooperative agents},
 year = {1993}
}

@article{schroeder2020independent,
 author = {Schroeder de Witt, Christian and Gupta, Tarun and Makoviichuk, Denys and Makoviychuk, Viktor and Torr, Philip HS and Sun, Mingfei and Whiteson, Shimon},
 journal = {arXiv e-prints},
 pages = {arXiv--2011},
 title = {Is Independent Learning All You Need in the StarCraft Multi-Agent Challenge?},
 year = {2020}
}

@inproceedings{foerster2018counterfactual,
 author = {Jakob N. Foerster and
Gregory Farquhar and
Triantafyllos Afouras and
Nantas Nardelli and
Shimon Whiteson},
 bibsource = {dblp computer science bibliography, https://dblp.org},
 biburl = {https://dblp.org/rec/conf/aaai/FoersterFANW18.bib},
 booktitle = {Proceedings of the Thirty-Second {AAAI} Conference on Artificial Intelligence,
(AAAI-18), the 30th innovative Applications of Artificial Intelligence
(IAAI-18), and the 8th {AAAI} Symposium on Educational Advances in
Artificial Intelligence (EAAI-18), New Orleans, Louisiana, USA, February
2-7, 2018},
 editor = {Sheila A. McIlraith and
Kilian Q. Weinberger},
 pages = {2974--2982},
 publisher = {{AAAI} Press},
 timestamp = {Mon, 22 Oct 2018 01:00:00 +0200},
 title = {Counterfactual Multi-Agent Policy Gradients},
 url = {https://www.aaai.org/ocs/index.php/AAAI/AAAI18/paper/view/17193},
 year = {2018}
}

@inproceedings{du2019liir,
 author = {Yali Du and
Lei Han and
Meng Fang and
Ji Liu and
Tianhong Dai and
Dacheng Tao},
 bibsource = {dblp computer science bibliography, https://dblp.org},
 biburl = {https://dblp.org/rec/conf/nips/DuHFLDT19.bib},
 booktitle = {Advances in Neural Information Processing Systems 32: Annual Conference
on Neural Information Processing Systems 2019, NeurIPS 2019, December
8-14, 2019, Vancouver, BC, Canada},
 editor = {Hanna M. Wallach and
Hugo Larochelle and
Alina Beygelzimer and
Florence d'Alch{\'{e}}{-}Buc and
Emily B. Fox and
Roman Garnett},
 pages = {4405--4416},
 timestamp = {Thu, 21 Jan 2021 00:00:00 +0100},
 title = {{LIIR:} Learning Individual Intrinsic Reward in Multi-Agent Reinforcement
Learning},
 url = {https://proceedings.neurips.cc/paper/2019/hash/07a9d3fed4c5ea6b17e80258dee231fa-Abstract.html},
 year = {2019}
}

@article{schrittwieser2020mastering,
 author = {Schrittwieser, Julian and Antonoglou, Ioannis and Hubert, Thomas and Simonyan, Karen and Sifre, Laurent and Schmitt, Simon and Guez, Arthur and Lockhart, Edward and Hassabis, Demis and Graepel, Thore and others},
 journal = {Nature},
 number = {7839},
 pages = {604--609},
 publisher = {Nature Publishing Group},
 title = {Mastering atari, go, chess and shogi by planning with a learned model},
 volume = {588},
 year = {2020}
}

@article{leibo2017multi,
 author = {Leibo, Joel Z and Zambaldi, Vinicius and Lanctot, Marc and Marecki, Janusz and Graepel, Thore},
 journal = {ArXiv preprint},
 title = {Multi-agent reinforcement learning in sequential social dilemmas},
 url = {https://arxiv.org/abs/1702.03037},
 volume = {abs/1702.03037},
 year = {2017}
}

@inproceedings{zhou2020learning,
 author = {Meng Zhou and
Ziyu Liu and
Pengwei Sui and
Yixuan Li and
Yuk Ying Chung},
 bibsource = {dblp computer science bibliography, https://dblp.org},
 biburl = {https://dblp.org/rec/conf/nips/ZhouLSLC20.bib},
 booktitle = {Advances in Neural Information Processing Systems 33: Annual Conference
on Neural Information Processing Systems 2020, NeurIPS 2020, December
6-12, 2020, virtual},
 editor = {Hugo Larochelle and
Marc'Aurelio Ranzato and
Raia Hadsell and
Maria{-}Florina Balcan and
Hsuan{-}Tien Lin},
 timestamp = {Tue, 19 Jan 2021 00:00:00 +0100},
 title = {Learning Implicit Credit Assignment for Cooperative Multi-Agent Reinforcement
Learning},
 url = {https://proceedings.neurips.cc/paper/2020/hash/8977ecbb8cb82d77fb091c7a7f186163-Abstract.html},
 year = {2020}
}

@article{vanneste2020learning,
 author = {Vanneste, Simon and Vanneste, Astrid and Mercelis, Siegfried and Hellinckx, Peter},
 journal = {ArXiv preprint},
 title = {Learning to Communicate Using Counterfactual Reasoning},
 url = {https://arxiv.org/abs/2006.07200},
 volume = {abs/2006.07200},
 year = {2020}
}

@article{foerster2017learning,
 author = {Foerster, Jakob N and Chen, Richard Y and Al-Shedivat, Maruan and Whiteson, Shimon and Abbeel, Pieter and Mordatch, Igor},
 journal = {ArXiv preprint},
 title = {Learning with opponent-learning awareness},
 url = {https://arxiv.org/abs/1709.04326},
 volume = {abs/1709.04326},
 year = {2017}
}

@inproceedings{lanctot2017unified,
 author = {Marc Lanctot and
Vin{\'{\i}}cius Flores Zambaldi and
Audrunas Gruslys and
Angeliki Lazaridou and
Karl Tuyls and
Julien P{\'{e}}rolat and
David Silver and
Thore Graepel},
 bibsource = {dblp computer science bibliography, https://dblp.org},
 biburl = {https://dblp.org/rec/conf/nips/LanctotZGLTPSG17.bib},
 booktitle = {Advances in Neural Information Processing Systems 30: Annual Conference
on Neural Information Processing Systems 2017, December 4-9, 2017,
Long Beach, CA, {USA}},
 editor = {Isabelle Guyon and
Ulrike von Luxburg and
Samy Bengio and
Hanna M. Wallach and
Rob Fergus and
S. V. N. Vishwanathan and
Roman Garnett},
 pages = {4190--4203},
 timestamp = {Thu, 21 Jan 2021 00:00:00 +0100},
 title = {A Unified Game-Theoretic Approach to Multiagent Reinforcement Learning},
 url = {https://proceedings.neurips.cc/paper/2017/hash/3323fe11e9595c09af38fe67567a9394-Abstract.html},
 year = {2017}
}

@article{liang2018deep,
 author = {Liang, Xiaoyuan and Du, Xunsheng and Wang, Guiling and Han, Zhu},
 journal = {ArXiv preprint},
 title = {Deep reinforcement learning for traffic light control in vehicular networks},
 url = {https://arxiv.org/abs/1803.11115},
 volume = {abs/1803.11115},
 year = {2018}
}

@inproceedings{foerster2016learning,
 author = {Jakob N. Foerster and
Yannis M. Assael and
Nando de Freitas and
Shimon Whiteson},
 bibsource = {dblp computer science bibliography, https://dblp.org},
 biburl = {https://dblp.org/rec/conf/nips/FoersterAFW16.bib},
 booktitle = {Advances in Neural Information Processing Systems 29: Annual Conference
on Neural Information Processing Systems 2016, December 5-10, 2016,
Barcelona, Spain},
 editor = {Daniel D. Lee and
Masashi Sugiyama and
Ulrike von Luxburg and
Isabelle Guyon and
Roman Garnett},
 pages = {2137--2145},
 timestamp = {Thu, 21 Jan 2021 00:00:00 +0100},
 title = {Learning to Communicate with Deep Multi-Agent Reinforcement Learning},
 url = {https://proceedings.neurips.cc/paper/2016/hash/c7635bfd99248a2cdef8249ef7bfbef4-Abstract.html},
 year = {2016}
}

@article{vinyals2019grandmaster,
 author = {Vinyals, Oriol and Babuschkin, Igor and Czarnecki, Wojciech M and Mathieu, Micha{\"e}l and Dudzik, Andrew and Chung, Junyoung and Choi, David H and Powell, Richard and Ewalds, Timo and Georgiev, Petko and others},
 journal = {Nature},
 number = {7782},
 pages = {350--354},
 publisher = {Nature Publishing Group},
 title = {Grandmaster level in StarCraft II using multi-agent reinforcement learning},
 volume = {575},
 year = {2019}
}

@article{heinrich2016deep,
 author = {Heinrich, Johannes and Silver, David},
 journal = {ArXiv preprint},
 title = {Deep reinforcement learning from self-play in imperfect-information games},
 url = {https://arxiv.org/abs/1603.01121},
 volume = {abs/1603.01121},
 year = {2016}
}

@article{narvekar2020curriculum,
 author = {Narvekar, Sanmit and Peng, Bei and Leonetti, Matteo and Sinapov, Jivko and Taylor, Matthew E and Stone, Peter},
 journal = {Journal of Machine Learning Research},
 number = {181},
 pages = {1--50},
 title = {Curriculum learning for reinforcement learning domains: A framework and survey},
 volume = {21},
 year = {2020}
}

@inproceedings{son2019qtran,
 author = {Kyunghwan Son and
Daewoo Kim and
Wan Ju Kang and
David Hostallero and
Yung Yi},
 bibsource = {dblp computer science bibliography, https://dblp.org},
 biburl = {https://dblp.org/rec/conf/icml/SonKKHY19.bib},
 booktitle = {Proceedings of the 36th International Conference on Machine Learning,
{ICML} 2019, 9-15 June 2019, Long Beach, California, {USA}},
 editor = {Kamalika Chaudhuri and
Ruslan Salakhutdinov},
 pages = {5887--5896},
 publisher = {{PMLR}},
 series = {Proceedings of Machine Learning Research},
 timestamp = {Wed, 24 Jul 2019 01:00:00 +0200},
 title = {{QTRAN:} Learning to Factorize with Transformation for Cooperative
Multi-Agent Reinforcement Learning},
 url = {http://proceedings.mlr.press/v97/son19a.html},
 volume = {97},
 year = {2019}
}

@article{shladover1995review,
 author = {Shladover, Steven E},
 journal = {Vehicle System Dynamics},
 number = {6-7},
 pages = {551--595},
 publisher = {Taylor \& Francis},
 title = {Review of the state of development of advanced vehicle control systems (AVCS)},
 volume = {24},
 year = {1995}
}

@article{besselink2017string,
 author = {Besselink, Bart and Johansson, Karl H},
 journal = {IEEE Transactions on Automatic Control},
 number = {9},
 pages = {4376--4391},
 publisher = {IEEE},
 title = {String stability and a delay-based spacing policy for vehicle platoons subject to disturbances},
 volume = {62},
 year = {2017}
}

@incollection{taniguchi2015demonstration,
 author = {Taniguchi, Yohei and Nishi, Ryosuke and Tomoeda, Akiyasu and Shimura, Kenichiro and Ezaki, Takahiro and Nishinari, Katsuhiro},
 booktitle = {Traffic and Granular Flow'13},
 pages = {479--483},
 publisher = {Springer},
 title = {A demonstration experiment of a theory of jam-absorption driving},
 year = {2015}
}

@article{treiber2017intelligent,
 author = {Treiber, Martin and Kesting, Arne},
 journal = {Transportation research procedia},
 pages = {174--187},
 publisher = {Elsevier},
 title = {The intelligent driver model with stochasticity-new insights into traffic flow oscillations},
 volume = {23},
 year = {2017}
}

@article{knorr2012reducing,
 author = {Knorr, Florian and Baselt, Daniel and Schreckenberg, Michael and Mauve, Martin},
 journal = {IEEE Transactions on Vehicular Technology},
 number = {8},
 pages = {3490--3498},
 publisher = {IEEE},
 title = {Reducing traffic jams via VANETs},
 volume = {61},
 year = {2012}
}

@article{wang2016connected,
 author = {Wang, Meng and Daamen, Winnie and Hoogendoorn, Serge P and van Arem, Bart},
 journal = {Journal of Intelligent Transportation Systems},
 number = {6},
 pages = {559--572},
 publisher = {Taylor \& Francis},
 title = {Connected variable speed limits control and car-following control with vehicle-infrastructure communication to resolve stop-and-go waves},
 volume = {20},
 year = {2016}
}

@article{karlaftis2011statistical,
 author = {Karlaftis, Matthew G and Vlahogianni, Eleni I},
 journal = {Transportation Research Part C: Emerging Technologies},
 number = {3},
 pages = {387--399},
 publisher = {Elsevier},
 title = {Statistical methods versus neural networks in transportation research: Differences, similarities and some insights},
 volume = {19},
 year = {2011}
}

@inproceedings{schulman2015high,
 author = {John Schulman and
Philipp Moritz and
Sergey Levine and
Michael I. Jordan and
Pieter Abbeel},
 bibsource = {dblp computer science bibliography, https://dblp.org},
 biburl = {https://dblp.org/rec/journals/corr/SchulmanMLJA15.bib},
 booktitle = {4th International Conference on Learning Representations, {ICLR} 2016,
San Juan, Puerto Rico, May 2-4, 2016, Conference Track Proceedings},
 editor = {Yoshua Bengio and
Yann LeCun},
 timestamp = {Thu, 25 Jul 2019 01:00:00 +0200},
 title = {High-Dimensional Continuous Control Using Generalized Advantage Estimation},
 url = {http://arxiv.org/abs/1506.02438},
 year = {2016}
}

@article{wu2019behavior,
 author = {Wu, Yifan and Tucker, George and Nachum, Ofir},
 journal = {ArXiv preprint},
 title = {Behavior regularized offline reinforcement learning},
 url = {https://arxiv.org/abs/1911.11361},
 volume = {abs/1911.11361},
 year = {2019}
}

@article{peng2019advantage,
 author = {Peng, Xue Bin and Kumar, Aviral and Zhang, Grace and Levine, Sergey},
 journal = {ArXiv preprint},
 title = {Advantage-weighted regression: Simple and scalable off-policy reinforcement learning},
 url = {https://arxiv.org/abs/1910.00177},
 volume = {abs/1910.00177},
 year = {2019}
}

@inproceedings{espeholt2018impala,
 author = {Lasse Espeholt and
Hubert Soyer and
R{\'{e}}mi Munos and
Karen Simonyan and
Volodymyr Mnih and
Tom Ward and
Yotam Doron and
Vlad Firoiu and
Tim Harley and
Iain Dunning and
Shane Legg and
Koray Kavukcuoglu},
 bibsource = {dblp computer science bibliography, https://dblp.org},
 biburl = {https://dblp.org/rec/conf/icml/EspeholtSMSMWDF18.bib},
 booktitle = {Proceedings of the 35th International Conference on Machine Learning,
{ICML} 2018, Stockholmsm{\"{a}}ssan, Stockholm, Sweden, July 10-15,
2018},
 editor = {Jennifer G. Dy and
Andreas Krause},
 pages = {1406--1415},
 publisher = {{PMLR}},
 series = {Proceedings of Machine Learning Research},
 timestamp = {Wed, 03 Apr 2019 01:00:00 +0200},
 title = {{IMPALA:} Scalable Distributed Deep-RL with Importance Weighted Actor-Learner
Architectures},
 url = {http://proceedings.mlr.press/v80/espeholt18a.html},
 volume = {80},
 year = {2018}
}

@inproceedings{kelly2019hg,
 author = {Kelly, Michael and Sidrane, Chelsea and Driggs-Campbell, Katherine and Kochenderfer, Mykel J},
 booktitle = {2019 International Conference on Robotics and Automation (ICRA)},
 organization = {IEEE},
 pages = {8077--8083},
 title = {Hg-dagger: Interactive imitation learning with human experts},
 year = {2019}
}

@article{levine2020offline,
 author = {Levine, Sergey and Kumar, Aviral and Tucker, George and Fu, Justin},
 journal = {ArXiv preprint},
 title = {Offline reinforcement learning: Tutorial, review, and perspectives on open problems},
 url = {https://arxiv.org/abs/2005.01643},
 volume = {abs/2005.01643},
 year = {2020}
}

@inproceedings{reddy2019sqil,
 author = {Siddharth Reddy and
Anca D. Dragan and
Sergey Levine},
 bibsource = {dblp computer science bibliography, https://dblp.org},
 biburl = {https://dblp.org/rec/conf/iclr/ReddyDL20.bib},
 booktitle = {8th International Conference on Learning Representations, {ICLR} 2020,
Addis Ababa, Ethiopia, April 26-30, 2020},
 publisher = {OpenReview.net},
 timestamp = {Thu, 07 May 2020 01:00:00 +0200},
 title = {{SQIL:} Imitation Learning via Reinforcement Learning with Sparse
Rewards},
 url = {https://openreview.net/forum?id=S1xKd24twB},
 year = {2020}
}

@inproceedings{kumar2020conservative,
 author = {Aviral Kumar and
Aurick Zhou and
George Tucker and
Sergey Levine},
 bibsource = {dblp computer science bibliography, https://dblp.org},
 biburl = {https://dblp.org/rec/conf/nips/KumarZTL20.bib},
 booktitle = {Advances in Neural Information Processing Systems 33: Annual Conference
on Neural Information Processing Systems 2020, NeurIPS 2020, December
6-12, 2020, virtual},
 editor = {Hugo Larochelle and
Marc'Aurelio Ranzato and
Raia Hadsell and
Maria{-}Florina Balcan and
Hsuan{-}Tien Lin},
 timestamp = {Tue, 19 Jan 2021 00:00:00 +0100},
 title = {Conservative Q-Learning for Offline Reinforcement Learning},
 url = {https://proceedings.neurips.cc/paper/2020/hash/0d2b2061826a5df3221116a5085a6052-Abstract.html},
 year = {2020}
}

@inproceedings{ho2016generative,
 author = {Jonathan Ho and
Stefano Ermon},
 bibsource = {dblp computer science bibliography, https://dblp.org},
 biburl = {https://dblp.org/rec/conf/nips/HoE16.bib},
 booktitle = {Advances in Neural Information Processing Systems 29: Annual Conference
on Neural Information Processing Systems 2016, December 5-10, 2016,
Barcelona, Spain},
 editor = {Daniel D. Lee and
Masashi Sugiyama and
Ulrike von Luxburg and
Isabelle Guyon and
Roman Garnett},
 pages = {4565--4573},
 timestamp = {Thu, 21 Jan 2021 00:00:00 +0100},
 title = {Generative Adversarial Imitation Learning},
 url = {https://proceedings.neurips.cc/paper/2016/hash/cc7e2b878868cbae992d1fb743995d8f-Abstract.html},
 year = {2016}
}

@inproceedings{zhang2017query,
  title={Query-efficient imitation learning for end-to-end simulated driving},
  author={Zhang, Jiakai and Cho, Kyunghyun},
  booktitle={Proceedings of the AAAI Conference on Artificial Intelligence},
  volume={31},
  year={2017}
}


@inproceedings{ross2011reduction,
 author = {Ross, St{\'e}phane and Gordon, Geoffrey and Bagnell, Drew},
 booktitle = {Proceedings of the fourteenth international conference on artificial intelligence and statistics},
 organization = {JMLR Workshop and Conference Proceedings},
 pages = {627--635},
 title = {A reduction of imitation learning and structured prediction to no-regret online learning},
 year = {2011}
}

@inproceedings{ross2013learning,
 author = {Ross, St{\'e}phane and Melik-Barkhudarov, Narek and Shankar, Kumar Shaurya and Wendel, Andreas and Dey, Debadeepta and Bagnell, J Andrew and Hebert, Martial},
 booktitle = {2013 IEEE international conference on robotics and automation},
 organization = {IEEE},
 pages = {1765--1772},
 title = {Learning monocular reactive uav control in cluttered natural environments},
 year = {2013}
}

@article{zhu2018robot,
 author = {Zhu, Zuyuan and Hu, Huosheng},
 journal = {Robotics},
 number = {2},
 pages = {17},
 publisher = {Multidisciplinary Digital Publishing Institute},
 title = {Robot learning from demonstration in robotic assembly: A survey},
 volume = {7},
 year = {2018}
}

@inproceedings{ross2010efficient,
 author = {Ross, St{\'e}phane and Bagnell, Drew},
 booktitle = {Proceedings of the thirteenth international conference on artificial intelligence and statistics},
 organization = {JMLR Workshop and Conference Proceedings},
 pages = {661--668},
 title = {Efficient reductions for imitation learning},
 year = {2010}
}

@article{ravichandar2020recent,
 author = {Ravichandar, Harish and Polydoros, Athanasios S and Chernova, Sonia and Billard, Aude},
 journal = {Annual Review of Control, Robotics, and Autonomous Systems},
 pages = {297--330},
 publisher = {Annual Reviews},
 title = {Recent advances in robot learning from demonstration},
 volume = {3},
 year = {2020}
}

@article{Gauss1857,
 author = {Carl Friedrich Gauss and Charles Henry Davis},
 journal = {Gauss's Theoria Motus},
 number = {1},
 pages = {5--23},
 title = {Theory of the motion of the heavenly bodies moving about the sun in conic sections},
 volume = {76},
 year = {1857}
}

@inproceedings{chow2018lyapunov,
 author = {Yinlam Chow and
Ofir Nachum and
Edgar A. Du{\'{e}}{\~{n}}ez{-}Guzm{\'{a}}n and
Mohammad Ghavamzadeh},
 bibsource = {dblp computer science bibliography, https://dblp.org},
 biburl = {https://dblp.org/rec/conf/nips/ChowNDG18.bib},
 booktitle = {Advances in Neural Information Processing Systems 31: Annual Conference
on Neural Information Processing Systems 2018, NeurIPS 2018, December
3-8, 2018, Montr{\'{e}}al, Canada},
 editor = {Samy Bengio and
Hanna M. Wallach and
Hugo Larochelle and
Kristen Grauman and
Nicol{\`{o}} Cesa{-}Bianchi and
Roman Garnett},
 pages = {8103--8112},
 timestamp = {Thu, 21 Jan 2021 00:00:00 +0100},
 title = {A Lyapunov-based Approach to Safe Reinforcement Learning},
 url = {https://proceedings.neurips.cc/paper/2018/hash/4fe5149039b52765bde64beb9f674940-Abstract.html},
 year = {2018}
}

@inproceedings{wen2013efficient,
 author = {Zheng Wen and
Benjamin Van Roy},
 bibsource = {dblp computer science bibliography, https://dblp.org},
 biburl = {https://dblp.org/rec/conf/nips/WenR13.bib},
 booktitle = {Advances in Neural Information Processing Systems 26: 27th Annual
Conference on Neural Information Processing Systems 2013. Proceedings
of a meeting held December 5-8, 2013, Lake Tahoe, Nevada, United States},
 editor = {Christopher J. C. Burges and
L{\'{e}}on Bottou and
Zoubin Ghahramani and
Kilian Q. Weinberger},
 pages = {3021--3029},
 timestamp = {Thu, 21 Jan 2021 00:00:00 +0100},
 title = {Efficient Exploration and Value Function Generalization in Deterministic
Systems},
 url = {https://proceedings.neurips.cc/paper/2013/hash/bad5f33780c42f2588878a9d07405083-Abstract.html},
 year = {2013}
}

@article{modi2019contextual,
 author = {Modi, Aditya and Tewari, Ambuj},
 title = {Contextual markov decision processes using generalized linear models},
 year = {2019}
}

@article{hallak2015contextual,
 author = {Hallak, Assaf and Di Castro, Dotan and Mannor, Shie},
 journal = {ArXiv preprint},
 title = {Contextual markov decision processes},
 url = {https://arxiv.org/abs/1502.02259},
 volume = {abs/1502.02259},
 year = {2015}
}

@inproceedings{conti2018improving,
 author = {Edoardo Conti and
Vashisht Madhavan and
Felipe Petroski Such and
Joel Lehman and
Kenneth O. Stanley and
Jeff Clune},
 bibsource = {dblp computer science bibliography, https://dblp.org},
 biburl = {https://dblp.org/rec/conf/nips/ContiMSLSC18.bib},
 booktitle = {Advances in Neural Information Processing Systems 31: Annual Conference
on Neural Information Processing Systems 2018, NeurIPS 2018, December
3-8, 2018, Montr{\'{e}}al, Canada},
 editor = {Samy Bengio and
Hanna M. Wallach and
Hugo Larochelle and
Kristen Grauman and
Nicol{\`{o}} Cesa{-}Bianchi and
Roman Garnett},
 pages = {5032--5043},
 timestamp = {Thu, 21 Jan 2021 00:00:00 +0100},
 title = {Improving Exploration in Evolution Strategies for Deep Reinforcement
Learning via a Population of Novelty-Seeking Agents},
 url = {https://proceedings.neurips.cc/paper/2018/hash/b1301141feffabac455e1f90a7de2054-Abstract.html},
 year = {2018}
}

@inproceedings{bharadhwaj2020conservative,
 author = {Homanga Bharadhwaj and
Aviral Kumar and
Nicholas Rhinehart and
Sergey Levine and
Florian Shkurti and
Animesh Garg},
 bibsource = {dblp computer science bibliography, https://dblp.org},
 biburl = {https://dblp.org/rec/conf/iclr/BharadhwajKRLSG21.bib},
 booktitle = {9th International Conference on Learning Representations, {ICLR} 2021,
Virtual Event, Austria, May 3-7, 2021},
 publisher = {OpenReview.net},
 timestamp = {Wed, 23 Jun 2021 01:00:00 +0200},
 title = {Conservative Safety Critics for Exploration},
 url = {https://openreview.net/forum?id=iaO86DUuKi},
 year = {2021}
}

@inproceedings{cho2014learning,
 address = {Doha, Qatar},
 author = {Cho, Kyunghyun  and
van Merri{\"e}nboer, Bart  and
Gulcehre, Caglar  and
Bahdanau, Dzmitry  and
Bougares, Fethi  and
Schwenk, Holger  and
Bengio, Yoshua},
 booktitle = {Proceedings of the 2014 Conference on Empirical Methods in Natural Language Processing ({EMNLP})},
 doi = {10.3115/v1/D14-1179},
 pages = {1724--1734},
 publisher = {Association for Computational Linguistics},
 title = {Learning Phrase Representations using {RNN} Encoder{--}Decoder for Statistical Machine Translation},
 url = {https://aclanthology.org/D14-1179},
 year = {2014}
}

@inproceedings{stooke2020responsive,
 author = {Adam Stooke and
Joshua Achiam and
Pieter Abbeel},
 bibsource = {dblp computer science bibliography, https://dblp.org},
 biburl = {https://dblp.org/rec/conf/icml/StookeAA20.bib},
 booktitle = {Proceedings of the 37th International Conference on Machine Learning,
{ICML} 2020, 13-18 July 2020, Virtual Event},
 pages = {9133--9143},
 publisher = {{PMLR}},
 series = {Proceedings of Machine Learning Research},
 timestamp = {Tue, 15 Dec 2020 00:00:00 +0100},
 title = {Responsive Safety in Reinforcement Learning by {PID} Lagrangian Methods},
 url = {http://proceedings.mlr.press/v119/stooke20a.html},
 volume = {119},
 year = {2020}
}

@article{pham2018constrained,
 author = {Pham, Tu-Hoa and De Magistris, Giovanni and Agravante, Don Joven and Chaudhury, Subhajit and Munawar, Asim and Tachibana, Ryuki},
 journal = {ArXiv preprint},
 title = {Constrained exploration and recovery from experience shaping},
 url = {https://arxiv.org/abs/1809.08925},
 volume = {abs/1809.08925},
 year = {2018}
}

@book{altman1999constrained,
 author = {Altman, Eitan},
 publisher = {CRC Press},
 title = {Constrained Markov decision processes},
 volume = {7},
 year = {1999}
}

@article{agarwal2019theory,
 author = {Agarwal, Alekh and Kakade, Sham M and Lee, Jason D and Mahajan, Gaurav},
 journal = {ArXiv preprint},
 title = {On the theory of policy gradient methods: Optimality, approximation, and distribution shift},
 url = {https://arxiv.org/abs/1908.00261},
 volume = {abs/1908.00261},
 year = {2019}
}

@article{perkins2002lyapunov,
 author = {Perkins, Theodore J and Barto, Andrew G},
 journal = {Journal of Machine Learning Research},
 number = {Dec},
 pages = {803--832},
 title = {Lyapunov design for safe reinforcement learning},
 volume = {3},
 year = {2002}
}

@inproceedings{zhang2020cautious,
 author = {Jesse Zhang and
Brian Cheung and
Chelsea Finn and
Sergey Levine and
Dinesh Jayaraman},
 bibsource = {dblp computer science bibliography, https://dblp.org},
 biburl = {https://dblp.org/rec/conf/icml/ZhangCFLJ20.bib},
 booktitle = {Proceedings of the 37th International Conference on Machine Learning,
{ICML} 2020, 13-18 July 2020, Virtual Event},
 pages = {11055--11065},
 publisher = {{PMLR}},
 series = {Proceedings of Machine Learning Research},
 timestamp = {Tue, 15 Dec 2020 00:00:00 +0100},
 title = {Cautious Adaptation For Reinforcement Learning in Safety-Critical
Settings},
 url = {http://proceedings.mlr.press/v119/zhang20e.html},
 volume = {119},
 year = {2020}
}

@article{srinivasan2020learning,
 author = {Srinivasan, Krishnan and Eysenbach, Benjamin and Ha, Sehoon and Tan, Jie and Finn, Chelsea},
 journal = {ArXiv preprint},
 title = {Learning to be Safe: Deep RL with a Safety Critic},
 url = {https://arxiv.org/abs/2010.14603},
 volume = {abs/2010.14603},
 year = {2020}
}

@inproceedings{vaswani2017attention,
 author = {Ashish Vaswani and
Noam Shazeer and
Niki Parmar and
Jakob Uszkoreit and
Llion Jones and
Aidan N. Gomez and
Lukasz Kaiser and
Illia Polosukhin},
 bibsource = {dblp computer science bibliography, https://dblp.org},
 biburl = {https://dblp.org/rec/conf/nips/VaswaniSPUJGKP17.bib},
 booktitle = {Advances in Neural Information Processing Systems 30: Annual Conference
on Neural Information Processing Systems 2017, December 4-9, 2017,
Long Beach, CA, {USA}},
 editor = {Isabelle Guyon and
Ulrike von Luxburg and
Samy Bengio and
Hanna M. Wallach and
Rob Fergus and
S. V. N. Vishwanathan and
Roman Garnett},
 pages = {5998--6008},
 timestamp = {Thu, 21 Jan 2021 00:00:00 +0100},
 title = {Attention is All you Need},
 url = {https://proceedings.neurips.cc/paper/2017/hash/3f5ee243547dee91fbd053c1c4a845aa-Abstract.html},
 year = {2017}
}

@article{sikchi2020lyapunov,
 author = {Sikchi, Harshit and Zhou, Wenxuan and Held, David},
 journal = {NeurIPS Deep Reinforcement Learning Workshop 2020},
 title = {Lyapunov Barrier Policy Optimization},
 year = {2020}
}

@article{geibel2005risk,
 author = {Geibel, Peter and Wysotzki, Fritz},
 journal = {Journal of Artificial Intelligence Research},
 pages = {81--108},
 title = {Risk-sensitive reinforcement learning applied to control under constraints},
 volume = {24},
 year = {2005}
}

@inproceedings{wachi2020safe,
 author = {Akifumi Wachi and
Yanan Sui},
 bibsource = {dblp computer science bibliography, https://dblp.org},
 biburl = {https://dblp.org/rec/conf/icml/WachiS20.bib},
 booktitle = {Proceedings of the 37th International Conference on Machine Learning,
{ICML} 2020, 13-18 July 2020, Virtual Event},
 pages = {9797--9806},
 publisher = {{PMLR}},
 series = {Proceedings of Machine Learning Research},
 timestamp = {Tue, 15 Dec 2020 00:00:00 +0100},
 title = {Safe Reinforcement Learning in Constrained Markov Decision Processes},
 url = {http://proceedings.mlr.press/v119/wachi20a.html},
 volume = {119},
 year = {2020}
}

@article{hamalainen2019visualizing,
 author = {H{\"a}m{\"a}l{\"a}inen, Perttu and Toikka, Juuso and Babadi, Amin and Liu, C Karen},
 journal = {ArXiv preprint},
 title = {Visualizing movement control optimization landscapes},
 url = {https://arxiv.org/abs/1909.07869},
 volume = {abs/1909.07869},
 year = {2019}
}

@inproceedings{cheng2019end,
 author = {Richard Cheng and
G{\'{a}}bor Orosz and
Richard M. Murray and
Joel W. Burdick},
 bibsource = {dblp computer science bibliography, https://dblp.org},
 biburl = {https://dblp.org/rec/conf/aaai/ChengOMB19.bib},
 booktitle = {The Thirty-Third {AAAI} Conference on Artificial Intelligence, {AAAI}
2019, The Thirty-First Innovative Applications of Artificial Intelligence
Conference, {IAAI} 2019, The Ninth {AAAI} Symposium on Educational
Advances in Artificial Intelligence, {EAAI} 2019, Honolulu, Hawaii,
USA, January 27 - February 1, 2019},
 doi = {10.1609/aaai.v33i01.33013387},
 pages = {3387--3395},
 publisher = {{AAAI} Press},
 timestamp = {Wed, 25 Sep 2019 01:00:00 +0200},
 title = {End-to-End Safe Reinforcement Learning through Barrier Functions for
Safety-Critical Continuous Control Tasks},
 url = {https://doi.org/10.1609/aaai.v33i01.33013387},
 year = {2019}
}

@inproceedings{liu2020ipo,
 author = {Yongshuai Liu and
Jiaxin Ding and
Xin Liu},
 bibsource = {dblp computer science bibliography, https://dblp.org},
 biburl = {https://dblp.org/rec/conf/aaai/LiuDL20.bib},
 booktitle = {The Thirty-Fourth {AAAI} Conference on Artificial Intelligence, {AAAI}
2020, The Thirty-Second Innovative Applications of Artificial Intelligence
Conference, {IAAI} 2020, The Tenth {AAAI} Symposium on Educational
Advances in Artificial Intelligence, {EAAI} 2020, New York, NY, USA,
February 7-12, 2020},
 pages = {4940--4947},
 publisher = {{AAAI} Press},
 timestamp = {Thu, 04 Jun 2020 01:00:00 +0200},
 title = {{IPO:} Interior-Point Policy Optimization under Constraints},
 url = {https://aaai.org/ojs/index.php/AAAI/article/view/5932},
 year = {2020}
}

@inproceedings{taylor2020learning,
 author = {Taylor, Andrew and Singletary, Andrew and Yue, Yisong and Ames, Aaron},
 booktitle = {Learning for Dynamics and Control},
 organization = {PMLR},
 pages = {708--717},
 title = {Learning for safety-critical control with control barrier functions},
 year = {2020}
}

@article{chow2017risk,
 author = {Chow, Yinlam and Ghavamzadeh, Mohammad and Janson, Lucas and Pavone, Marco},
 journal = {The Journal of Machine Learning Research},
 number = {1},
 pages = {6070--6120},
 publisher = {JMLR. org},
 title = {Risk-constrained reinforcement learning with percentile risk criteria},
 volume = {18},
 year = {2017}
}

@inproceedings{kendall2019learning,
 author = {Kendall, Alex and Hawke, Jeffrey and Janz, David and Mazur, Przemyslaw and Reda, Daniele and Allen, John-Mark and Lam, Vinh-Dieu and Bewley, Alex and Shah, Amar},
 booktitle = {2019 International Conference on Robotics and Automation (ICRA)},
 organization = {IEEE},
 pages = {8248--8254},
 title = {Learning to drive in a day},
 year = {2019}
}

@article{amodei2016concrete,
 author = {Amodei, Dario and Olah, Chris and Steinhardt, Jacob and Christiano, Paul and Schulman, John and Man{\'e}, Dan},
 journal = {ArXiv preprint},
 title = {Concrete problems in AI safety},
 url = {https://arxiv.org/abs/1606.06565},
 volume = {abs/1606.06565},
 year = {2016}
}

@article{richter2019open,
 author = {Richter, Florian and Orosco, Ryan K and Yip, Michael C},
 journal = {ArXiv preprint},
 title = {Open-sourced reinforcement learning environments for surgical robotics},
 url = {https://arxiv.org/abs/1903.02090},
 volume = {abs/1903.02090},
 year = {2019}
}

@article{garcia2015comprehensive,
 author = {Garc{\i}a, Javier and Fern{\'a}ndez, Fernando},
 journal = {Journal of Machine Learning Research},
 number = {1},
 pages = {1437--1480},
 title = {A comprehensive survey on safe reinforcement learning},
 volume = {16},
 year = {2015}
}

@article{leike2017ai,
 author = {Leike, Jan and Martic, Miljan and Krakovna, Victoria and Ortega, Pedro A and Everitt, Tom and Lefrancq, Andrew and Orseau, Laurent and Legg, Shane},
 journal = {ArXiv preprint},
 title = {AI safety gridworlds},
 url = {https://arxiv.org/abs/1711.09883},
 volume = {abs/1711.09883},
 year = {2017}
}

@article{liaw2018tune,
 author = {Liaw, Richard and Liang, Eric and Nishihara, Robert and Moritz, Philipp and Gonzalez, Joseph E and Stoica, Ion},
 journal = {ArXiv preprint},
 title = {Tune: A research platform for distributed model selection and training},
 url = {https://arxiv.org/abs/1807.05118},
 volume = {abs/1807.05118},
 year = {2018}
}

@article{pugh2016quality,
 author = {Pugh, Justin K and Soros, Lisa B and Stanley, Kenneth O},
 journal = {Frontiers in Robotics and AI},
 pages = {40},
 publisher = {Frontiers},
 title = {Quality diversity: A new frontier for evolutionary computation},
 volume = {3},
 year = {2016}
}

@inproceedings{lehman2008exploiting,
 author = {Lehman, Joel and Stanley, Kenneth O},
 booktitle = {ALIFE},
 pages = {329--336},
 title = {Exploiting open-endedness to solve problems through the search for novelty.},
 year = {2008}
}

@inproceedings{Shah2019Preferences,
 author = {Rohin Shah and
Dmitrii Krasheninnikov and
Jordan Alexander and
Pieter Abbeel and
Anca D. Dragan},
 bibsource = {dblp computer science bibliography, https://dblp.org},
 biburl = {https://dblp.org/rec/conf/iclr/ShahKAAD19.bib},
 booktitle = {7th International Conference on Learning Representations, {ICLR} 2019,
New Orleans, LA, USA, May 6-9, 2019},
 publisher = {OpenReview.net},
 timestamp = {Thu, 25 Jul 2019 01:00:00 +0200},
 title = {Preferences Implicit in the State of the World},
 url = {https://openreview.net/forum?id=rkevMnRqYQ},
 year = {2019}
}

@inproceedings{Berkenkamp2017Safe,
 author = {Felix Berkenkamp and
Matteo Turchetta and
Angela P. Schoellig and
Andreas Krause},
 bibsource = {dblp computer science bibliography, https://dblp.org},
 biburl = {https://dblp.org/rec/conf/nips/BerkenkampTS017.bib},
 booktitle = {Advances in Neural Information Processing Systems 30: Annual Conference
on Neural Information Processing Systems 2017, December 4-9, 2017,
Long Beach, CA, {USA}},
 editor = {Isabelle Guyon and
Ulrike von Luxburg and
Samy Bengio and
Hanna M. Wallach and
Rob Fergus and
S. V. N. Vishwanathan and
Roman Garnett},
 pages = {908--918},
 timestamp = {Thu, 21 Jan 2021 00:00:00 +0100},
 title = {Safe Model-based Reinforcement Learning with Stability Guarantees},
 url = {https://proceedings.neurips.cc/paper/2017/hash/766ebcd59621e305170616ba3d3dac32-Abstract.html},
 year = {2017}
}

@article{wang2019paired,
 author = {Wang, Rui and Lehman, Joel and Clune, Jeff and Stanley, Kenneth O},
 journal = {ArXiv preprint},
 title = {Paired open-ended trailblazer (poet): Endlessly generating increasingly complex and diverse learning environments and their solutions},
 url = {https://arxiv.org/abs/1901.01753},
 volume = {abs/1901.01753},
 year = {2019}
}

@article{such2017deep,
 author = {Such, Felipe Petroski and Madhavan, Vashisht and Conti, Edoardo and Lehman, Joel and Stanley, Kenneth O and Clune, Jeff},
 journal = {ArXiv preprint},
 title = {Deep neuroevolution: Genetic algorithms are a competitive alternative for training deep neural networks for reinforcement learning},
 url = {https://arxiv.org/abs/1712.06567},
 volume = {abs/1712.06567},
 year = {2017}
}

@article{lehman2011abandoning,
 author = {Lehman, Joel and Stanley, Kenneth O},
 journal = {Evolutionary computation},
 number = {2},
 pages = {189--223},
 publisher = {MIT Press},
 title = {Abandoning objectives: Evolution through the search for novelty alone},
 volume = {19},
 year = {2011}
}

@inproceedings{kurutach2018model,
 author = {Thanard Kurutach and
Ignasi Clavera and
Yan Duan and
Aviv Tamar and
Pieter Abbeel},
 bibsource = {dblp computer science bibliography, https://dblp.org},
 biburl = {https://dblp.org/rec/conf/iclr/KurutachCDTA18.bib},
 booktitle = {6th International Conference on Learning Representations, {ICLR} 2018,
Vancouver, BC, Canada, April 30 - May 3, 2018, Conference Track Proceedings},
 publisher = {OpenReview.net},
 timestamp = {Thu, 25 Jul 2019 01:00:00 +0200},
 title = {Model-Ensemble Trust-Region Policy Optimization},
 url = {https://openreview.net/forum?id=SJJinbWRZ},
 year = {2018}
}

@incollection{Bengio+chapter2007,
 author = {Bengio, Yoshua and LeCun, Yann},
 booktitle = {Large Scale Kernel Machines},
 publisher = {MIT Press},
 title = {Scaling Learning Algorithms Towards {AI}},
 year = {2007}
}

@article{Hinton06,
 author = {Hinton, Geoffrey E. and Osindero, Simon and Teh, Yee Whye},
 journal = {Neural Computation},
 pages = {1527--1554},
 title = {A Fast Learning Algorithm for Deep Belief Nets},
 volume = {18},
 year = {2006}
}

@article{gers1999learning,
 author = {Gers, Felix A and Schmidhuber, J{\"u}rgen and Cummins, Fred},
 publisher = {IET},
 title = {Learning to forget: Continual prediction with LSTM},
 year = {1999}
}

@article{nichol2018first,
 author = {Nichol, Alex and Achiam, Joshua and Schulman, John},
 journal = {ArXiv preprint},
 title = {On first-order meta-learning algorithms},
 url = {https://arxiv.org/abs/1803.02999},
 volume = {abs/1803.02999},
 year = {2018}
}

@inproceedings{rakelly2019efficient,
 author = {Kate Rakelly and
Aurick Zhou and
Chelsea Finn and
Sergey Levine and
Deirdre Quillen},
 bibsource = {dblp computer science bibliography, https://dblp.org},
 biburl = {https://dblp.org/rec/conf/icml/RakellyZFLQ19.bib},
 booktitle = {Proceedings of the 36th International Conference on Machine Learning,
{ICML} 2019, 9-15 June 2019, Long Beach, California, {USA}},
 editor = {Kamalika Chaudhuri and
Ruslan Salakhutdinov},
 pages = {5331--5340},
 publisher = {{PMLR}},
 series = {Proceedings of Machine Learning Research},
 timestamp = {Tue, 11 Jun 2019 01:00:00 +0200},
 title = {Efficient Off-Policy Meta-Reinforcement Learning via Probabilistic
Context Variables},
 url = {http://proceedings.mlr.press/v97/rakelly19a.html},
 volume = {97},
 year = {2019}
}

@article{duan2016rl,
 author = {Duan, Yan and Schulman, John and Chen, Xi and Bartlett, Peter L and Sutskever, Ilya and Abbeel, Pieter},
 journal = {ArXiv preprint},
 title = {Rl $\^{} 2$: Fast reinforcement learning via slow reinforcement learning},
 url = {https://arxiv.org/abs/1611.02779},
 volume = {abs/1611.02779},
 year = {2016}
}

@inproceedings{finn2017model,
 author = {Chelsea Finn and
Pieter Abbeel and
Sergey Levine},
 bibsource = {dblp computer science bibliography, https://dblp.org},
 biburl = {https://dblp.org/rec/conf/icml/FinnAL17.bib},
 booktitle = {Proceedings of the 34th International Conference on Machine Learning,
{ICML} 2017, Sydney, NSW, Australia, 6-11 August 2017},
 editor = {Doina Precup and
Yee Whye Teh},
 pages = {1126--1135},
 publisher = {{PMLR}},
 series = {Proceedings of Machine Learning Research},
 timestamp = {Thu, 21 Jan 2021 00:00:00 +0100},
 title = {Model-Agnostic Meta-Learning for Fast Adaptation of Deep Networks},
 url = {http://proceedings.mlr.press/v70/finn17a.html},
 volume = {70},
 year = {2017}
}

@inproceedings{goodfellow2016deep,
 author = {Ruslan Salakhutdinov},
 bibsource = {dblp computer science bibliography, https://dblp.org},
 biburl = {https://dblp.org/rec/conf/kdd/Salakhutdinov14.bib},
 booktitle = {The 20th {ACM} {SIGKDD} International Conference on Knowledge Discovery
and Data Mining, {KDD} '14, New York, NY, {USA} - August 24 - 27,
2014},
 doi = {10.1145/2623330.2630809},
 editor = {Sofus A. Macskassy and
Claudia Perlich and
Jure Leskovec and
Wei Wang and
Rayid Ghani},
 pages = {1973},
 publisher = {{ACM}},
 timestamp = {Tue, 06 Nov 2018 00:00:00 +0100},
 title = {Deep learning},
 url = {https://doi.org/10.1145/2623330.2630809},
 year = {2014}
}

@inproceedings{fakoor2019meta,
 author = {Rasool Fakoor and
Pratik Chaudhari and
Stefano Soatto and
Alexander J. Smola},
 bibsource = {dblp computer science bibliography, https://dblp.org},
 biburl = {https://dblp.org/rec/conf/iclr/FakoorCSS20.bib},
 booktitle = {8th International Conference on Learning Representations, {ICLR} 2020,
Addis Ababa, Ethiopia, April 26-30, 2020},
 publisher = {OpenReview.net},
 timestamp = {Thu, 07 May 2020 01:00:00 +0200},
 title = {Meta-Q-Learning},
 url = {https://openreview.net/forum?id=SJeD3CEFPH},
 year = {2020}
}

@article{heess2017emergence,
 author = {Heess, Nicolas and Sriram, Srinivasan and Lemmon, Jay and Merel, Josh and Wayne, Greg and Tassa, Yuval and Erez, Tom and Wang, Ziyu and Eslami, SM and Riedmiller, Martin and others},
 journal = {ArXiv preprint},
 title = {Emergence of locomotion behaviours in rich environments},
 url = {https://arxiv.org/abs/1707.02286},
 volume = {abs/1707.02286},
 year = {2017}
}

@inproceedings{DBLP:journals/corr/abs-1905-05252,
 author = {Yunbo Zhang and
Wenhao Yu and
Greg Turk},
 bibsource = {dblp computer science bibliography, https://dblp.org},
 biburl = {https://dblp.org/rec/conf/icml/ZhangYT19.bib},
 booktitle = {Proceedings of the 36th International Conference on Machine Learning,
{ICML} 2019, 9-15 June 2019, Long Beach, California, {USA}},
 editor = {Kamalika Chaudhuri and
Ruslan Salakhutdinov},
 pages = {7483--7492},
 publisher = {{PMLR}},
 series = {Proceedings of Machine Learning Research},
 timestamp = {Tue, 11 Jun 2019 01:00:00 +0200},
 title = {Learning Novel Policies For Tasks},
 url = {http://proceedings.mlr.press/v97/zhang19q.html},
 volume = {97},
 year = {2019}
}

@inproceedings{colas2018gep,
 author = {C{\'{e}}dric Colas and
Olivier Sigaud and
Pierre{-}Yves Oudeyer},
 bibsource = {dblp computer science bibliography, https://dblp.org},
 biburl = {https://dblp.org/rec/conf/icml/ColasSO18.bib},
 booktitle = {Proceedings of the 35th International Conference on Machine Learning,
{ICML} 2018, Stockholmsm{\"{a}}ssan, Stockholm, Sweden, July 10-15,
2018},
 editor = {Jennifer G. Dy and
Andreas Krause},
 pages = {1038--1047},
 publisher = {{PMLR}},
 series = {Proceedings of Machine Learning Research},
 timestamp = {Wed, 03 Apr 2019 01:00:00 +0200},
 title = {{GEP-PG:} Decoupling Exploration and Exploitation in Deep Reinforcement
Learning Algorithms},
 url = {http://proceedings.mlr.press/v80/colas18a.html},
 volume = {80},
 year = {2018}
}

@article{forestier2017intrinsically,
 author = {Forestier, S{\'e}bastien and Mollard, Yoan and Oudeyer, Pierre-Yves},
 journal = {ArXiv preprint},
 title = {Intrinsically motivated goal exploration processes with automatic curriculum learning},
 url = {https://arxiv.org/abs/1708.02190},
 volume = {abs/1708.02190},
 year = {2017}
}

@misc{1606.01540,
 author = {Greg Brockman and Vicki Cheung and Ludwig Pettersson and Jonas Schneider and John Schulman and Jie Tang and Wojciech Zaremba},
 journal = {ArXiv preprint},
 title = {OpenAI Gym},
 url = {https://arxiv.org/abs/1606.01540},
 volume = {abs/1606.01540},
 year = {2016}
}

@inproceedings{henderson2018deep,
 author = {Peter Henderson and
Riashat Islam and
Philip Bachman and
Joelle Pineau and
Doina Precup and
David Meger},
 bibsource = {dblp computer science bibliography, https://dblp.org},
 biburl = {https://dblp.org/rec/conf/aaai/0002IBPPM18.bib},
 booktitle = {Proceedings of the Thirty-Second {AAAI} Conference on Artificial Intelligence,
(AAAI-18), the 30th innovative Applications of Artificial Intelligence
(IAAI-18), and the 8th {AAAI} Symposium on Educational Advances in
Artificial Intelligence (EAAI-18), New Orleans, Louisiana, USA, February
2-7, 2018},
 editor = {Sheila A. McIlraith and
Kilian Q. Weinberger},
 pages = {3207--3214},
 publisher = {{AAAI} Press},
 timestamp = {Mon, 22 Oct 2018 01:00:00 +0200},
 title = {Deep Reinforcement Learning That Matters},
 url = {https://www.aaai.org/ocs/index.php/AAAI/AAAI18/paper/view/16669},
 year = {2018}
}

@inproceedings{pathak2017curiosity,
 author = {Deepak Pathak and
Pulkit Agrawal and
Alexei A. Efros and
Trevor Darrell},
 bibsource = {dblp computer science bibliography, https://dblp.org},
 biburl = {https://dblp.org/rec/conf/icml/PathakAED17.bib},
 booktitle = {Proceedings of the 34th International Conference on Machine Learning,
{ICML} 2017, Sydney, NSW, Australia, 6-11 August 2017},
 editor = {Doina Precup and
Yee Whye Teh},
 pages = {2778--2787},
 publisher = {{PMLR}},
 series = {Proceedings of Machine Learning Research},
 timestamp = {Wed, 03 Apr 2019 01:00:00 +0200},
 title = {Curiosity-driven Exploration by Self-supervised Prediction},
 url = {http://proceedings.mlr.press/v70/pathak17a.html},
 volume = {70},
 year = {2017}
}

@inproceedings{peysakhovich2017consequentialist,
 author = {Alexander Peysakhovich and
Adam Lerer},
 bibsource = {dblp computer science bibliography, https://dblp.org},
 biburl = {https://dblp.org/rec/conf/iclr/PeysakhovichL18.bib},
 booktitle = {6th International Conference on Learning Representations, {ICLR} 2018,
Vancouver, BC, Canada, April 30 - May 3, 2018, Conference Track Proceedings},
 publisher = {OpenReview.net},
 timestamp = {Thu, 25 Jul 2019 01:00:00 +0200},
 title = {Consequentialist conditional cooperation in social dilemmas with imperfect
information},
 url = {https://openreview.net/forum?id=BkabRiQpb},
 year = {2018}
}

@inproceedings{pardo2018time,
 author = {Fabio Pardo and
Arash Tavakoli and
Vitaly Levdik and
Petar Kormushev},
 bibsource = {dblp computer science bibliography, https://dblp.org},
 biburl = {https://dblp.org/rec/conf/icml/PardoTLK18.bib},
 booktitle = {Proceedings of the 35th International Conference on Machine Learning,
{ICML} 2018, Stockholmsm{\"{a}}ssan, Stockholm, Sweden, July 10-15,
2018},
 editor = {Jennifer G. Dy and
Andreas Krause},
 pages = {4042--4051},
 publisher = {{PMLR}},
 series = {Proceedings of Machine Learning Research},
 timestamp = {Wed, 03 Apr 2019 01:00:00 +0200},
 title = {Time Limits in Reinforcement Learning},
 url = {http://proceedings.mlr.press/v80/pardo18a.html},
 volume = {80},
 year = {2018}
}

@inproceedings{burda2018large,
 author = {Yuri Burda and
Harrison Edwards and
Deepak Pathak and
Amos J. Storkey and
Trevor Darrell and
Alexei A. Efros},
 bibsource = {dblp computer science bibliography, https://dblp.org},
 biburl = {https://dblp.org/rec/conf/iclr/BurdaEPSDE19.bib},
 booktitle = {7th International Conference on Learning Representations, {ICLR} 2019,
New Orleans, LA, USA, May 6-9, 2019},
 publisher = {OpenReview.net},
 timestamp = {Thu, 25 Jul 2019 01:00:00 +0200},
 title = {Large-Scale Study of Curiosity-Driven Learning},
 url = {https://openreview.net/forum?id=rJNwDjAqYX},
 year = {2019}
}

@inproceedings{burda2018exploration,
 author = {Yuri Burda and
Harrison Edwards and
Amos J. Storkey and
Oleg Klimov},
 bibsource = {dblp computer science bibliography, https://dblp.org},
 biburl = {https://dblp.org/rec/conf/iclr/BurdaESK19.bib},
 booktitle = {7th International Conference on Learning Representations, {ICLR} 2019,
New Orleans, LA, USA, May 6-9, 2019},
 publisher = {OpenReview.net},
 timestamp = {Thu, 25 Jul 2019 01:00:00 +0200},
 title = {Exploration by random network distillation},
 url = {https://openreview.net/forum?id=H1lJJnR5Ym},
 year = {2019}
}

@inproceedings{DBLP:journals/corr/abs-1902-00528,
 author = {Hao Liu and
Alexander Trott and
Richard Socher and
Caiming Xiong},
 bibsource = {dblp computer science bibliography, https://dblp.org},
 biburl = {https://dblp.org/rec/conf/iclr/LiuTSX19.bib},
 booktitle = {7th International Conference on Learning Representations, {ICLR} 2019,
New Orleans, LA, USA, May 6-9, 2019},
 publisher = {OpenReview.net},
 timestamp = {Thu, 25 Jul 2019 01:00:00 +0200},
 title = {Competitive experience replay},
 url = {https://openreview.net/forum?id=Sklsm20ctX},
 year = {2019}
}

@article{houthooft2016variational,
 author = {Houthooft, Rein and Chen, Xi and Duan, Yan and Schulman, John and De Turck, Filip and Abbeel, Pieter},
 title = {Variational information maximizing exploration},
 year = {2016}
}

@inproceedings{such2018atari,
 author = {Felipe Petroski Such and
Vashisht Madhavan and
Rosanne Liu and
Rui Wang and
Pablo Samuel Castro and
Yulun Li and
Jiale Zhi and
Ludwig Schubert and
Marc G. Bellemare and
Jeff Clune and
Joel Lehman},
 bibsource = {dblp computer science bibliography, https://dblp.org},
 biburl = {https://dblp.org/rec/conf/ijcai/SuchMLWCLZSBCL19.bib},
 booktitle = {Proceedings of the Twenty-Eighth International Joint Conference on
Artificial Intelligence, {IJCAI} 2019, Macao, China, August 10-16,
2019},
 doi = {10.24963/ijcai.2019/452},
 editor = {Sarit Kraus},
 pages = {3260--3267},
 publisher = {ijcai.org},
 timestamp = {Tue, 29 Sep 2020 01:00:00 +0200},
 title = {An Atari Model Zoo for Analyzing, Visualizing, and Comparing Deep
Reinforcement Learning Agents},
 url = {https://doi.org/10.24963/ijcai.2019/452},
 year = {2019}
}

@inproceedings{schulman2015trust,
 author = {John Schulman and
Sergey Levine and
Pieter Abbeel and
Michael I. Jordan and
Philipp Moritz},
 bibsource = {dblp computer science bibliography, https://dblp.org},
 biburl = {https://dblp.org/rec/conf/icml/SchulmanLAJM15.bib},
 booktitle = {Proceedings of the 32nd International Conference on Machine Learning,
{ICML} 2015, Lille, France, 6-11 July 2015},
 editor = {Francis R. Bach and
David M. Blei},
 pages = {1889--1897},
 publisher = {JMLR.org},
 series = {{JMLR} Workshop and Conference Proceedings},
 timestamp = {Wed, 29 May 2019 01:00:00 +0200},
 title = {Trust Region Policy Optimization},
 url = {http://proceedings.mlr.press/v37/schulman15.html},
 volume = {37},
 year = {2015}
}

@article{shen2009age,
 author = {Shen, Guanjun and Gao, Xing and Gao, Bin and Granger, Darryl E},
 journal = {Nature},
 number = {7235},
 pages = {198},
 publisher = {Nature Publishing Group},
 title = {Age of Zhoukoudian Homo erectus determined with 26 Al/10 Be burial dating},
 volume = {458},
 year = {2009}
}

@article{james1989hominid,
 author = {James, Steven R and Dennell, RW and Gilbert, Allan S and Lewis, Henry T and Gowlett, JAJ and Lynch, Thomas F and McGrew, WC and Peters, Charles R and Pope, Geoffrey G and Stahl, Ann B and others},
 journal = {Current Anthropology},
 number = {1},
 pages = {1--26},
 publisher = {University of Chicago Press},
 title = {Hominid use of fire in the Lower and Middle Pleistocene: A review of the evidence [and comments and replies]},
 volume = {30},
 year = {1989}
}

@book{darwin2004origin,
 author = {Darwin, Charles},
 publisher = {Routledge},
 title = {On the origin of species, 1859},
 year = {1859}
}

@book{rogoff1990apprenticeship,
 author = {Rogoff, Barbara},
 publisher = {Oxford university press},
 title = {Apprenticeship in thinking: Cognitive development in social context.},
 year = {1990}
}

@article{ryan2000intrinsic,
 author = {Ryan, Richard M and Deci, Edward L},
 journal = {Contemporary educational psychology},
 number = {1},
 pages = {54--67},
 publisher = {Elsevier},
 title = {Intrinsic and extrinsic motivations: Classic definitions and new directions},
 volume = {25},
 year = {2000}
}

@inproceedings{jaques2019social,
 author = {Natasha Jaques and
Angeliki Lazaridou and
Edward Hughes and
{\c{C}}aglar G{\"{u}}l{\c{c}}ehre and
Pedro A. Ortega and
DJ Strouse and
Joel Z. Leibo and
Nando de Freitas},
 bibsource = {dblp computer science bibliography, https://dblp.org},
 biburl = {https://dblp.org/rec/conf/icml/JaquesLHGOSLF19.bib},
 booktitle = {Proceedings of the 36th International Conference on Machine Learning,
{ICML} 2019, 9-15 June 2019, Long Beach, California, {USA}},
 editor = {Kamalika Chaudhuri and
Ruslan Salakhutdinov},
 pages = {3040--3049},
 publisher = {{PMLR}},
 series = {Proceedings of Machine Learning Research},
 timestamp = {Fri, 09 Oct 2020 01:00:00 +0200},
 title = {Social Influence as Intrinsic Motivation for Multi-Agent Deep Reinforcement
Learning},
 url = {http://proceedings.mlr.press/v97/jaques19a.html},
 volume = {97},
 year = {2019}
}

@inproceedings{hughes2018inequity,
 author = {Edward Hughes and
Joel Z. Leibo and
Matthew Phillips and
Karl Tuyls and
Edgar A. Du{\'{e}}{\~{n}}ez{-}Guzm{\'{a}}n and
Antonio Garc{\'{\i}}a Casta{\~{n}}eda and
Iain Dunning and
Tina Zhu and
Kevin R. McKee and
Raphael Koster and
Heather Roff and
Thore Graepel},
 bibsource = {dblp computer science bibliography, https://dblp.org},
 biburl = {https://dblp.org/rec/conf/nips/HughesLPTDCDZMK18.bib},
 booktitle = {Advances in Neural Information Processing Systems 31: Annual Conference
on Neural Information Processing Systems 2018, NeurIPS 2018, December
3-8, 2018, Montr{\'{e}}al, Canada},
 editor = {Samy Bengio and
Hanna M. Wallach and
Hugo Larochelle and
Kristen Grauman and
Nicol{\`{o}} Cesa{-}Bianchi and
Roman Garnett},
 pages = {3330--3340},
 timestamp = {Thu, 21 Jan 2021 00:00:00 +0100},
 title = {Inequity aversion improves cooperation in intertemporal social dilemmas},
 url = {https://proceedings.neurips.cc/paper/2018/hash/7fea637fd6d02b8f0adf6f7dc36aed93-Abstract.html},
 year = {2018}
}

@inproceedings{sequeira2011emerging,
 author = {Sequeira, Pedro and Melo, Francisco S and Prada, Rui and Paiva, Ana},
 booktitle = {2011 IEEE International Conference on Development and Learning (ICDL)},
 organization = {IEEE},
 pages = {1--6},
 title = {Emerging social awareness: Exploring intrinsic motivation in multiagent learning},
 volume = {2},
 year = {2011}
}

@article{van2011social,
 author = {van Schaik, Carel P and Burkart, Judith M},
 journal = {Philosophical Transactions of the Royal Society B: Biological Sciences},
 number = {1567},
 pages = {1008--1016},
 publisher = {The Royal Society},
 title = {Social learning and evolution: the cultural intelligence hypothesis},
 volume = {366},
 year = {2011}
}

@book{henrich2017secret,
 author = {Henrich, Joseph},
 publisher = {Princeton University Press},
 title = {The secret of our success: How culture is driving human evolution, domesticating our species, and making us smarter},
 year = {2017}
}

@book{harari2014sapiens,
 author = {Harari, Yuval Noah},
 publisher = {Random House},
 title = {Sapiens: A brief history of humankind},
 year = {2014}
}

@book{sutton1998introduction,
 author = {Sutton, Richard S and Barto, Andrew G and others},
 number = {4},
 publisher = {MIT press Cambridge},
 title = {Introduction to reinforcement learning},
 volume = {2},
 year = {1998}
}

@book{boehm2009hierarchy,
 author = {Boehm, Christopher and Boehm, Christopher},
 publisher = {Harvard University Press},
 title = {Hierarchy in the forest: The evolution of egalitarian behavior},
 year = {2009}
}

@article{zong2007fire,
 author = {Zong, Yongqiong and Chen, Zhongyuan and Innes, James B and Chen, Chun and Wang, Zhanghua and Wang, Hui},
 journal = {Nature},
 number = {7161},
 pages = {459},
 publisher = {Nature Publishing Group},
 title = {Fire and flood management of coastal swamp enabled first rice paddy cultivation in east China},
 volume = {449},
 year = {2007}
}

@inproceedings{li2016convergent,
 author = {Yixuan Li and
Jason Yosinski and
Jeff Clune and
Hod Lipson and
John E. Hopcroft},
 bibsource = {dblp computer science bibliography, https://dblp.org},
 biburl = {https://dblp.org/rec/journals/corr/LiYCLH15.bib},
 booktitle = {4th International Conference on Learning Representations, {ICLR} 2016,
San Juan, Puerto Rico, May 2-4, 2016, Conference Track Proceedings},
 editor = {Yoshua Bengio and
Yann LeCun},
 timestamp = {Fri, 29 Mar 2019 00:00:00 +0100},
 title = {Convergent Learning: Do different neural networks learn the same representations?},
 url = {http://arxiv.org/abs/1511.07543},
 year = {2016}
}

@inproceedings{kornblith2019similarity,
 author = {Simon Kornblith and
Mohammad Norouzi and
Honglak Lee and
Geoffrey E. Hinton},
 bibsource = {dblp computer science bibliography, https://dblp.org},
 biburl = {https://dblp.org/rec/conf/icml/Kornblith0LH19.bib},
 booktitle = {Proceedings of the 36th International Conference on Machine Learning,
{ICML} 2019, 9-15 June 2019, Long Beach, California, {USA}},
 editor = {Kamalika Chaudhuri and
Ruslan Salakhutdinov},
 pages = {3519--3529},
 publisher = {{PMLR}},
 series = {Proceedings of Machine Learning Research},
 timestamp = {Tue, 11 Jun 2019 01:00:00 +0200},
 title = {Similarity of Neural Network Representations Revisited},
 url = {http://proceedings.mlr.press/v97/kornblith19a.html},
 volume = {97},
 year = {2019}
}

@inproceedings{lillicrap2015continuous,
 author = {Timothy P. Lillicrap and
Jonathan J. Hunt and
Alexander Pritzel and
Nicolas Heess and
Tom Erez and
Yuval Tassa and
David Silver and
Daan Wierstra},
 bibsource = {dblp computer science bibliography, https://dblp.org},
 biburl = {https://dblp.org/rec/journals/corr/LillicrapHPHETS15.bib},
 booktitle = {4th International Conference on Learning Representations, {ICLR} 2016,
San Juan, Puerto Rico, May 2-4, 2016, Conference Track Proceedings},
 editor = {Yoshua Bengio and
Yann LeCun},
 timestamp = {Thu, 25 Jul 2019 01:00:00 +0200},
 title = {Continuous control with deep reinforcement learning},
 url = {http://arxiv.org/abs/1509.02971},
 year = {2016}
}

@misc{deeprl,
 author = {Shangtong, Zhang},
 howpublished = {\url{https://github.com/ShangtongZhang/DeepRL}},
 journal = {GitHub Repository},
 publisher = {GitHub},
 title = {Modularized Implementation of Deep RL Algorithms in PyTorch},
 year = {2018}
}

@inproceedings{conf/iros/TodorovET12,
 added-at = {2018-11-14T00:00:00.000+0100},
 author = {Todorov, Emanuel and Erez, Tom and Tassa, Yuval},
 biburl = {https://www.bibsonomy.org/bibtex/22218cb5d1a40b6e6c2b6077fdff08fbf/dblp},
 booktitle = {IROS},
 ee = {https://www.wikidata.org/entity/Q56812558},
 interhash = {869ab290a52bafc47114756b66df3c25},
 intrahash = {2218cb5d1a40b6e6c2b6077fdff08fbf},
 isbn = {978-1-4673-1737-5},
 keywords = {dblp},
 pages = {5026-5033},
 publisher = {IEEE},
 timestamp = {2018-11-15T16:37:07.000+0100},
 title = {MuJoCo: A physics engine for model-based control.},
 url = {http://dblp.uni-trier.de/db/conf/iros/iros2012.html#TodorovET12},
 year = {2012}
}

@book{thorndike2017animal,
 author = {Thorndike, Edward},
 publisher = {Routledge},
 title = {Animal intelligence: Experimental studies},
 year = {2017}
}

@article{schultz1997neural,
 author = {Schultz, Wolfram and Dayan, Peter and Montague, P Read},
 journal = {Science},
 number = {5306},
 pages = {1593--1599},
 publisher = {American Association for the Advancement of Science},
 title = {A neural substrate of prediction and reward},
 volume = {275},
 year = {1997}
}

@article{pianka1970r,
 author = {Pianka, Eric R},
 journal = {The american naturalist},
 number = {940},
 pages = {592--597},
 publisher = {University of Chicago Press},
 title = {On r-and K-selection},
 volume = {104},
 year = {1970}
}

@book{villani2008optimal,
 author = {Villani, C{\'e}dric},
 publisher = {Springer Science \& Business Media},
 title = {Optimal transport: old and new},
 volume = {338},
 year = {2008}
}

@inproceedings{fuglede2004jensen,
 author = {Fuglede, Bent and Topsoe, Flemming},
 booktitle = {International Symposium onInformation Theory, 2004. ISIT 2004. Proceedings.},
 organization = {IEEE},
 pages = {31},
 title = {Jensen-Shannon divergence and Hilbert space embedding},
 year = {2004}
}

@article{endres2003new,
 author = {Endres, Dominik Maria and Schindelin, Johannes E},
 journal = {IEEE Transactions on Information theory},
 title = {A new metric for probability distributions},
 year = {2003}
}

@book{zoutendijk1960methods,
 author = {Zoutendijk, Guus},
 publisher = {Elsevier},
 title = {Methods of feasible directions: a study in linear and non-linear programming},
 year = {1960}
}

@book{dantzig2006linear,
 author = {Dantzig, George B and Thapa, Mukund N},
 publisher = {Springer Science \& Business Media},
 title = {Linear programming 2: theory and extensions},
 year = {2006}
}

@article{potra2000interior,
 author = {Potra, Florian A and Wright, Stephen J},
 journal = {Journal of Computational and Applied Mathematics},
 number = {1-2},
 pages = {281--302},
 publisher = {Elsevier},
 title = {Interior-point methods},
 volume = {124},
 year = {2000}
}

@article{chan2012identifiable,
 author = {Chan, Cindy and Berger, Jonah and Van Boven, Leaf},
 journal = {Journal of Consumer research},
 number = {3},
 pages = {561--573},
 publisher = {University of Chicago Press Chicago, IL},
 title = {Identifiable but not identical: Combining social identity and uniqueness motives in choice},
 volume = {39},
 year = {2012}
}

@article{wright2001convergence,
 author = {Wright, Stephen J},
 journal = {Mathematical Programming},
 number = {1},
 pages = {71--100},
 publisher = {Springer},
 title = {On the convergence of the Newton/log-barrier method},
 volume = {90},
 year = {2001}
}

@article{conn1997globally,
 author = {Conn, A and Gould, Nick and Toint, Ph},
 journal = {Mathematics of Computation of the American Mathematical Society},
 number = {217},
 pages = {261--288},
 title = {A globally convergent Lagrangian barrier algorithm for optimization with general inequality constraints and simple bounds},
 volume = {66},
 year = {1997}
}

@inproceedings{osband2018randomized,
 author = {Ian Osband and
John Aslanides and
Albin Cassirer},
 bibsource = {dblp computer science bibliography, https://dblp.org},
 biburl = {https://dblp.org/rec/conf/nips/OsbandAC18.bib},
 booktitle = {Advances in Neural Information Processing Systems 31: Annual Conference
on Neural Information Processing Systems 2018, NeurIPS 2018, December
3-8, 2018, Montr{\'{e}}al, Canada},
 editor = {Samy Bengio and
Hanna M. Wallach and
Hugo Larochelle and
Kristen Grauman and
Nicol{\`{o}} Cesa{-}Bianchi and
Roman Garnett},
 pages = {8626--8638},
 timestamp = {Thu, 21 Jan 2021 00:00:00 +0100},
 title = {Randomized Prior Functions for Deep Reinforcement Learning},
 url = {https://proceedings.neurips.cc/paper/2018/hash/5a7b238ba0f6502e5d6be14424b20ded-Abstract.html},
 year = {2018}
}

@inproceedings{osband2016deep,
 author = {Ian Osband and
Charles Blundell and
Alexander Pritzel and
Benjamin Van Roy},
 bibsource = {dblp computer science bibliography, https://dblp.org},
 biburl = {https://dblp.org/rec/conf/nips/OsbandBPR16.bib},
 booktitle = {Advances in Neural Information Processing Systems 29: Annual Conference
on Neural Information Processing Systems 2016, December 5-10, 2016,
Barcelona, Spain},
 editor = {Daniel D. Lee and
Masashi Sugiyama and
Ulrike von Luxburg and
Isabelle Guyon and
Roman Garnett},
 pages = {4026--4034},
 timestamp = {Thu, 21 Jan 2021 00:00:00 +0100},
 title = {Deep Exploration via Bootstrapped {DQN}},
 url = {https://proceedings.neurips.cc/paper/2016/hash/8d8818c8e140c64c743113f563cf750f-Abstract.html},
 year = {2016}
}

@inproceedings{florensa2017stochastic,
 author = {Carlos Florensa and
Yan Duan and
Pieter Abbeel},
 bibsource = {dblp computer science bibliography, https://dblp.org},
 biburl = {https://dblp.org/rec/conf/iclr/FlorensaDA17.bib},
 booktitle = {5th International Conference on Learning Representations, {ICLR} 2017,
Toulon, France, April 24-26, 2017, Conference Track Proceedings},
 publisher = {OpenReview.net},
 timestamp = {Thu, 25 Jul 2019 01:00:00 +0200},
 title = {Stochastic Neural Networks for Hierarchical Reinforcement Learning},
 url = {https://openreview.net/forum?id=B1oK8aoxe},
 year = {2017}
}

@article{salimans2017evolution,
 author = {Salimans, Tim and Ho, Jonathan and Chen, Xi and Sidor, Szymon and Sutskever, Ilya},
 journal = {ArXiv preprint},
 title = {Evolution strategies as a scalable alternative to reinforcement learning},
 url = {https://arxiv.org/abs/1703.03864},
 volume = {abs/1703.03864},
 year = {2017}
}

@inproceedings{eysenbach2018diversity,
 author = {Benjamin Eysenbach and
Abhishek Gupta and
Julian Ibarz and
Sergey Levine},
 bibsource = {dblp computer science bibliography, https://dblp.org},
 biburl = {https://dblp.org/rec/conf/iclr/EysenbachGIL19.bib},
 booktitle = {7th International Conference on Learning Representations, {ICLR} 2019,
New Orleans, LA, USA, May 6-9, 2019},
 publisher = {OpenReview.net},
 timestamp = {Thu, 25 Jul 2019 01:00:00 +0200},
 title = {Diversity is All You Need: Learning Skills without a Reward Function},
 url = {https://openreview.net/forum?id=SJx63jRqFm},
 year = {2019}
}

@inproceedings{gangwani2018learning,
 author = {Tanmay Gangwani and
Qiang Liu and
Jian Peng},
 bibsource = {dblp computer science bibliography, https://dblp.org},
 biburl = {https://dblp.org/rec/conf/iclr/GangwaniLP19.bib},
 booktitle = {7th International Conference on Learning Representations, {ICLR} 2019,
New Orleans, LA, USA, May 6-9, 2019},
 publisher = {OpenReview.net},
 timestamp = {Thu, 25 Jul 2019 01:00:00 +0200},
 title = {Learning Self-Imitating Diverse Policies},
 url = {https://openreview.net/forum?id=HyxzRsR9Y7},
 year = {2019}
}

@inproceedings{liu2017stein,
 author = {Yang Liu and
Prajit Ramachandran and
Qiang Liu and
Jian Peng},
 bibsource = {dblp computer science bibliography, https://dblp.org},
 biburl = {https://dblp.org/rec/conf/uai/LiuRLP17.bib},
 booktitle = {Proceedings of the Thirty-Third Conference on Uncertainty in Artificial
Intelligence, {UAI} 2017, Sydney, Australia, August 11-15, 2017},
 editor = {Gal Elidan and
Kristian Kersting and
Alexander T. Ihler},
 publisher = {{AUAI} Press},
 timestamp = {Thu, 12 Mar 2020 00:00:00 +0100},
 title = {Stein Variational Policy Gradient},
 url = {http://auai.org/uai2017/proceedings/papers/239.pdf},
 year = {2017}
}

@incollection{lehman2011novelty,
 author = {Lehman, Joel and Stanley, Kenneth O},
 booktitle = {Genetic programming theory and practice IX},
 pages = {37--56},
 publisher = {Springer},
 title = {Novelty search and the problem with objectives},
 year = {2011}
}

@article{sutton1998reinforcement,
 author = {Sutton, Richard S and Barto, Andrew G},
 title = {Reinforcement Learning: An Introduction},
 year = {1998}
}

@inproceedings{sutton2000policy,
 author = {Sutton, Richard S and McAllester, David A and Singh, Satinder P and Mansour, Yishay},
 booktitle = {Advances in neural information processing systems},
 pages = {1057--1063},
 title = {Policy gradient methods for reinforcement learning with function approximation},
 year = {2000}
}

@incollection{liepins1991deceptiveness,
 author = {Liepins, Gunar E and Vose, Michael D},
 booktitle = {Foundations of genetic algorithms},
 pages = {36--50},
 publisher = {Elsevier},
 title = {Deceptiveness and genetic algorithm dynamics},
 volume = {1},
 year = {1991}
}

@article{plappert2018multi,
 author = {Plappert, Matthias and Andrychowicz, Marcin and Ray, Alex and McGrew, Bob and Baker, Bowen and Powell, Glenn and Schneider, Jonas and Tobin, Josh and Chociej, Maciek and Welinder, Peter and others},
 journal = {ArXiv preprint},
 title = {Multi-goal reinforcement learning: Challenging robotics environments and request for research},
 url = {https://arxiv.org/abs/1802.09464},
 volume = {abs/1802.09464},
 year = {2018}
}

@inproceedings{tang2017exploration,
 author = {Haoran Tang and
Rein Houthooft and
Davis Foote and
Adam Stooke and
Xi Chen and
Yan Duan and
John Schulman and
Filip De Turck and
Pieter Abbeel},
 bibsource = {dblp computer science bibliography, https://dblp.org},
 biburl = {https://dblp.org/rec/conf/nips/TangHFSCDSTA17.bib},
 booktitle = {Advances in Neural Information Processing Systems 30: Annual Conference
on Neural Information Processing Systems 2017, December 4-9, 2017,
Long Beach, CA, {USA}},
 editor = {Isabelle Guyon and
Ulrike von Luxburg and
Samy Bengio and
Hanna M. Wallach and
Rob Fergus and
S. V. N. Vishwanathan and
Roman Garnett},
 pages = {2753--2762},
 timestamp = {Thu, 21 Jan 2021 00:00:00 +0100},
 title = {{\#}Exploration: {A} Study of Count-Based Exploration for Deep Reinforcement
Learning},
 url = {https://proceedings.neurips.cc/paper/2017/hash/3a20f62a0af1aa152670bab3c602feed-Abstract.html},
 year = {2017}
}

@inproceedings{bellemare2016unifying,
 author = {Marc G. Bellemare and
Sriram Srinivasan and
Georg Ostrovski and
Tom Schaul and
David Saxton and
R{\'{e}}mi Munos},
 bibsource = {dblp computer science bibliography, https://dblp.org},
 biburl = {https://dblp.org/rec/conf/nips/BellemareSOSSM16.bib},
 booktitle = {Advances in Neural Information Processing Systems 29: Annual Conference
on Neural Information Processing Systems 2016, December 5-10, 2016,
Barcelona, Spain},
 editor = {Daniel D. Lee and
Masashi Sugiyama and
Ulrike von Luxburg and
Isabelle Guyon and
Roman Garnett},
 pages = {1471--1479},
 timestamp = {Thu, 21 Jan 2021 00:00:00 +0100},
 title = {Unifying Count-Based Exploration and Intrinsic Motivation},
 url = {https://proceedings.neurips.cc/paper/2016/hash/afda332245e2af431fb7b672a68b659d-Abstract.html},
 year = {2016}
}

@inproceedings{ostrovski2017count,
 author = {Georg Ostrovski and
Marc G. Bellemare and
A{\"{a}}ron van den Oord and
R{\'{e}}mi Munos},
 bibsource = {dblp computer science bibliography, https://dblp.org},
 biburl = {https://dblp.org/rec/conf/icml/OstrovskiBOM17.bib},
 booktitle = {Proceedings of the 34th International Conference on Machine Learning,
{ICML} 2017, Sydney, NSW, Australia, 6-11 August 2017},
 editor = {Doina Precup and
Yee Whye Teh},
 pages = {2721--2730},
 publisher = {{PMLR}},
 series = {Proceedings of Machine Learning Research},
 timestamp = {Wed, 03 Apr 2019 01:00:00 +0200},
 title = {Count-Based Exploration with Neural Density Models},
 url = {http://proceedings.mlr.press/v70/ostrovski17a.html},
 volume = {70},
 year = {2017}
}

@inproceedings{plappert2017parameter,
 author = {Matthias Plappert and
Rein Houthooft and
Prafulla Dhariwal and
Szymon Sidor and
Richard Y. Chen and
Xi Chen and
Tamim Asfour and
Pieter Abbeel and
Marcin Andrychowicz},
 bibsource = {dblp computer science bibliography, https://dblp.org},
 biburl = {https://dblp.org/rec/conf/iclr/PlappertHDSC0AA18.bib},
 booktitle = {6th International Conference on Learning Representations, {ICLR} 2018,
Vancouver, BC, Canada, April 30 - May 3, 2018, Conference Track Proceedings},
 publisher = {OpenReview.net},
 timestamp = {Thu, 25 Jul 2019 01:00:00 +0200},
 title = {Parameter Space Noise for Exploration},
 url = {https://openreview.net/forum?id=ByBAl2eAZ},
 year = {2018}
}

@inproceedings{ciosek2019better,
 author = {Kamil Ciosek and
Quan Vuong and
Robert Loftin and
Katja Hofmann},
 bibsource = {dblp computer science bibliography, https://dblp.org},
 biburl = {https://dblp.org/rec/conf/nips/CiosekVLH19.bib},
 booktitle = {Advances in Neural Information Processing Systems 32: Annual Conference
on Neural Information Processing Systems 2019, NeurIPS 2019, December
8-14, 2019, Vancouver, BC, Canada},
 editor = {Hanna M. Wallach and
Hugo Larochelle and
Alina Beygelzimer and
Florence d'Alch{\'{e}}{-}Buc and
Emily B. Fox and
Roman Garnett},
 pages = {1785--1796},
 timestamp = {Thu, 21 Jan 2021 00:00:00 +0100},
 title = {Better Exploration with Optimistic Actor Critic},
 url = {https://proceedings.neurips.cc/paper/2019/hash/a34bacf839b923770b2c360eefa26748-Abstract.html},
 year = {2019}
}

@inproceedings{tessler2019distributional,
 author = {Chen Tessler and
Guy Tennenholtz and
Shie Mannor},
 bibsource = {dblp computer science bibliography, https://dblp.org},
 biburl = {https://dblp.org/rec/conf/nips/TesslerTM19.bib},
 booktitle = {Advances in Neural Information Processing Systems 32: Annual Conference
on Neural Information Processing Systems 2019, NeurIPS 2019, December
8-14, 2019, Vancouver, BC, Canada},
 editor = {Hanna M. Wallach and
Hugo Larochelle and
Alina Beygelzimer and
Florence d'Alch{\'{e}}{-}Buc and
Emily B. Fox and
Roman Garnett},
 pages = {1350--1360},
 timestamp = {Thu, 21 Jan 2021 00:00:00 +0100},
 title = {Distributional Policy Optimization: An Alternative Approach for Continuous
Control},
 url = {https://proceedings.neurips.cc/paper/2019/hash/72da7fd6d1302c0a159f6436d01e9eb0-Abstract.html},
 year = {2019}
}

@article{auer2002using,
 author = {Auer, Peter},
 journal = {Journal of Machine Learning Research},
 number = {Nov},
 pages = {397--422},
 title = {Using confidence bounds for exploitation-exploration trade-offs},
 volume = {3},
 year = {2002}
}

@article{ruschendorf1985wasserstein,
 author = {R{\"u}schendorf, Ludger},
 journal = {Probability Theory and Related Fields},
 number = {1},
 pages = {117--129},
 publisher = {Springer},
 title = {The Wasserstein distance and approximation theorems},
 volume = {70},
 year = {1985}
}

@inproceedings{pmlr-v70-arjovsky17a,
 author = {Mart{\'{\i}}n Arjovsky and
Soumith Chintala and
L{\'{e}}on Bottou},
 bibsource = {dblp computer science bibliography, https://dblp.org},
 biburl = {https://dblp.org/rec/conf/icml/ArjovskyCB17.bib},
 booktitle = {Proceedings of the 34th International Conference on Machine Learning,
{ICML} 2017, Sydney, NSW, Australia, 6-11 August 2017},
 editor = {Doina Precup and
Yee Whye Teh},
 pages = {214--223},
 publisher = {{PMLR}},
 series = {Proceedings of Machine Learning Research},
 timestamp = {Wed, 03 Apr 2019 01:00:00 +0200},
 title = {Wasserstein Generative Adversarial Networks},
 url = {http://proceedings.mlr.press/v70/arjovsky17a.html},
 volume = {70},
 year = {2017}
}

@article{chow2019lyapunov,
 author = {Chow, Yinlam and Nachum, Ofir and Faust, Aleksandra and Duenez-Guzman, Edgar and Ghavamzadeh, Mohammad},
 journal = {ArXiv preprint},
 title = {Lyapunov-based safe policy optimization for continuous control},
 url = {https://arxiv.org/abs/1901.10031},
 volume = {abs/1901.10031},
 year = {2019}
}

@inproceedings{Carrara2019Budgeted,
 author = {Nicolas Carrara and
Edouard Leurent and
Romain Laroche and
Tanguy Urvoy and
Odalric{-}Ambrym Maillard and
Olivier Pietquin},
 bibsource = {dblp computer science bibliography, https://dblp.org},
 biburl = {https://dblp.org/rec/conf/nips/CarraraLLUMP19.bib},
 booktitle = {Advances in Neural Information Processing Systems 32: Annual Conference
on Neural Information Processing Systems 2019, NeurIPS 2019, December
8-14, 2019, Vancouver, BC, Canada},
 editor = {Hanna M. Wallach and
Hugo Larochelle and
Alina Beygelzimer and
Florence d'Alch{\'{e}}{-}Buc and
Emily B. Fox and
Roman Garnett},
 pages = {9295--9305},
 timestamp = {Thu, 21 Jan 2021 00:00:00 +0100},
 title = {Budgeted Reinforcement Learning in Continuous State Space},
 url = {https://proceedings.neurips.cc/paper/2019/hash/4fe5149039b52765bde64beb9f674940-Abstract.html},
 year = {2019}
}

@article{gondzio2012interior,
 author = {Gondzio, Jacek},
 journal = {European Journal of Operational Research},
 number = {3},
 pages = {587--601},
 publisher = {Elsevier},
 title = {Interior point methods 25 years later},
 volume = {218},
 year = {2012}
}

@article{dalal2018safe,
 author = {Dalal, Gal and Dvijotham, Krishnamurthy and Vecerik, Matej and Hester, Todd and Paduraru, Cosmin and Tassa, Yuval},
 journal = {ArXiv preprint},
 title = {Safe exploration in continuous action spaces},
 url = {https://arxiv.org/abs/1801.08757},
 volume = {abs/1801.08757},
 year = {2018}
}

@article{herskovits1998feasible,
 author = {Herskovits, Jos{\'e}},
 journal = {Journal of optimization theory and applications},
 number = {1},
 pages = {121--146},
 publisher = {Springer},
 title = {Feasible direction interior-point technique for nonlinear optimization},
 volume = {99},
 year = {1998}
}

@inproceedings{van2020online,
 author = {Benjamin van Niekerk and
Andreas C. Damianou and
Benjamin Rosman},
 bibsource = {dblp computer science bibliography, https://dblp.org},
 biburl = {https://dblp.org/rec/conf/uai/NiekerkDR17.bib},
 booktitle = {Proceedings of the Thirty-Third Conference on Uncertainty in Artificial
Intelligence, {UAI} 2017, Sydney, Australia, August 11-15, 2017},
 editor = {Gal Elidan and
Kristian Kersting and
Alexander T. Ihler},
 publisher = {{AUAI} Press},
 timestamp = {Thu, 12 Mar 2020 00:00:00 +0100},
 title = {Online Constrained Model-based Reinforcement Learning},
 url = {http://auai.org/uai2017/proceedings/papers/276.pdf},
 year = {2017}
}

@inproceedings{saunders2018trial,
 author = {Saunders, William and Sastry, Girish and Stuhlmueller, Andreas and Evans, Owain},
 booktitle = {Proceedings of the 17th International Conference on Autonomous Agents and MultiAgent Systems},
 organization = {International Foundation for Autonomous Agents and Multiagent Systems},
 pages = {2067--2069},
 title = {Trial without error: Towards safe reinforcement learning via human intervention},
 year = {2018}
}

@article{mason2019review,
 author = {Mason, Karl and Grijalva, Santiago},
 journal = {Computers \& Electrical Engineering},
 pages = {300--312},
 publisher = {Elsevier},
 title = {A review of reinforcement learning for autonomous building energy management},
 volume = {78},
 year = {2019}
}

@article{ruszczynski1980feasible,
 author = {Ruszczy{\'n}ski, Andrzej},
 journal = {Mathematical Programming},
 number = {1},
 pages = {220--229},
 publisher = {Springer},
 title = {Feasible direction methods for stochastic programming problems},
 volume = {19},
 year = {1980}
}

@inproceedings{fujimoto2018off,
 author = {Scott Fujimoto and
David Meger and
Doina Precup},
 bibsource = {dblp computer science bibliography, https://dblp.org},
 biburl = {https://dblp.org/rec/conf/icml/FujimotoMP19.bib},
 booktitle = {Proceedings of the 36th International Conference on Machine Learning,
{ICML} 2019, 9-15 June 2019, Long Beach, California, {USA}},
 editor = {Kamalika Chaudhuri and
Ruslan Salakhutdinov},
 pages = {2052--2062},
 publisher = {{PMLR}},
 series = {Proceedings of Machine Learning Research},
 timestamp = {Tue, 11 Jun 2019 01:00:00 +0200},
 title = {Off-Policy Deep Reinforcement Learning without Exploration},
 url = {http://proceedings.mlr.press/v97/fujimoto19a.html},
 volume = {97},
 year = {2019}
}

@inproceedings{fujimoto2018addressing,
 author = {Scott Fujimoto and
Herke van Hoof and
David Meger},
 bibsource = {dblp computer science bibliography, https://dblp.org},
 biburl = {https://dblp.org/rec/conf/icml/FujimotoHM18.bib},
 booktitle = {Proceedings of the 35th International Conference on Machine Learning,
{ICML} 2018, Stockholmsm{\"{a}}ssan, Stockholm, Sweden, July 10-15,
2018},
 editor = {Jennifer G. Dy and
Andreas Krause},
 pages = {1582--1591},
 publisher = {{PMLR}},
 series = {Proceedings of Machine Learning Research},
 timestamp = {Wed, 03 Apr 2019 01:00:00 +0200},
 title = {Addressing Function Approximation Error in Actor-Critic Methods},
 url = {http://proceedings.mlr.press/v80/fujimoto18a.html},
 volume = {80},
 year = {2018}
}

@inproceedings{duan2016benchmarking,
 author = {Yan Duan and
Xi Chen and
Rein Houthooft and
John Schulman and
Pieter Abbeel},
 bibsource = {dblp computer science bibliography, https://dblp.org},
 biburl = {https://dblp.org/rec/conf/icml/DuanCHSA16.bib},
 booktitle = {Proceedings of the 33nd International Conference on Machine Learning,
{ICML} 2016, New York City, NY, USA, June 19-24, 2016},
 editor = {Maria{-}Florina Balcan and
Kilian Q. Weinberger},
 pages = {1329--1338},
 publisher = {JMLR.org},
 series = {{JMLR} Workshop and Conference Proceedings},
 timestamp = {Wed, 29 May 2019 01:00:00 +0200},
 title = {Benchmarking Deep Reinforcement Learning for Continuous Control},
 url = {http://proceedings.mlr.press/v48/duan16.html},
 volume = {48},
 year = {2016}
}

@article{langlois2019benchmarking,
 author = {Langlois, Eric and Zhang, Shunshi and Zhang, Guodong and Abbeel, Pieter and Ba, Jimmy},
 journal = {ArXiv preprint},
 title = {Benchmarking model-based reinforcement learning},
 url = {https://arxiv.org/abs/1907.02057},
 volume = {abs/1907.02057},
 year = {2019}
}

@article{wang2019benchmarking,
 author = {Wang, Tingwu and Bao, Xuchan and Clavera, Ignasi and Hoang, Jerrick and Wen, Yeming and Langlois, Eric and Zhang, Shunshi and Zhang, Guodong and Abbeel, Pieter and Ba, Jimmy},
 journal = {ArXiv preprint},
 title = {Benchmarking Model-Based Reinforcement Learning},
 url = {https://arxiv.org/abs/1907.02057},
 volume = {abs/1907.02057},
 year = {2019}
}

@inproceedings{calian2020balancing,
 author = {Dan A. Calian and
Daniel J. Mankowitz and
Tom Zahavy and
Zhongwen Xu and
Junhyuk Oh and
Nir Levine and
Timothy A. Mann},
 bibsource = {dblp computer science bibliography, https://dblp.org},
 biburl = {https://dblp.org/rec/conf/iclr/CalianMZXOLM21.bib},
 booktitle = {9th International Conference on Learning Representations, {ICLR} 2021,
Virtual Event, Austria, May 3-7, 2021},
 publisher = {OpenReview.net},
 timestamp = {Wed, 23 Jun 2021 01:00:00 +0200},
 title = {Balancing Constraints and Rewards with Meta-Gradient {D4PG}},
 url = {https://openreview.net/forum?id=TQt98Ya7UMP},
 year = {2021}
}

@article{roese1997counterfactual,
 author = {Roese, Neal J},
 journal = {Psychological bulletin},
 number = {1},
 pages = {133},
 publisher = {American Psychological Association},
 title = {Counterfactual thinking.},
 volume = {121},
 year = {1997}
}

@inproceedings{kakade2002approximately,
 author = {Sham M. Kakade and
John Langford},
 bibsource = {dblp computer science bibliography, https://dblp.org},
 biburl = {https://dblp.org/rec/conf/icml/KakadeL02.bib},
 booktitle = {Machine Learning, Proceedings of the Nineteenth International Conference
{(ICML} 2002), University of New South Wales, Sydney, Australia, July
8-12, 2002},
 editor = {Claude Sammut and
Achim G. Hoffmann},
 pages = {267--274},
 publisher = {Morgan Kaufmann},
 timestamp = {Tue, 23 Jul 2019 01:00:00 +0200},
 title = {Approximately Optimal Approximate Reinforcement Learning},
 year = {2002}
}

@article{widrow1964pattern,
 author = {Widrow, Bernard},
 journal = {IEEE Transactions on Applications and Industry},
 number = {74},
 pages = {269--277},
 publisher = {IEEE},
 title = {Pattern recognition and adaptive control},
 volume = {83},
 year = {1964}
}

@misc{ha2020learning,
 archiveprefix = {arXiv},
 author = {Sehoon Ha and Peng Xu and Zhenyu Tan and Sergey Levine and Jie Tan},
 eprint = {2002.08550},
 primaryclass = {cs.RO},
 title = {Learning to Walk in the Real World with Minimal Human Effort},
 year = {2020}
}

@inproceedings{mandel2017add,
 author = {Travis Mandel and
Yun{-}En Liu and
Emma Brunskill and
Zoran Popovic},
 bibsource = {dblp computer science bibliography, https://dblp.org},
 biburl = {https://dblp.org/rec/conf/aaai/MandelLBP17.bib},
 booktitle = {Proceedings of the Thirty-First {AAAI} Conference on Artificial Intelligence,
February 4-9, 2017, San Francisco, California, {USA}},
 editor = {Satinder P. Singh and
Shaul Markovitch},
 pages = {2322--2328},
 publisher = {{AAAI} Press},
 timestamp = {Mon, 06 Mar 2017 00:00:00 +0100},
 title = {Where to Add Actions in Human-in-the-Loop Reinforcement Learning},
 url = {http://aaai.org/ocs/index.php/AAAI/AAAI17/paper/view/15031},
 year = {2017}
}

@article{guan2020explanation,
 author = {Guan, Lin and Verma, Mudit and Guo, Sihang and Zhang, Ruohan and Kambhampati, Subbarao},
 journal = {ArXiv preprint},
 title = {Explanation augmented feedback in human-in-the-loop reinforcement learning},
 url = {https://arxiv.org/abs/2006.14804},
 volume = {abs/2006.14804},
 year = {2020}
}

@inproceedings{schulman2018highdimensional,
 author = {John Schulman and
Philipp Moritz and
Sergey Levine and
Michael I. Jordan and
Pieter Abbeel},
 bibsource = {dblp computer science bibliography, https://dblp.org},
 biburl = {https://dblp.org/rec/journals/corr/SchulmanMLJA15.bib},
 booktitle = {4th International Conference on Learning Representations, {ICLR} 2016,
San Juan, Puerto Rico, May 2-4, 2016, Conference Track Proceedings},
 editor = {Yoshua Bengio and
Yann LeCun},
 timestamp = {Thu, 25 Jul 2019 01:00:00 +0200},
 title = {High-Dimensional Continuous Control Using Generalized Advantage Estimation},
 url = {http://arxiv.org/abs/1506.02438},
 year = {2016}
}

@article{abel2017agent,
 author = {Abel, David and Salvatier, John and Stuhlm{\"u}ller, Andreas and Evans, Owain},
 journal = {ArXiv preprint},
 title = {Agent-agnostic human-in-the-loop reinforcement learning},
 url = {https://arxiv.org/abs/1701.04079},
 volume = {abs/1701.04079},
 year = {2017}
}

@inproceedings{christiano2017deep,
 author = {Paul F. Christiano and
Jan Leike and
Tom B. Brown and
Miljan Martic and
Shane Legg and
Dario Amodei},
 bibsource = {dblp computer science bibliography, https://dblp.org},
 biburl = {https://dblp.org/rec/conf/nips/ChristianoLBMLA17.bib},
 booktitle = {Advances in Neural Information Processing Systems 30: Annual Conference
on Neural Information Processing Systems 2017, December 4-9, 2017,
Long Beach, CA, {USA}},
 editor = {Isabelle Guyon and
Ulrike von Luxburg and
Samy Bengio and
Hanna M. Wallach and
Rob Fergus and
S. V. N. Vishwanathan and
Roman Garnett},
 pages = {4299--4307},
 timestamp = {Thu, 21 Jan 2021 00:00:00 +0100},
 title = {Deep Reinforcement Learning from Human Preferences},
 url = {https://proceedings.neurips.cc/paper/2017/hash/d5e2c0adad503c91f91df240d0cd4e49-Abstract.html},
 year = {2017}
}

@inproceedings{ibarz2018reward,
 author = {Borja Ibarz and
Jan Leike and
Tobias Pohlen and
Geoffrey Irving and
Shane Legg and
Dario Amodei},
 bibsource = {dblp computer science bibliography, https://dblp.org},
 biburl = {https://dblp.org/rec/conf/nips/IbarzLPILA18.bib},
 booktitle = {Advances in Neural Information Processing Systems 31: Annual Conference
on Neural Information Processing Systems 2018, NeurIPS 2018, December
3-8, 2018, Montr{\'{e}}al, Canada},
 editor = {Samy Bengio and
Hanna M. Wallach and
Hugo Larochelle and
Kristen Grauman and
Nicol{\`{o}} Cesa{-}Bianchi and
Roman Garnett},
 pages = {8022--8034},
 timestamp = {Thu, 21 Jan 2021 00:00:00 +0100},
 title = {Reward learning from human preferences and demonstrations in Atari},
 url = {https://proceedings.neurips.cc/paper/2018/hash/8cbe9ce23f42628c98f80fa0fac8b19a-Abstract.html},
 year = {2018}
}

@article{sun2021adversarial,
 author = {J. {Sun} and L. {Yu} and P. {Dong} and B. {L} and B. {Zhou}},
 journal = {IEEE Robotics and Automation Letters},
 title = {Adversarial Inverse Reinforcement Learning with Self-attention Dynamics Model},
 year = {2021}
}

@inproceedings{huanglearning2020,
 author = {Huang, Junning and Xie, Sirui and Sun, Jiankai and Ma, Qiurui and Liu, Chunxiao and Lin, Dahua and Zhou, Bolei},
 booktitle = {Proceedings of the Conference on Robot Learning (CoRL) 2020},
 title = {Learning a Decision Module by Imitating Driverâ€™s Control Behaviors},
 year = {2020}
}

@inproceedings{Sun_2020_corl,
 author = {Sun, Jiankai and Sun, Hao and Han, Tian and Zhou, Bolei},
 booktitle = {Proceedings of the Conference on Robot Learning (CoRL) 2020},
 title = {Neuro-Symbolic Program Search for Autonomous Driving Decision Module Design},
 year = {2020}
}

@inproceedings{spencer2020learning,
 author = {Spencer, Jonathan and Choudhury, Sanjiban and Barnes, Matthew and Schmittle, Matthew and Chiang, Mung and Ramadge, Peter and Srinivasa, Siddhartha},
 booktitle = {Robotics: Science and Systems (RSS)},
 title = {Learning from Interventions},
 year = {2020}
}

@article{camacho1995behavioral,
 author = {Camacho, Rui and Michie, Donald},
 journal = {AI Magazine},
 number = {2},
 pages = {92--92},
 title = {Behavioral cloning A correction},
 volume = {16},
 year = {1995}
}

@article{osa2018algorithmic,
 author = {Osa, Takayuki and Pajarinen, Joni and Neumann, Gerhard and Bagnell, J Andrew and Abbeel, Pieter and Peters, Jan},
 journal = {ArXiv preprint},
 title = {An algorithmic perspective on imitation learning},
 url = {https://arxiv.org/abs/1811.06711},
 volume = {abs/1811.06711},
 year = {2018}
}

@article{zhang2021recent,
 author = {Zhang, Ruohan and Torabi, Faraz and Warnell, Garrett and Stone, Peter},
 journal = {Autonomous Agents and Multi-Agent Systems},
 number = {2},
 pages = {1--39},
 publisher = {Springer},
 title = {Recent advances in leveraging human guidance for sequential decision-making tasks},
 volume = {35},
 year = {2021}
}

@inproceedings{Sun_NSPS_CoRL20,
 author = {Sun, Jiankai and Sun, Hao and Han, Tian and Zhou, Bolei},
 booktitle = {Proceedings of the Conference on Robot Learning (CoRL)},
 title = {Neuro-Symbolic Program Search for Autonomous Driving Decision Module Design},
 year = {2020}
}

@inproceedings{Huang_DeepDecision_CoRL2020,
 author = {Huang, Junning and Xie, Sirui and Sun, Jiankai and Ma, Qiurui and Liu, Chunxiao and Lin, Dahua and Zhou, Bolei},
 booktitle = {Proceedings of the Conference on Robot Learning (CoRL)},
 title = {Learning a Decision Module by Imitating Driverâ€™s Control Behaviors},
 year = {2020}
}

@article{sadigh2017active,
 author = {Sadigh, Dorsa and Dragan, Anca D and Sastry, Shankar and Seshia, Sanjit A},
 journal = {UC Berkeley},
 title = {Active preference-based learning of reward functions},
 year = {2017}
}

@inproceedings{palan2019learning,
  title={Learning Reward Functions by Integrating Human Demonstrations and Preferences},
  author={Palan, Malayandi and Shevchuk, Gleb and Charles Landolfi, Nicholas and Sadigh, Dorsa},
  booktitle={Robotics: Science and Systems},
  year={2019}
}

@inproceedings{ng2000algorithms,
 author = {Andrew Y. Ng and
Stuart J. Russell},
 bibsource = {dblp computer science bibliography, https://dblp.org},
 biburl = {https://dblp.org/rec/conf/icml/NgR00.bib},
 booktitle = {Proceedings of the Seventeenth International Conference on Machine
Learning {(ICML} 2000), Stanford University, Stanford, CA, USA, June
29 - July 2, 2000},
 editor = {Pat Langley},
 pages = {663--670},
 publisher = {Morgan Kaufmann},
 timestamp = {Tue, 26 Nov 2002 00:00:00 +0100},
 title = {Algorithms for Inverse Reinforcement Learning},
 year = {2000}
}

@inproceedings{abbeel2004apprenticeship,
 author = {Pieter Abbeel and
Andrew Y. Ng},
 bibsource = {dblp computer science bibliography, https://dblp.org},
 biburl = {https://dblp.org/rec/conf/icml/PieterN04.bib},
 booktitle = {Machine Learning, Proceedings of the Twenty-first International Conference
{(ICML} 2004), Banff, Alberta, Canada, July 4-8, 2004},
 doi = {10.1145/1015330.1015430},
 editor = {Carla E. Brodley},
 publisher = {{ACM}},
 series = {{ACM} International Conference Proceeding Series},
 timestamp = {Tue, 06 Nov 2018 00:00:00 +0100},
 title = {Apprenticeship learning via inverse reinforcement learning},
 url = {https://doi.org/10.1145/1015330.1015430},
 volume = {69},
 year = {2004}
}

@inproceedings{song2018multi,
 author = {Jiaming Song and
Hongyu Ren and
Dorsa Sadigh and
Stefano Ermon},
 bibsource = {dblp computer science bibliography, https://dblp.org},
 biburl = {https://dblp.org/rec/conf/nips/SongRSE18.bib},
 booktitle = {Advances in Neural Information Processing Systems 31: Annual Conference
on Neural Information Processing Systems 2018, NeurIPS 2018, December
3-8, 2018, Montr{\'{e}}al, Canada},
 editor = {Samy Bengio and
Hanna M. Wallach and
Hugo Larochelle and
Kristen Grauman and
Nicol{\`{o}} Cesa{-}Bianchi and
Roman Garnett},
 pages = {7472--7483},
 timestamp = {Thu, 21 Jan 2021 00:00:00 +0100},
 title = {Multi-Agent Generative Adversarial Imitation Learning},
 url = {https://proceedings.neurips.cc/paper/2018/hash/240c945bb72980130446fc2b40fbb8e0-Abstract.html},
 year = {2018}
}

@inproceedings{kostrikov2018discriminator,
 author = {Ilya Kostrikov and
Kumar Krishna Agrawal and
Debidatta Dwibedi and
Sergey Levine and
Jonathan Tompson},
 bibsource = {dblp computer science bibliography, https://dblp.org},
 biburl = {https://dblp.org/rec/conf/iclr/KostrikovADLT19.bib},
 booktitle = {7th International Conference on Learning Representations, {ICLR} 2019,
New Orleans, LA, USA, May 6-9, 2019},
 publisher = {OpenReview.net},
 timestamp = {Thu, 25 Jul 2019 01:00:00 +0200},
 title = {Discriminator-Actor-Critic: Addressing Sample Inefficiency and Reward
Bias in Adversarial Imitation Learning},
 url = {https://openreview.net/forum?id=Hk4fpoA5Km},
 year = {2019}
}

@inproceedings{sasaki2018sample,
 author = {Fumihiro Sasaki and
Tetsuya Yohira and
Atsuo Kawaguchi},
 bibsource = {dblp computer science bibliography, https://dblp.org},
 biburl = {https://dblp.org/rec/conf/iclr/SasakiYK19.bib},
 booktitle = {7th International Conference on Learning Representations, {ICLR} 2019,
New Orleans, LA, USA, May 6-9, 2019},
 publisher = {OpenReview.net},
 timestamp = {Thu, 25 Jul 2019 01:00:00 +0200},
 title = {Sample Efficient Imitation Learning for Continuous Control},
 url = {https://openreview.net/forum?id=BkN5UoAqF7},
 year = {2019}
}

@inproceedings{bloem2014infinite,
 author = {Bloem, Michael and Bambos, Nicholas},
 booktitle = {53rd IEEE conference on decision and control},
 organization = {IEEE},
 pages = {4911--4916},
 title = {Infinite time horizon maximum causal entropy inverse reinforcement learning},
 year = {2014}
}

@article{arumugam2019deep,
 author = {Arumugam, Dilip and Lee, Jun Ki and Saskin, Sophie and Littman, Michael L},
 journal = {ArXiv preprint},
 title = {Deep reinforcement learning from policy-dependent human feedback},
 url = {https://arxiv.org/abs/1902.04257},
 volume = {abs/1902.04257},
 year = {2019}
}

@article{reddy2018shared,
 author = {Reddy, Siddharth and Dragan, Anca D and Levine, Sergey},
 journal = {Robotics: Science and Systems},
 title = {Shared autonomy via deep reinforcement learning},
 year = {2018}
}

@inproceedings{cui2018active,
 author = {Cui, Yuchen and Niekum, Scott},
 booktitle = {2018 IEEE international conference on robotics and automation (ICRA)},
 organization = {IEEE},
 pages = {6907--6914},
 title = {Active reward learning from critiques},
 year = {2018}
}

@inproceedings{cederborg2015policy,
 author = {Thomas Cederborg and
Ishaan Grover and
Charles L. Isbell Jr. and
Andrea Lockerd Thomaz},
 bibsource = {dblp computer science bibliography, https://dblp.org},
 biburl = {https://dblp.org/rec/conf/ijcai/CederborgGIT15.bib},
 booktitle = {Proceedings of the Twenty-Fourth International Joint Conference on
Artificial Intelligence, {IJCAI} 2015, Buenos Aires, Argentina, July
25-31, 2015},
 editor = {Qiang Yang and
Michael J. Wooldridge},
 pages = {3366--3372},
 publisher = {{AAAI} Press},
 timestamp = {Tue, 20 Aug 2019 01:00:00 +0200},
 title = {Policy Shaping with Human Teachers},
 url = {http://ijcai.org/Abstract/15/474},
 year = {2015}
}

@inproceedings{akinola2020accelerated,
 author = {Akinola, Iretiayo and Wang, Zizhao and Shi, Junyao and He, Xiaomin and Lapborisuth, Pawan and Xu, Jingxi and Watkins-Valls, David and Sajda, Paul and Allen, Peter},
 booktitle = {2020 IEEE international conference on robotics and automation (ICRA)},
 organization = {IEEE},
 pages = {3799--3805},
 title = {Accelerated robot learning via human brain signals},
 year = {2020}
}

@article{saunders2017trial,
 author = {Saunders, William and Sastry, Girish and Stuhlmueller, Andreas and Evans, Owain},
 journal = {ArXiv preprint},
 title = {Trial without error: Towards safe reinforcement learning via human intervention},
 url = {https://arxiv.org/abs/1707.05173},
 volume = {abs/1707.05173},
 year = {2017}
}

@article{wu2021human,
 author = {Wu, Jingda and Huang, Zhiyu and Huang, Chao and Hu, Zhongxu and Hang, Peng and Xing, Yang and Lv, Chen},
 journal = {ArXiv preprint},
 title = {Human-in-the-Loop Deep Reinforcement Learning with Application to Autonomous Driving},
 url = {https://arxiv.org/abs/2104.07246},
 volume = {abs/2104.07246},
 year = {2021}
}

@inproceedings{warnell2018deep,
 author = {Garrett Warnell and
Nicholas R. Waytowich and
Vernon Lawhern and
Peter Stone},
 bibsource = {dblp computer science bibliography, https://dblp.org},
 biburl = {https://dblp.org/rec/conf/aaai/WarnellWLS18.bib},
 booktitle = {Proceedings of the Thirty-Second {AAAI} Conference on Artificial Intelligence,
(AAAI-18), the 30th innovative Applications of Artificial Intelligence
(IAAI-18), and the 8th {AAAI} Symposium on Educational Advances in
Artificial Intelligence (EAAI-18), New Orleans, Louisiana, USA, February
2-7, 2018},
 editor = {Sheila A. McIlraith and
Kilian Q. Weinberger},
 pages = {1545--1554},
 publisher = {{AAAI} Press},
 timestamp = {Mon, 22 Oct 2018 01:00:00 +0200},
 title = {Deep {TAMER:} Interactive Agent Shaping in High-Dimensional State
Spaces},
 url = {https://www.aaai.org/ocs/index.php/AAAI/AAAI18/paper/view/16200},
 year = {2018}
}

@article{DBLP:journals/corr/abs-1711-03938,
 author = {Alexey Dosovitskiy and
Germ{\'{a}}n Ros and
Felipe Codevilla and
Antonio M. L{\'{o}}pez and
Vladlen Koltun},
 journal = {ArXiv preprint},
 title = {{CARLA:} An Open Urban Driving Simulator},
 url = {https://arxiv.org/abs/1711.03938},
 volume = {abs/1711.03938},
 year = {2017}
}

@inproceedings{DBLP:journals/corr/abs-2010-14497,
 author = {Homanga Bharadhwaj and
Aviral Kumar and
Nicholas Rhinehart and
Sergey Levine and
Florian Shkurti and
Animesh Garg},
 bibsource = {dblp computer science bibliography, https://dblp.org},
 biburl = {https://dblp.org/rec/conf/iclr/BharadhwajKRLSG21.bib},
 booktitle = {9th International Conference on Learning Representations, {ICLR} 2021,
Virtual Event, Austria, May 3-7, 2021},
 publisher = {OpenReview.net},
 timestamp = {Wed, 23 Jun 2021 01:00:00 +0200},
 title = {Conservative Safety Critics for Exploration},
 url = {https://openreview.net/forum?id=iaO86DUuKi},
 year = {2021}
}

@misc{hoque2021thriftydagger,
 archiveprefix = {arXiv},
 author = {Ryan Hoque and Ashwin Balakrishna and Ellen Novoseller and Albert Wilcox and Daniel S. Brown and Ken Goldberg},
 eprint = {2109.08273},
 primaryclass = {cs.RO},
 title = {ThriftyDAgger: Budget-Aware Novelty and Risk Gating for Interactive Imitation Learning},
 year = {2021}
}

@article{guan2021widening,
 author = {Guan, Lin and Verma, Mudit and Guo, Sihang and Zhang, Ruohan and Kambhampati, Subbarao},
 journal = {Advances in Neural Information Processing Systems},
 title = {Widening the Pipeline in Human-Guided Reinforcement Learning with Explanation and Context-Aware Data Augmentation},
 volume = {34},
 year = {2021}
}

@inproceedings{alshiekh2018safe,
 author = {Mohammed Alshiekh and
Roderick Bloem and
R{\"{u}}diger Ehlers and
Bettina K{\"{o}}nighofer and
Scott Niekum and
Ufuk Topcu},
 bibsource = {dblp computer science bibliography, https://dblp.org},
 biburl = {https://dblp.org/rec/conf/aaai/AlshiekhBEKNT18.bib},
 booktitle = {Proceedings of the Thirty-Second {AAAI} Conference on Artificial Intelligence,
(AAAI-18), the 30th innovative Applications of Artificial Intelligence
(IAAI-18), and the 8th {AAAI} Symposium on Educational Advances in
Artificial Intelligence (EAAI-18), New Orleans, Louisiana, USA, February
2-7, 2018},
 editor = {Sheila A. McIlraith and
Kilian Q. Weinberger},
 pages = {2669--2678},
 publisher = {{AAAI} Press},
 timestamp = {Mon, 22 Oct 2018 01:00:00 +0200},
 title = {Safe Reinforcement Learning via Shielding},
 url = {https://www.aaai.org/ocs/index.php/AAAI/AAAI18/paper/view/17211},
 year = {2018}
}

@article{andrychowicz2020learning,
 author = {Andrychowicz, OpenAI: Marcin and Baker, Bowen and Chociej, Maciek and Jozefowicz, Rafal and McGrew, Bob and Pachocki, Jakub and Petron, Arthur and Plappert, Matthias and Powell, Glenn and Ray, Alex and others},
 journal = {The International Journal of Robotics Research},
 number = {1},
 pages = {3--20},
 publisher = {SAGE Publications Sage UK: London, England},
 title = {Learning dexterous in-hand manipulation},
 volume = {39},
 year = {2020}
}

@inproceedings{xu2020continual,
 author = {Kelvin Xu and
Siddharth Verma and
Chelsea Finn and
Sergey Levine},
 bibsource = {dblp computer science bibliography, https://dblp.org},
 biburl = {https://dblp.org/rec/conf/nips/XuVFL20.bib},
 booktitle = {Advances in Neural Information Processing Systems 33: Annual Conference
on Neural Information Processing Systems 2020, NeurIPS 2020, December
6-12, 2020, virtual},
 editor = {Hugo Larochelle and
Marc'Aurelio Ranzato and
Raia Hadsell and
Maria{-}Florina Balcan and
Hsuan{-}Tien Lin},
 timestamp = {Tue, 19 Jan 2021 00:00:00 +0100},
 title = {Continual Learning of Control Primitives : Skill Discovery via Reset-Games},
 url = {https://proceedings.neurips.cc/paper/2020/hash/3472ab80b6dff70c54758fd6dfc800c2-Abstract.html},
 year = {2020}
}

@article{mandlekar2020human,
 author = {Mandlekar, Ajay and Xu, Danfei and Mart{\'\i}n-Mart{\'\i}n, Roberto and Zhu, Yuke and Fei-Fei, Li and Savarese, Silvio},
 journal = {ArXiv preprint},
 title = {Human-in-the-Loop Imitation Learning using Remote Teleoperation},
 url = {https://arxiv.org/abs/2012.06733},
 volume = {abs/2012.06733},
 year = {2020}
}

@misc{li2021igibson,
 archiveprefix = {arXiv},
 author = {Chengshu Li and Fei Xia and Roberto MartÃ­n-MartÃ­n and Michael Lingelbach and Sanjana Srivastava and Bokui Shen and Kent Vainio and Cem Gokmen and Gokul Dharan and Tanish Jain and Andrey Kurenkov and Karen Liu and Hyowon Gweon and Jiajun Wu and Li Fei-Fei and Silvio Savarese},
 eprint = {2108.03272},
 primaryclass = {cs.RO},
 title = {iGibson 2.0: Object-Centric Simulation for Robot Learning of Everyday Household Tasks},
 year = {2021}
}

@inproceedings{sun2020scalability,
 author = {Pei Sun and
Henrik Kretzschmar and
Xerxes Dotiwalla and
Aurelien Chouard and
Vijaysai Patnaik and
Paul Tsui and
James Guo and
Yin Zhou and
Yuning Chai and
Benjamin Caine and
Vijay Vasudevan and
Wei Han and
Jiquan Ngiam and
Hang Zhao and
Aleksei Timofeev and
Scott Ettinger and
Maxim Krivokon and
Amy Gao and
Aditya Joshi and
Yu Zhang and
Jonathon Shlens and
Zhifeng Chen and
Dragomir Anguelov},
 bibsource = {dblp computer science bibliography, https://dblp.org},
 biburl = {https://dblp.org/rec/conf/cvpr/SunKDCPTGZCCVHN20.bib},
 booktitle = {2020 {IEEE/CVF} Conference on Computer Vision and Pattern Recognition,
{CVPR} 2020, Seattle, WA, USA, June 13-19, 2020},
 doi = {10.1109/CVPR42600.2020.00252},
 pages = {2443--2451},
 publisher = {{IEEE}},
 timestamp = {Mon, 26 Oct 2020 00:00:00 +0100},
 title = {Scalability in Perception for Autonomous Driving: Waymo Open Dataset},
 url = {https://doi.org/10.1109/CVPR42600.2020.00252},
 year = {2020}
}

@article{stable-baselines3,
 author = {Antonin Raffin and Ashley Hill and Adam Gleave and Anssi Kanervisto and Maximilian Ernestus and Noah Dormann},
 journal = {Journal of Machine Learning Research},
 number = {268},
 pages = {1-8},
 title = {Stable-Baselines3: Reliable Reinforcement Learning Implementations},
 url = {http://jmlr.org/papers/v22/20-1364.html},
 volume = {22},
 year = {2021}
}

@article{kothari2021drivergym,
 author = {Kothari, Parth and Perone, Christian and Bergamini, Luca and Alahi, Alexandre and Ondruska, Peter},
 journal = {ArXiv preprint},
 title = {DriverGym: Democratising Reinforcement Learning for Autonomous Driving},
 url = {https://arxiv.org/abs/2111.06889},
 volume = {abs/2111.06889},
 year = {2021}
}

@article{haklay2008openstreetmap,
 author = {Haklay, Mordechai and Weber, Patrick},
 journal = {IEEE Pervasive computing},
 number = {4},
 pages = {12--18},
 publisher = {Ieee},
 title = {Openstreetmap: User-generated street maps},
 volume = {7},
 year = {2008}
}

@article{kesting2007general,
 author = {Kesting, Arne and Treiber, Martin and Helbing, Dirk},
 journal = {Transportation Research Record},
 number = {1},
 pages = {86--94},
 publisher = {SAGE Publications Sage CA: Los Angeles, CA},
 title = {General lane-changing model MOBIL for car-following models},
 volume = {1999},
 year = {2007}
}

@article{silver2016mastering,
 author = {Silver, David and Huang, Aja and Maddison, Chris J and Guez, Arthur and Sifre, Laurent and Van Den Driessche, George and Schrittwieser, Julian and Antonoglou, Ioannis and Panneershelvam, Veda and Lanctot, Marc and others},
 journal = {nature},
 number = {7587},
 pages = {484--489},
 publisher = {Nature Publishing Group},
 title = {Mastering the game of Go with deep neural networks and tree search},
 volume = {529},
 year = {2016}
}

@article{bellemare13arcade,
 author = {{Bellemare}, M.~G. and {Naddaf}, Y. and {Veness}, J. and {Bowling}, M.},
 journal = {Journal of Artificial Intelligence Research},
 pages = {253--279},
 title = {The Arcade Learning Environment: An Evaluation Platform for General Agents},
 volume = {47},
 year = {2013}
}

@inproceedings{todorov2012mujoco,
 author = {Todorov, Emanuel and Erez, Tom and Tassa, Yuval},
 booktitle = {2012 IEEE/RSJ International Conference on Intelligent Robots and Systems},
 organization = {IEEE},
 pages = {5026--5033},
 title = {Mujoco: A physics engine for model-based control},
 year = {2012}
}

@article{vinyals2017starcraft,
 author = {Vinyals, Oriol and Ewalds, Timo and Bartunov, Sergey and Georgiev, Petko and Vezhnevets, Alexander Sasha and Yeo, Michelle and Makhzani, Alireza and K{\"u}ttler, Heinrich and Agapiou, John and Schrittwieser, Julian and others},
 journal = {ArXiv preprint},
 title = {Starcraft ii: A new challenge for reinforcement learning},
 url = {https://arxiv.org/abs/1708.04782},
 volume = {abs/1708.04782},
 year = {2017}
}

@inproceedings{yu2020meta,
 author = {Yu, Tianhe and Quillen, Deirdre and He, Zhanpeng and Julian, Ryan and Hausman, Karol and Finn, Chelsea and Levine, Sergey},
 booktitle = {Conference on Robot Learning},
 organization = {PMLR},
 pages = {1094--1100},
 title = {Meta-world: A benchmark and evaluation for multi-task and meta reinforcement learning},
 year = {2020}
}

@inproceedings{mordatch2017emergence,
 author = {Igor Mordatch and
Pieter Abbeel},
 bibsource = {dblp computer science bibliography, https://dblp.org},
 biburl = {https://dblp.org/rec/conf/aaai/MordatchA18.bib},
 booktitle = {Proceedings of the Thirty-Second {AAAI} Conference on Artificial Intelligence,
(AAAI-18), the 30th innovative Applications of Artificial Intelligence
(IAAI-18), and the 8th {AAAI} Symposium on Educational Advances in
Artificial Intelligence (EAAI-18), New Orleans, Louisiana, USA, February
2-7, 2018},
 editor = {Sheila A. McIlraith and
Kilian Q. Weinberger},
 pages = {1495--1502},
 publisher = {{AAAI} Press},
 timestamp = {Mon, 22 Oct 2018 01:00:00 +0200},
 title = {Emergence of Grounded Compositional Language in Multi-Agent Populations},
 url = {https://www.aaai.org/ocs/index.php/AAAI/AAAI18/paper/view/17007},
 year = {2018}
}

@inproceedings{cobbe2019procgen,
 author = {Karl Cobbe and
Christopher Hesse and
Jacob Hilton and
John Schulman},
 bibsource = {dblp computer science bibliography, https://dblp.org},
 biburl = {https://dblp.org/rec/conf/icml/CobbeHHS20.bib},
 booktitle = {Proceedings of the 37th International Conference on Machine Learning,
{ICML} 2020, 13-18 July 2020, Virtual Event},
 pages = {2048--2056},
 publisher = {{PMLR}},
 series = {Proceedings of Machine Learning Research},
 timestamp = {Tue, 15 Dec 2020 00:00:00 +0100},
 title = {Leveraging Procedural Generation to Benchmark Reinforcement Learning},
 url = {http://proceedings.mlr.press/v119/cobbe20a.html},
 volume = {119},
 year = {2020}
}

@misc{gym,
 author = {Greg Brockman and Vicki Cheung and Ludwig Pettersson and Jonas Schneider and John Schulman and Jie Tang and Wojciech Zaremba},
 journal = {ArXiv preprint},
 title = {OpenAI Gym},
 url = {https://arxiv.org/abs/1606.01540},
 volume = {abs/1606.01540},
 year = {2016}
}

@inproceedings{TodorovET12,
 author = {Todorov, Emanuel and Erez, Tom and Tassa, Yuval},
 booktitle = {2012 IEEE/RSJ International Conference on Intelligent Robots and Systems},
 doi = {10.1109/IROS.2012.6386109},
 number = {},
 pages = {5026-5033},
 title = {MuJoCo: A physics engine for model-based control},
 volume = {},
 year = {2012}
}

@inproceedings{tzimas2020leveraging,
 author = {Tzimas, A and Passalis, Nikolaos and Tefas, Anastasios},
 booktitle = {2020 IEEE International Conference on Multimedia and Expo (ICME)},
 organization = {IEEE},
 pages = {1--6},
 title = {Leveraging deep reinforcement learning for active shooting under open-world setting},
 year = {2020}
}

@inproceedings{samvelyan2021minihack,
 author = {Mikayel Samvelyan and Robert Kirk and Vitaly Kurin and Jack Parker-Holder and Minqi Jiang and Eric Hambro and Fabio Petroni and Heinrich Kuttler and Edward Grefenstette and Tim Rockt{\"a}schel},
 booktitle = {Thirty-fifth Conference on Neural Information Processing Systems Datasets and Benchmarks Track (Round 1)},
 title = {MiniHack the Planet: A Sandbox for Open-Ended Reinforcement Learning Research},
 url = {https://openreview.net/forum?id=skFwlyefkWJ},
 year = {2021}
}

@article{serban2019chrono,
 author = {Serban, Radu and Taylor, Michael and Negrut, Dan and Tasora, Alessandro},
 journal = {International Journal of Vehicle Performance},
 number = {1},
 pages = {18--39},
 publisher = {Inderscience Publishers (IEL)},
 title = {Chrono:: Vehicle: template-based ground vehicle modelling and simulation},
 volume = {5},
 year = {2019}
}

@inproceedings{airsim2017fsr,
 author = {Shital Shah and Debadeepta Dey and Chris Lovett and Ashish Kapoor},
 journal = {ArXiv preprint},
 title = {AirSim: High-Fidelity Visual and Physical Simulation for Autonomous Vehicles},
 url = {https://arxiv.org/abs/1705.05065},
 volume = {abs/1705.05065},
 year = {2017}
}

@article{santara2021madras,
 author = {Santara, Anirban and Rudra, Sohan and Buridi, Sree Aditya and Kaushik, Meha and Naik, Abhishek and Kaul, Bharat and Ravindran, Balaraman},
 journal = {Journal of Artificial Intelligence Research},
 pages = {1517--1555},
 title = {MADRaS: Multi Agent Driving Simulator},
 volume = {70},
 year = {2021}
}

@misc{deepdrive,
 author = {Deepdrive Team},
 howpublished = {\url{https://github.com/deepdrive/deepdrive}},
 journal = {GitHub repository},
 publisher = {GitHub},
 title = {Deepdrive: a simulator that allows anyone with a PC to push the state-of-the-art in self-driving}
}

@misc{udacity,
 author = {Udacity Team},
 howpublished = {\url{https://github.com/udacity/self-driving-car-sim}},
 journal = {GitHub repository},
 publisher = {GitHub},
 title = {Udacity's Self-Driving Car Simulator: A self-driving car simulator built with Unity}
}

@article{jaques2018intrinsic,
 author = {Jaques, Natasha and Lazaridou, Angeliki and Hughes, Edward and Gulcehre, Caglar and Ortega, Pedro A and Strouse, DJ and Leibo, Joel Z and de Freitas, Nando},
 title = {Intrinsic social motivation via causal influence in multi-agent RL},
 year = {2018}
}

@inproceedings{chang2019argoverse,
 author = {Ming{-}Fang Chang and
John Lambert and
Patsorn Sangkloy and
Jagjeet Singh and
Slawomir Bak and
Andrew Hartnett and
De Wang and
Peter Carr and
Simon Lucey and
Deva Ramanan and
James Hays},
 bibsource = {dblp computer science bibliography, https://dblp.org},
 biburl = {https://dblp.org/rec/conf/cvpr/ChangLSSBHW0LRH19.bib},
 booktitle = {{IEEE} Conference on Computer Vision and Pattern Recognition, {CVPR}
2019, Long Beach, CA, USA, June 16-20, 2019},
 doi = {10.1109/CVPR.2019.00895},
 pages = {8748--8757},
 publisher = {Computer Vision Foundation / {IEEE}},
 timestamp = {Mon, 20 Jan 2020 00:00:00 +0100},
 title = {Argoverse: 3D Tracking and Forecasting With Rich Maps},
 url = {http://openaccess.thecvf.com/content\_CVPR\_2019/html/Chang\_Argoverse\_3D\_Tracking\_and\_Forecasting\_With\_Rich\_Maps\_CVPR\_2019\_paper.html},
 year = {2019}
}

@inproceedings{rss,
 author = {Gassmann, Bernd and Oboril, Fabian and Buerkle, Cornelius and Liu, Shuang and Yan, Shoumeng and Elli, Maria Soledad and Alvarez, Ignacio and Aerrabotu, Naveen and Jaber, Suhel and van Beek, Peter and Iyer, Darshan and Weast, Jack},
 booktitle = {2019 IEEE Intelligent, Vehicles Symposium (IV)},
 title = {Towards Standardization of AV Safety: C++ Library for Responsibility Sensitive Safety},
 year = {2019}
}

@misc{waymo_open_dataset,
 author = {Waymo LLC},
 title = {Waymo Open Dataset: An autonomous driving dataset},
 website = {\url{https://www.waymo.com/open}},
 year = {2019}
}

@software{Xu2021ALF,
 author = {Xu, Wei and Yu, Haonan and Zhang, Haichao and Hong, Yingxiang and Yang, Break and Zhao, Le and Bai, Jerry and ALF contributors},
 title = {{Agent Learning Framework}},
 url = {https://github.com/HorizonRobotics/alf},
 year = {2021}
}

@inproceedings{menda2019ensembledagger,
  title={Ensembledagger: A bayesian approach to safe imitation learning},
  author={Menda, Kunal and Driggs-Campbell, Katherine and Kochenderfer, Mykel J},
  booktitle={2019 IEEE/RSJ International Conference on Intelligent Robots and Systems (IROS)},
  pages={5041--5048},
  year={2019},
  organization={IEEE}
}

@article{schaul2015prioritized,
  title={Prioritized experience replay},
  author={Schaul, Tom and Quan, John and Antonoglou, Ioannis and Silver, David},
  journal={arXiv preprint arXiv:1511.05952},
  year={2015}
}

@inproceedings{van2016deep,
  title={Deep reinforcement learning with double q-learning},
  author={Van Hasselt, Hado and Guez, Arthur and Silver, David},
  booktitle={Proceedings of the AAAI conference on artificial intelligence},
  volume={30},
  number={1},
  year={2016}
}

@inproceedings{wang2018intervention,
  title={Intervention aided reinforcement learning for safe and practical policy optimization in navigation},
  author={Wang, Fan and Zhou, Bo and Chen, Ke and Fan, Tingxiang and Zhang, Xi and Li, Jiangyong and Tian, Hao and Pan, Jia},
  booktitle={Conference on Robot Learning},
  pages={410--421},
  year={2018},
  organization={PMLR}
}

@inproceedings{xu2022look,
  title={Look Before You Leap: Safe Model-Based Reinforcement Learning with Human Intervention},
  author={Xu, Yunkun and Liu, Zhenyu and Duan, Guifang and Zhu, Jiangcheng and Bai, Xiaolong and Tan, Jianrong},
  booktitle={Conference on Robot Learning},
  pages={332--341},
  year={2022},
  organization={PMLR}
}

@article{stablebaselines3,
  author  = {Antonin Raffin and Ashley Hill and Adam Gleave and Anssi Kanervisto and Maximilian Ernestus and Noah Dormann},
  title   = {Stable-Baselines3: Reliable Reinforcement Learning Implementations},
  journal = {Journal of Machine Learning Research},
  year    = {2021},
  volume  = {22},
  number  = {268},
  pages   = {1-8},
  url     = {http://jmlr.org/papers/v22/20-1364.html}
}



@inproceedings{jonnavittula2021learning,
  title={Learning to Share Autonomy Across Repeated Interaction},
  author={Jonnavittula, Ananth and Losey, Dylan P},
  booktitle={2021 IEEE/RSJ International Conference on Intelligent Robots and Systems (IROS)},
  pages={1851--1858},
  year={2021},
  organization={IEEE}
}

@misc{gym_minigrid,
  author = {Chevalier-Boisvert, Maxime and Willems, Lucas and Pal, Suman},
  title = {Minimalistic Gridworld Environment for OpenAI Gym},
  year = {2018},
  publisher = {GitHub},
  journal = {GitHub repository},
  howpublished = {\url{https://github.com/maximecb/gym-minigrid}},
}

@inproceedings{hester2018deep,
  title={Deep q-learning from demonstrations},
  author={Hester, Todd and Vecerik, Matej and Pietquin, Olivier and Lanctot, Marc and Schaul, Tom and Piot, Bilal and Horgan, Dan and Quan, John and Sendonaris, Andrew and Osband, Ian and others},
  booktitle={Proceedings of the AAAI Conference on Artificial Intelligence},
  volume={32},
  number={1},
  year={2018}
}

@article{srinivas2020curl,
  title={Curl: Contrastive unsupervised representations for reinforcement learning},
  author={Srinivas, Aravind and Laskin, Michael and Abbeel, Pieter},
  journal={arXiv preprint arXiv:2004.04136},
  year={2020}
}

@article{pan2022effects,
  title={The effects of reward misspecification: Mapping and mitigating misaligned models},
  author={Pan, Alexander and Bhatia, Kush and Steinhardt, Jacob},
  journal={International Conference on Learning Representations},
  year={2022}
}

@article{krakovna2020specification,
  title={Specification gaming: the flip side of AI ingenuity},
  author={Krakovna, Victoria and Uesato, Jonathan and Mikulik, Vladimir and Rahtz, Matthew and Everitt, Tom and Kumar, Ramana and Kenton, Zac and Leike, Jan and Legg, Shane},
  journal={DeepMind Blog},
  year={2020}
}

@article{leike2018scalable,
  title={Scalable agent alignment via reward modeling: a research direction},
  author={Leike, Jan and Krueger, David and Everitt, Tom and Martic, Miljan and Maini, Vishal and Legg, Shane},
  journal={arXiv preprint arXiv:1811.07871},
  year={2018}
}

@article{presil,
  author    = {Braden Hurl and
               Krzysztof Czarnecki and
               Steven L. Waslander},
  title     = {Precise Synthetic Image and LiDAR (PreSIL) Dataset for Autonomous
               Vehicle Perception},
  journal   = {CoRR},
  volume    = {abs/1905.00160},
  year      = {2019},
  url       = {http://arxiv.org/abs/1905.00160},
  eprinttype = {arXiv},
  eprint    = {1905.00160},
  timestamp = {Mon, 27 May 2019 13:15:00 +0200},
  biburl    = {https://dblp.org/rec/journals/corr/abs-1905-00160.bib},
  bibsource = {dblp computer science bibliography, https://dblp.org}
}

@article{zhao2023learning,
  title={Learning fine-grained bimanual manipulation with low-cost hardware},
  author={Zhao, Tony Z and Kumar, Vikash and Levine, Sergey and Finn, Chelsea},
  journal={arXiv preprint arXiv:2304.13705},
  year={2023}
}

@inproceedings{macglashan2017interactive,
  title={Interactive learning from policy-dependent human feedback},
  author={MacGlashan, James and Ho, Mark K and Loftin, Robert and Peng, Bei and Wang, Guan and Roberts, David L and Taylor, Matthew E and Littman, Michael L},
  booktitle={International conference on machine learning},
  pages={2285--2294},
  year={2017},
  organization={PMLR}
}

@inproceedings{cheng2019fast,
  title={Fast Policy Learning through Imitation and Reinforcement},
  author={Cheng, C and Yan, X and Wagener, N and Boots, B},
  booktitle={Uncertainty in artificial intelligence},
  year={2019}
}

@article{xiao2022appl,
  title={Appl: Adaptive planner parameter learning},
  author={Xiao, Xuesu and Wang, Zizhao and Xu, Zifan and Liu, Bo and Warnell, Garrett and Dhamankar, Gauraang and Nair, Anirudh and Stone, Peter},
  journal={Robotics and Autonomous Systems},
  volume={154},
  pages={104132},
  year={2022},
  publisher={Elsevier}
}

@article{wang2021apple,
  title={Apple: Adaptive planner parameter learning from evaluative feedback},
  author={Wang, Zizhao and Xiao, Xuesu and Warnell, Garrett and Stone, Peter},
  journal={IEEE Robotics and Automation Letters},
  volume={6},
  number={4},
  pages={7744--7749},
  year={2021},
  publisher={IEEE}
}

@inproceedings{wang2021appli,
  title={Appli: Adaptive planner parameter learning from interventions},
  author={Wang, Zizhao and Xiao, Xuesu and Liu, Bo and Warnell, Garrett and Stone, Peter},
  booktitle={2021 IEEE international conference on robotics and automation (ICRA)},
  pages={6079--6085},
  year={2021},
  organization={IEEE}
}