@inproceedings{ai2018learning,
  title={Learning a deep listwise context model for ranking refinement},
  author={Ai, Qingyao and Bi, Keping and Guo, Jiafeng and Croft, W Bruce},
  booktitle={The 41st international ACM SIGIR conference on research \& development in information retrieval},
  pages={135--144},
  year={2018}
}

@inproceedings{dcdr,
  title={Discrete conditional diffusion for reranking in recommendation},
  author={Lin, Xiao and Chen, Xiaokai and Wang, Chenyang and Shu, Hantao and Song, Linfeng and Li, Biao and Jiang, Peng},
  booktitle={Companion Proceedings of the ACM on Web Conference 2024},
  pages={161--169},
  year={2024}
}

@inproceedings{extr,
  title={EXTR: Click-Through Rate Prediction with Externalities in E-Commerce Sponsored Search},
  author={Chen, Chi and Chen, Hui and Zhao, Kangzhi and Zhou, Junsheng and He, Li and Deng, Hongbo and Xu, Jian and Zheng, Bo and Zhang, Yong and Xing, Chunxiao},
  booktitle={Proceedings of the 28th ACM SIGKDD Conference on Knowledge Discovery and Data Mining},
  pages={2732--2740},
  year={2022}
}

@article{feng2021revisit,
  title={Revisit recommender system in the permutation prospective},
  author={Feng, Yufei and Gong, Yu and Sun, Fei and Ge, Junfeng and Ou, Wenwu},
  journal={arXiv preprint arXiv:2102.12057},
  year={2021}
}

@inproceedings{gfn,
  title={Generative flow network for listwise recommendation},
  author={Liu, Shuchang and Cai, Qingpeng and He, Zhankui and Sun, Bowen and McAuley, Julian and Zheng, Dong and Jiang, Peng and Gai, Kun},
  booktitle={Proceedings of the 29th ACM SIGKDD Conference on Knowledge Discovery and Data Mining},
  pages={1524--1534},
  year={2023}
}

@article{grn,
  title={GRN: Generative Rerank Network for Context-wise Recommendation},
  author={Feng, Yufei and Hu, Binbin and Gong, Yu and Sun, Fei and Liu, Qingwen and Ou, Wenwu},
  journal={arXiv preprint arXiv:2104.00860},
  year={2021}
}

@article{listcvae,
  title={Beyond greedy ranking: Slate optimization via list-CVAE},
  author={Jiang, Ray and Gowal, Sven and Mann, Timothy A and Rezende, Danilo J},
  journal={arXiv preprint arXiv:1803.01682},
  year={2018}
}

@inproceedings{mir,
  title={Multi-Level Interaction Reranking with User Behavior History},
  author={Xi, Yunjia and Liu, Weiwen and Zhu, Jieming and Zhao, Xilong and Dai, Xinyi and Tang, Ruiming and Zhang, Weinan and Zhang, Rui and Yu, Yong},
  booktitle={Proceedings of the 45th International ACM SIGIR Conference on Research and Development in Information Retrieval},
  pages={1336--1346},
  year={2022}
}

@inproceedings{nar4rec,
  title={Non-autoregressive generative models for reranking recommendation},
  author={Ren, Yuxin and Yang, Qiya and Wu, Yichun and Xu, Wei and Wang, Yalong and Zhang, Zhiqiang},
  booktitle={Proceedings of the 30th ACM SIGKDD Conference on Knowledge Discovery and Data Mining},
  pages={5625--5634},
  year={2024}
}

@inproceedings{pier,
  title={PIER: Permutation-Level Interest-Based End-to-End Re-ranking Framework in E-commerce},
  author={Shi, Xiaowen and Yang, Fan and Wang, Ze and Wu, Xiaoxu and Guan, Muzhi and Liao, Guogang and Yongkang, Wang and Wang, Xingxing and Wang, Dong},
  booktitle={Proceedings of the 29th ACM SIGKDD Conference on Knowledge Discovery and Data Mining},
  pages={4823--4831},
  year={2023}
}

@inproceedings{pivotcvae,
  title={Variation control and evaluation for generative slate recommendations},
  author={Liu, Shuchang and Sun, Fei and Ge, Yingqiang and Pei, Changhua and Zhang, Yongfeng},
  booktitle={Proceedings of the Web Conference 2021},
  pages={436--448},
  year={2021}
}

@inproceedings{prm,
  title={Personalized re-ranking for recommendation},
  author={Pei, Changhua and Zhang, Yi and Zhang, Yongfeng and Sun, Fei and Lin, Xiao and Sun, Hanxiao and Wu, Jian and Jiang, Peng and Ge, Junfeng and Ou, Wenwu and others},
  booktitle={Proceedings of the 13th ACM conference on recommender systems},
  pages={3--11},
  year={2019}
}

@article{seq2slate,
  title={Seq2Slate: Re-ranking and slate optimization with RNNs},
  author={Bello, Irwan and Kulkarni, Sayali and Jain, Sagar and Boutilier, Craig and Chi, Ed and Eban, Elad and Luo, Xiyang and Mackey, Alan and Meshi, Ofer},
  journal={arXiv preprint arXiv:1810.02019},
  year={2018}
}

@article{xi2021context,
  title={Context-aware reranking with utility maximization for recommendation},
  author={Xi, Yunjia and Liu, Weiwen and Dai, Xinyi and Tang, Ruiming and Zhang, Weinan and Liu, Qing and He, Xiuqiang and Yu, Yong},
  journal={arXiv preprint arXiv:2110.09059},
  year={2021}
}

@article{zhuang2018globally,
  title={Globally optimized mutual influence aware ranking in e-commerce search},
  author={Zhuang, Tao and Ou, Wenwu and Wang, Zhirong},
  journal={arXiv preprint arXiv:1805.08524},
  year={2018}
}

