@misc{rlhf2022,
      title={Training a Helpful and Harmless Assistant with Reinforcement Learning from Human Feedback}, 
      author={Yuntao Bai and Andy Jones and Kamal Ndousse and Amanda Askell and Anna Chen and Nova DasSarma and Dawn Drain and Stanislav Fort and Deep Ganguli and Tom Henighan and Nicholas Joseph and Saurav Kadavath and Jackson Kernion and Tom Conerly and Sheer El-Showk and Nelson Elhage and Zac Hatfield-Dodds and Danny Hernandez and Tristan Hume and Scott Johnston and Shauna Kravec and Liane Lovitt and Neel Nanda and Catherine Olsson and Dario Amodei and Tom Brown and Jack Clark and Sam McCandlish and Chris Olah and Ben Mann and Jared Kaplan},
      year={2022},
      eprint={2204.05862},
      archivePrefix={arXiv},
      primaryClass={cs.CL}
}
@inproceedings{pi2020search,
  title={Search-based user interest modeling with lifelong sequential behavior data for click-through rate prediction},
  author={Pi, Qi and Zhou, Guorui and Zhang, Yujing and Wang, Zhe and Ren, Lejian and Fan, Ying and Zhu, Xiaoqiang and Gai, Kun},
  booktitle={Proceedings of the 29th ACM International Conference on Information \& Knowledge Management},
  pages={2685--2692},
  year={2020}
}
@inproceedings{chang2023twin,
  title={TWIN: TWo-stage interest network for lifelong user behavior modeling in CTR prediction at kuaishou},
  author={Chang, Jianxin and Zhang, Chenbin and Fu, Zhiyi and Zang, Xiaoxue and Guan, Lin and Lu, Jing and Hui, Yiqun and Leng, Dewei and Niu, Yanan and Song, Yang and others},
  booktitle={Proceedings of the 29th ACM SIGKDD Conference on Knowledge Discovery and Data Mining},
  pages={3785--3794},
  year={2023}
}
@inproceedings{ma2018modeling,
  title={Modeling task relationships in multi-task learning with multi-gate mixture-of-experts},
  author={Ma, Jiaqi and Zhao, Zhe and Yi, Xinyang and Chen, Jilin and Hong, Lichan and Chi, Ed H},
  booktitle={Proceedings of the 24th ACM SIGKDD international conference on knowledge discovery \& data mining},
  pages={1930--1939},
  year={2018}
}
@article{huijben2022review,
  title={A review of the gumbel-max trick and its extensions for discrete stochasticity in machine learning},
  author={Huijben, Iris AM and Kool, Wouter and Paulus, Max B and Van Sloun, Ruud JG},
  journal={IEEE transactions on pattern analysis and machine intelligence},
  volume={45},
  number={2},
  pages={1353--1371},
  year={2022},
  publisher={IEEE}
}
@inproceedings{liu2021neural,
  title={Neural auction: End-to-end learning of auction mechanisms for e-commerce advertising},
  author={Liu, Xiangyu and Yu, Chuan and Zhang, Zhilin and Zheng, Zhenzhe and Rong, Yu and Lv, Hongtao and Huo, Da and Wang, Yiqing and Chen, Dagui and Xu, Jian and others},
  booktitle={Proceedings of the 27th ACM SIGKDD Conference on Knowledge Discovery \& Data Mining},
  pages={3354--3364},
  year={2021}
}
@inproceedings{kang2018self,
  title={Self-attentive sequential recommendation},
  author={Kang, Wang-Cheng and McAuley, Julian},
  booktitle={2018 IEEE international conference on data mining (ICDM)},
  pages={197--206},
  year={2018},
  organization={IEEE}
}
@article{burges2010ranknet,
  title={From ranknet to lambdarank to lambdamart: An overview},
  author={Burges, Christopher JC},
  journal={Learning},
  volume={11},
  number={23-581},
  pages={81},
  year={2010}
}
@article{vaswani2017attention,
  title={Attention is all you need},
  author={Vaswani, A},
  journal={Advances in Neural Information Processing Systems},
  year={2017}
}

@inproceedings{listnet,
  title={Learning to rank: from pairwise approach to listwise approach},
  author={Cao, Zhe and Qin, Tao and Liu, Tie-Yan and Tsai, Ming-Feng and Li, Hang},
  booktitle={Proceedings of the 24th international conference on Machine learning},
  pages={129--136},
  year={2007}
}
@inproceedings{pang2020setrank,
  title={Setrank: Learning a permutation-invariant ranking model for information retrieval},
  author={Pang, Liang and Xu, Jun and Ai, Qingyao and Lan, Yanyan and Cheng, Xueqi and Wen, Jirong},
  booktitle={Proceedings of the 43rd international ACM SIGIR conference on research and development in information retrieval},
  pages={499--508},
  year={2020}
}
@article{vinyals2015pointer,
  title={Pointer networks},
  author={Vinyals, Oriol and Fortunato, Meire and Jaitly, Navdeep},
  journal={Advances in neural information processing systems},
  volume={28},
  year={2015}
}
@article{jang2016categorical,
  title={Categorical reparameterization with gumbel-softmax},
  author={Jang, Eric and Gu, Shixiang and Poole, Ben},
  journal={arXiv preprint arXiv:1611.01144},
  year={2016}
}
@misc{rlhf2021,
      title={Fine-Tuning Language Models from Human Preferences}, 
      author={Daniel M. Ziegler and Nisan Stiennon and Jeffrey Wu and Tom B. Brown and Alec Radford and Dario Amodei and Paul Christiano and Geoffrey Irving},
      year={2020},
      eprint={1909.08593},
      archivePrefix={arXiv},
      primaryClass={cs.CL}
}
@inproceedings{cq,
author = {Xie, Ruobing and Wang, Yalong and Wang, Rui and Lu, Yuanfu and Zou, Yuanhang and Xia, Feng and Lin, Leyu},
title = {Long Short-Term Temporal Meta-Learning in Online Recommendation},
year = {2022},
isbn = {9781450391320},
publisher = {Association for Computing Machinery},
address = {New York, NY, USA},
url = {https://doi.org/10.1145/3488560.3498371},
doi = {10.1145/3488560.3498371},
booktitle = {Proceedings of the Fifteenth ACM International Conference on Web Search and Data Mining},
pages = {1168–1176},
numpages = {9},
keywords = {recommendation, online recommendation, temporal meta-learning},
location = {Virtual Event, AZ, USA},
series = {WSDM '22}
}
@article{rlhf,
  title={Deep reinforcement learning from human preferences},
  author={ Christiano, Paul  and  Leike, Jan  and  Brown, Tom B  and  Martic, Miljan  and  Legg, Shane  and  Amodei, Dario },
  year={2017},
}
@inproceedings{TOPN2021,
author = {Yang, Mengyue and Dai, Quanyu and Dong, Zhenhua and Chen, Xu and He, Xiuqiang and Wang, Jun},
title = {Top-N Recommendation with Counterfactual User Preference Simulation},
year = {2021},
isbn = {9781450384469},
publisher = {Association for Computing Machinery},
address = {New York, NY, USA},
url = {https://doi.org/10.1145/3459637.3482305},
doi = {10.1145/3459637.3482305},
booktitle = {Proceedings of the 30th ACM International Conference on Information \& Knowledge Management},
pages = {2342–2351},
numpages = {10},
keywords = {counterfactuals, bayesian personalized ranking, structurecausal model, recommender systems},
location = {Virtual Event, Queensland, Australia},
series = {CIKM '21}
}
@inproceedings{Model-Agnostic2021,
author = {Wei, Tianxin and Feng, Fuli and Chen, Jiawei and Wu, Ziwei and Yi, Jinfeng and He, Xiangnan},
title = {Model-Agnostic Counterfactual Reasoning for Eliminating Popularity Bias in Recommender System},
year = {2021},
isbn = {9781450383325},
publisher = {Association for Computing Machinery},
address = {New York, NY, USA},
url = {https://doi.org/10.1145/3447548.3467289},
doi = {10.1145/3447548.3467289},

booktitle = {Proceedings of the 27th ACM SIGKDD Conference on Knowledge Discovery \& Data Mining},
pages = {1791–1800},
numpages = {10},
keywords = {recommendation, popularity bias, causal reasoning},
location = {Virtual Event, Singapore},
series = {KDD '21}
}
@inproceedings{Clicks2021,
author = {Wang, Wenjie and Feng, Fuli and He, Xiangnan and Zhang, Hanwang and Chua, Tat-Seng},
title = {Clicks Can Be Cheating: Counterfactual Recommendation for Mitigating Clickbait Issue},
year = {2021},
isbn = {9781450380379},
publisher = {Association for Computing Machinery},
address = {New York, NY, USA},
url = {https://doi.org/10.1145/3404835.3462962},
doi = {10.1145/3404835.3462962},
booktitle = {Proceedings of the 44th International ACM SIGIR Conference on Research and Development in Information Retrieval},
pages = {1288–1297},
numpages = {10},
keywords = {counterfactual recommendation, clickbait issue, counterfactual},
location = {Virtual Event, Canada},
series = {SIGIR '21}
}

@inproceedings{counterfactor_inf,
  title={The Book ofWhy: The New Science of Cause and Effect},
  author={Judea Pearl and Dana Mackenzie},
  booktitle={The Book ofWhy: The New Science of Cause and Effect},
  year={2018}
}

@inproceedings{dnn,
  title={Deep neural networks for youtube recommendations},
  author={Covington, Paul and Adams, Jay and Sargin, Emre},
  booktitle={Proceedings of the 10th ACM conference on recommender systems},
  pages={191--198},
  year={2016}
}
@inproceedings{W&D,
  title={Wide \& deep learning for recommender systems},
  author={Cheng, Heng-Tze and Koc, Levent and Harmsen, Jeremiah and Shaked, Tal and Chandra, Tushar and Aradhye, Hrishi and Anderson, Glen and Corrado, Greg and Chai, Wei and Ispir, Mustafa and others},
  booktitle={Proceedings of the 1st workshop on deep learning for recommender systems},
  pages={7--10},
  year={2016}
}
@article{deepfm,
  title={DeepFM: a factorization-machine based neural network for CTR prediction},
  author={Guo, Huifeng and Tang, Ruiming and Ye, Yunming and Li, Zhenguo and He, Xiuqiang},
  journal={arXiv preprint arXiv:1703.04247},
  year={2017}
}
@inproceedings{din,
  title={Deep interest network for click-through rate prediction},
  author={Zhou, Guorui and Zhu, Xiaoqiang and Song, Chenru and Fan, Ying and Zhu, Han and Ma, Xiao and Yan, Yanghui and Jin, Junqi and Li, Han and Gai, Kun},
  booktitle={Proceedings of the 24th ACM SIGKDD international conference on knowledge discovery \& data mining},
  pages={1059--1068},
  year={2018}
}
@article{seq2slate,
  title={Seq2Slate: Re-ranking and slate optimization with RNNs},
  author={Bello, Irwan and Kulkarni, Sayali and Jain, Sagar and Boutilier, Craig and Chi, Ed and Eban, Elad and Luo, Xiyang and Mackey, Alan and Meshi, Ofer},
  journal={arXiv preprint arXiv:1810.02019},
  year={2018}
}
@inproceedings{gong2022real,
  title={Real-time Short Video Recommendation on Mobile Devices},
  author={Gong, Xudong and Feng, Qinlin and Zhang, Yuan and Qin, Jiangling and Ding, Weijie and Li, Biao and Jiang, Peng and Gai, Kun},
  booktitle={Proceedings of the 31st ACM International Conference on Information \& Knowledge Management},
  pages={3103--3112},
  year={2022}
}
@article{zhuang2018globally,
  title={Globally optimized mutual influence aware ranking in e-commerce search},
  author={Zhuang, Tao and Ou, Wenwu and Wang, Zhirong},
  journal={arXiv preprint arXiv:1805.08524},
  year={2018}
}
@inproceedings{ai2018learning,
  title={Learning a deep listwise context model for ranking refinement},
  author={Ai, Qingyao and Bi, Keping and Guo, Jiafeng and Croft, W Bruce},
  booktitle={The 41st international ACM SIGIR conference on research \& development in information retrieval},
  pages={135--144},
  year={2018}
}
@inproceedings{extr,
  title={EXTR: Click-Through Rate Prediction with Externalities in E-Commerce Sponsored Search},
  author={Chen, Chi and Chen, Hui and Zhao, Kangzhi and Zhou, Junsheng and He, Li and Deng, Hongbo and Xu, Jian and Zheng, Bo and Zhang, Yong and Xing, Chunxiao},
  booktitle={Proceedings of the 28th ACM SIGKDD Conference on Knowledge Discovery and Data Mining},
  pages={2732--2740},
  year={2022}
}
@article{feng2021revisit,
  title={Revisit recommender system in the permutation prospective},
  author={Feng, Yufei and Gong, Yu and Sun, Fei and Ge, Junfeng and Ou, Wenwu},
  journal={arXiv preprint arXiv:2102.12057},
  year={2021}
}
@inproceedings{mir,
  title={Multi-Level Interaction Reranking with User Behavior History},
  author={Xi, Yunjia and Liu, Weiwen and Zhu, Jieming and Zhao, Xilong and Dai, Xinyi and Tang, Ruiming and Zhang, Weinan and Zhang, Rui and Yu, Yong},
  booktitle={Proceedings of the 45th International ACM SIGIR Conference on Research and Development in Information Retrieval},
  pages={1336--1346},
  year={2022}
}
@inproceedings{prm,
  title={Personalized re-ranking for recommendation},
  author={Pei, Changhua and Zhang, Yi and Zhang, Yongfeng and Sun, Fei and Lin, Xiao and Sun, Hanxiao and Wu, Jian and Jiang, Peng and Ge, Junfeng and Ou, Wenwu and others},
  booktitle={Proceedings of the 13th ACM conference on recommender systems},
  pages={3--11},
  year={2019}
}
@inproceedings{pier,
  title={PIER: Permutation-Level Interest-Based End-to-End Re-ranking Framework in E-commerce},
  author={Shi, Xiaowen and Yang, Fan and Wang, Ze and Wu, Xiaoxu and Guan, Muzhi and Liao, Guogang and Yongkang, Wang and Wang, Xingxing and Wang, Dong},
  booktitle={Proceedings of the 29th ACM SIGKDD Conference on Knowledge Discovery and Data Mining},
  pages={4823--4831},
  year={2023}
}
@article{xi2021context,
  title={Context-aware reranking with utility maximization for recommendation},
  author={Xi, Yunjia and Liu, Weiwen and Dai, Xinyi and Tang, Ruiming and Zhang, Weinan and Liu, Qing and He, Xiuqiang and Yu, Yong},
  journal={arXiv preprint arXiv:2110.09059},
  year={2021}
}
@article{grn,
  title={GRN: Generative Rerank Network for Context-wise Recommendation},
  author={Feng, Yufei and Hu, Binbin and Gong, Yu and Sun, Fei and Liu, Qingwen and Ou, Wenwu},
  journal={arXiv preprint arXiv:2104.00860},
  year={2021}
}
@inproceedings{gfn,
  title={Generative flow network for listwise recommendation},
  author={Liu, Shuchang and Cai, Qingpeng and He, Zhankui and Sun, Bowen and McAuley, Julian and Zheng, Dong and Jiang, Peng and Gai, Kun},
  booktitle={Proceedings of the 29th ACM SIGKDD Conference on Knowledge Discovery and Data Mining},
  pages={1524--1534},
  year={2023}
}
@article{listcvae,
  title={Beyond greedy ranking: Slate optimization via list-CVAE},
  author={Jiang, Ray and Gowal, Sven and Mann, Timothy A and Rezende, Danilo J},
  journal={arXiv preprint arXiv:1803.01682},
  year={2018}
}
@inproceedings{pivotcvae,
  title={Variation control and evaluation for generative slate recommendations},
  author={Liu, Shuchang and Sun, Fei and Ge, Yingqiang and Pei, Changhua and Zhang, Yongfeng},
  booktitle={Proceedings of the Web Conference 2021},
  pages={436--448},
  year={2021}
}
@article{slateq,
  title={SlateQ: A tractable decomposition for reinforcement learning with recommendation sets},
  author={Ie, Eugene and Jain, Vihan and Wang, Jing and Narvekar, Sanmit and Agarwal, Ritesh and Wu, Rui and Cheng, Heng-Tze and Chandra, Tushar and Boutilier, Craig},
  year={2019}
}

@article{alsini2020hit,
  title={Hit ratio: An evaluation metric for hashtag recommendation},
  author={Alsini, Areej and Huynh, Du Q and Datta, Amitava},
  journal={arXiv preprint arXiv:2010.01258},
  year={2020}
}
@inproceedings{dif,
  title={Decoupled side information fusion for sequential recommendation},
  author={Xie, Yueqi and Zhou, Peilin and Kim, Sunghun},
  booktitle={Proceedings of the 45th International ACM SIGIR Conference on Research and Development in Information Retrieval},
  pages={1611--1621},
  year={2022}
}
@article{tupe
,
  title={Rethinking positional encoding in language pre-training},
  author={Ke, Guolin and He, Di and Liu, Tie-Yan},
  journal={arXiv preprint arXiv:2006.15595},
  year={2020}
}
@article{chen2021end,
  title={End-to-end user behavior retrieval in click-through rateprediction model},
  author={Chen, Qiwei and Pei, Changhua and Lv, Shanshan and Li, Chao and Ge, Junfeng and Ou, Wenwu},
  journal={arXiv preprint arXiv:2108.04468},
  year={2021}
}
@article{medress1977speech,
  title={Speech understanding systems: Report of a steering committee},
  author={Medress, Mark F. and Cooper, Franklin S and Forgie, Jim W. and Green, CC and Klatt, Dennis H. and O'Malley, Michael H. and Neuburg, Edward P and Newell, Allen and Reddy, DR and Ritea, B and others},
  journal={Artificial Intelligence},
  volume={9},
  number={3},
  pages={307--316},
  year={1977},
  publisher={Elsevier}
}
@article{midnn,
  title={Globally optimized mutual influence aware ranking in e-commerce search},
  author={Zhuang, Tao and Ou, Wenwu and Wang, Zhirong},
  journal={arXiv preprint arXiv:1805.08524},
  year={2018}
}
@inproceedings{dlcm,
  title={Learning a deep listwise context model for ranking refinement},
  author={Ai, Qingyao and Bi, Keping and Guo, Jiafeng and Croft, W Bruce},
  booktitle={The 41st international ACM SIGIR conference on research \& development in information retrieval},
  pages={135--144},
  year={2018}
}
@inproceedings{nar4rec,
  title={Non-autoregressive generative models for reranking recommendation},
  author={Ren, Yuxin and Yang, Qiya and Wu, Yichun and Xu, Wei and Wang, Yalong and Zhang, Zhiqiang},
  booktitle={Proceedings of the 30th ACM SIGKDD Conference on Knowledge Discovery and Data Mining},
  pages={5625--5634},
  year={2024}
}
@inproceedings{dcdr,
  title={Discrete conditional diffusion for reranking in recommendation},
  author={Lin, Xiao and Chen, Xiaokai and Wang, Chenyang and Shu, Hantao and Song, Linfeng and Li, Biao and Jiang, Peng},
  booktitle={Companion Proceedings of the ACM on Web Conference 2024},
  pages={161--169},
  year={2024}
}
@article{creditAssignment,
  title={Learning implicit credit assignment for cooperative multi-agent reinforcement learning},
  author={Zhou, Meng and Liu, Ziyu and Sui, Pengwei and Li, Yixuan and Chung, Yuk Ying},
  journal={Advances in neural information processing systems},
  volume={33},
  pages={11853--11864},
  year={2020}
}