@inproceedings{aly2021feverous,
  title={FEVEROUS: Fact Extraction and VERification Over Unstructured and Structured information},
  author={Aly, Rami and Guo, Zhijiang and Schlichtkrull, Michael Sejr and Thorne, James and Vlachos, Andreas and Christodoulopoulos, Christos and Cocarascu, Oana and Mittal, Arpit},
  booktitle={Thirty-fifth Conference on Neural Information Processing Systems Datasets and Benchmarks Track (Round 1)},
  year={2021}
}

@inproceedings{atanasova2020generating,
  title={Generating Fact Checking Explanations},
  author={Atanasova, Pepa and Simonsen, Jakob Grue and Lioma, Christina and Augenstein, Isabelle},
  booktitle={Proceedings of the 58th Annual Meeting of the Association for Computational Linguistics},
  pages={7352--7364},
  year={2020}
}

@inproceedings{buntain2017automatically,
  title={Automatically identifying fake news in popular twitter threads},
  author={Buntain, Cody and Golbeck, Jennifer},
  booktitle={2017 IEEE international conference on smart cloud (smartCloud)},
  pages={208--215},
  year={2017},
  organization={IEEE}
}

@inproceedings{chen2022codet,
  title={CodeT: Code Generation with Generated Tests},
  author={Chen, Bei and Zhang, Fengji and Nguyen, Anh and Zan, Daoguang and Lin, Zeqi and Lou, Jian-Guang and Chen, Weizhu},
  booktitle={The Eleventh International Conference on Learning Representations},
  year={2022}
}

@inproceedings{chen2023teaching,
  title={Teaching Large Language Models to Self-Debug},
  author={Chen, Xinyun and Lin, Maxwell and Schaerli, Nathanael and Zhou, Denny},
  booktitle={The 61st Annual Meeting Of The Association For Computational Linguistics},
  year={2023}
}

@inproceedings{chen2024can,
  title={Can LLM-Generated Misinformation Be Detected?},
  author={Chen, Canyu and Shu, Kai},
  booktitle={The Twelfth International Conference on Learning Representations},
  year={2024}
}

@article{guo2022survey,
  title={A Survey on Automated Fact-Checking},
  author={Guo, Zhijiang and Schlichtkrull, Michael and Vlachos, Andreas},
  journal={Transactions of the Association for Computational Linguistics},
  volume={10},
  pages={178--206},
  year={2022}
}

@inproceedings{gupta2021x,
  title={X-Fact: A New Benchmark Dataset for Multilingual Fact Checking},
  author={Gupta, Ashim and Srikumar, Vivek},
  booktitle={Proceedings of the 59th Annual Meeting of the Association for Computational Linguistics and the 11th International Joint Conference on Natural Language Processing (Volume 2: Short Papers)},
  pages={675--682},
  year={2021}
}

@inproceedings{hong2023metagpt,
  title={MetaGPT: Meta Programming for Multi-Agent Collaborative Framework},
  author={Hong, Sirui and Zhuge, Mingchen and Chen, Jonathan and Zheng, Xiawu and Cheng, Yuheng and Wang, Jinlin and Zhang, Ceyao and Wang, Zili and Yau, Steven Ka Shing and Lin, Zijuan and others},
  booktitle={The Twelfth International Conference on Learning Representations},
  year={2023}
}

@inproceedings{hu2024large,
  title={Do Large Language Models Know about Facts?},
  author={Hu, Xuming and Chen, Junzhe and Li, Xiaochuan and Guo, Yufei and Wen, Lijie and Philip, S Yu and Guo, Zhijiang},
  booktitle={The Twelfth International Conference on Learning Representations},
  year={2024}
}

@inproceedings{jiang2020hover,
  title={HoVer: A Dataset for Many-Hop Fact Extraction And Claim Verification},
  author={Jiang, Yichen and Bordia, Shikha and Zhong, Zheng and Dognin, Charles and Singh, Maneesh and Bansal, Mohit},
  booktitle={Findings of the Association for Computational Linguistics: EMNLP 2020},
  pages={3441--3460},
  year={2020}
}

@inproceedings{lin2022detect,
  title={Detect Rumors in Microblog Posts for Low-Resource Domains via Adversarial Contrastive Learning},
  author={Lin, Hongzhan and Ma, Jing and Chen, Liangliang and Yang, Zhiwei and Cheng, Mingfei and Guang, Chen},
  booktitle={Findings of the Association for Computational Linguistics: NAACL 2022},
  pages={2543--2556},
  year={2022}
}

@inproceedings{lin2023zero,
  title={Zero-shot rumor detection with propagation structure via prompt learning},
  author={Lin, Hongzhan and Yi, Pengyao and Ma, Jing and Jiang, Haiyun and Luo, Ziyang and Shi, Shuming and Liu, Ruifang},
  booktitle={Proceedings of the AAAI Conference on Artificial Intelligence},
  volume={37},
  number={4},
  pages={5213--5221},
  year={2023}
}

@inproceedings{liu2023agentbench,
  title={AgentBench: Evaluating LLMs as Agents},
  author={Liu, Xiao and Yu, Hao and Zhang, Hanchen and Xu, Yifan and Lei, Xuanyu and Lai, Hanyu and Gu, Yu and Ding, Hangliang and Men, Kaiwen and Yang, Kejuan and others},
  booktitle={The Twelfth International Conference on Learning Representations},
  year={2023}
}

@inproceedings{ma2015detect,
  title={Detect rumors using time series of social context information on microblogging websites},
  author={Ma, Jing and Gao, Wei and Wei, Zhongyu and Lu, Yueming and Wong, Kam-Fai},
  booktitle={Proceedings of the 24th ACM international on conference on information and knowledge management},
  pages={1751--1754},
  year={2015}
}

@inproceedings{ma2017detect,
  title={Detect Rumors in Microblog Posts Using Propagation Structure via Kernel Learning},
  author={Ma, Jing and Gao, Wei and Wong, Kam-Fai},
  booktitle={Proceedings of the 55th Annual Meeting of the Association for Computational Linguistics (Volume 1: Long Papers)},
  pages={708--717},
  year={2017}
}

@inproceedings{madaan2023self,
  title={Self-Refine: Iterative Refinement with Self-Feedback},
  author={Madaan, Aman and Tandon, Niket and Gupta, Prakhar and Hallinan, Skyler and Gao, Luyu and Wiegreffe, Sarah and Alon, Uri and Dziri, Nouha and Prabhumoye, Shrimai and Yang, Yiming and others},
  booktitle={Thirty-seventh Conference on Neural Information Processing Systems},
  year={2023}
}

@inproceedings{mu2023embodiedgpt,
  title={EmbodiedGPT: Vision-Language Pre-Training via Embodied Chain of Thought},
  author={Mu, Yao and Zhang, Qinglong and Hu, Mengkang and Wang, Wenhai and Ding, Mingyu and Jin, Jun and Wang, Bin and Dai, Jifeng and Qiao, Yu and Luo, Ping},
  booktitle={Thirty-seventh Conference on Neural Information Processing Systems},
  year={2023}
}

@inproceedings{nakov2022clef,
  title={The clef-2022 checkthat! lab on fighting the covid-19 infodemic and fake news detection},
  author={Nakov, Preslav and Barr{\'o}n-Cede{\~n}o, Alberto and Da San Martino, Giovanni and Alam, Firoj and Stru{\ss}, Julia Maria and Mandl, Thomas and M{\'\i}guez, Rub{\'e}n and Caselli, Tommaso and Kutlu, Mucahid and Zaghouani, Wajdi and others},
  booktitle={European Conference on Information Retrieval},
  pages={416--428},
  year={2022},
  organization={Springer}
}

@article{qian2023communicative,
  title={Communicative agents for software development},
  author={Qian, Chen and Cong, Xin and Yang, Cheng and Chen, Weize and Su, Yusheng and Xu, Juyuan and Liu, Zhiyuan and Sun, Maosong},
  journal={arXiv preprint arXiv:2307.07924},
  year={2023}
}

@inproceedings{sathe2020automated,
  title={Automated fact-checking of claims from Wikipedia},
  author={Sathe, Aalok and Ather, Salar and Le, Tuan Manh and Perry, Nathan and Park, Joonsuk},
  booktitle={Proceedings of the Twelfth Language Resources and Evaluation Conference},
  pages={6874--6882},
  year={2020}
}

@inproceedings{schuster2021get,
  title={Get Your Vitamin C! Robust Fact Verification with Contrastive Evidence},
  author={Schuster, Tal and Fisch, Adam and Barzilay, Regina},
  booktitle={Proceedings of the 2021 Conference of the North American Chapter of the Association for Computational Linguistics: Human Language Technologies},
  pages={624--643},
  year={2021}
}

@inproceedings{shen2023hugginggpt,
  title={HuggingGPT: Solving AI Tasks with ChatGPT and its Friends in Hugging Face},
  author={Shen, Yongliang and Song, Kaitao and Tan, Xu and Li, Dongsheng and Lu, Weiming and Zhuang, Yueting},
  booktitle={Thirty-seventh Conference on Neural Information Processing Systems},
  year={2023}
}

@inproceedings{shinn2023reflexion,
  title={Reflexion: language agents with verbal reinforcement learning},
  author={Shinn, Noah and Cassano, Federico and Gopinath, Ashwin and Narasimhan, Karthik and Yao, Shunyu},
  booktitle={Proceedings of the 37th International Conference on Neural Information Processing Systems},
  pages={8634--8652},
  year={2023}
}

@article{shu2020fakenewsnet,
  title={Fakenewsnet: A data repository with news content, social context, and spatiotemporal information for studying fake news on social media},
  author={Shu, Kai and Mahudeswaran, Deepak and Wang, Suhang and Lee, Dongwon and Liu, Huan},
  journal={Big data},
  volume={8},
  number={3},
  pages={171--188},
  year={2020}
}

@inproceedings{sun2023adaplanner,
  title={AdaPlanner: Adaptive Planning from Feedback with Language Models},
  author={Sun, Haotian and Zhuang, Yuchen and Kong, Lingkai and Dai, Bo and Zhang, Chao},
  booktitle={Thirty-seventh Conference on Neural Information Processing Systems},
  year={2023}
}

@inproceedings{thorne2018fever,
  title={FEVER: a Large-scale Dataset for Fact Extraction and VERification},
  author={Thorne, James and Vlachos, Andreas and Christodoulopoulos, Christos and Mittal, Arpit},
  booktitle={Proceedings of the 2018 Conference of the North American Chapter of the Association for Computational Linguistics: Human Language Technologies, Volume 1 (Long Papers)},
  pages={809--819},
  year={2018}
}

@inproceedings{wadden2022scifact,
  title={SciFact-Open: Towards open-domain scientific claim verification},
  author={Wadden, David and Lo, Kyle and Kuehl, Bailey and Cohan, Arman and Beltagy, Iz and Wang, Lucy Lu and Hajishirzi, Hannaneh},
  booktitle={Findings of the Association for Computational Linguistics: EMNLP 2022},
  pages={4719--4734},
  year={2022}
}

@inproceedings{wang2023voyager,
  title={Voyager: An Open-Ended Embodied Agent with Large Language Models},
  author={Wang, Guanzhi and Xie, Yuqi and Jiang, Yunfan and Mandlekar, Ajay and Xiao, Chaowei and Zhu, Yuke and Fan, Linxi and Anandkumar, Anima}

@inproceedings{yao2022react,
  title={ReAct: Synergizing Reasoning and Acting in Language Models},
  author={Yao, Shunyu and Zhao, Jeffrey and Yu, Dian and Du, Nan and Shafran, Izhak and Narasimhan, Karthik R and Cao, Yuan},
  booktitle={The Eleventh International Conference on Learning Representations},
  year={2022}
}

