@misc{openai2023gpt4,
      title={GPT-4 Technical Report}, 
      author={OpenAI},
      year={2023},
      eprint={2303.08774},
      archivePrefix={arXiv},
      primaryClass={cs.CL}
}


@misc{Li2024PersonalLA,
      title={Personal LLM Agents: Insights and Survey about the Capability, Efficiency and Security}, 
      author={Yuanchun Li and Hao Wen and Weijun Wang and Xiangyu Li and Yizhen Yuan and Guohong Liu and Jiacheng Liu and Wenxing Xu and Xiang Wang and Yi Sun and Rui Kong and Yile Wang and Hanfei Geng and Jian Luan and Xuefeng Jin and Zi-Liang Ye and Guanjing Xiong and Fan Zhang and Xiang Li and Mengwei Xu and Zhijun Li and Peng Li and Yang Liu and Yaqiong Zhang and Yunxin Liu},
      year={2024},
      eprint={2401.05459},
      archivePrefix={arXiv},
      primaryClass={cs.CL}
}

@misc{mao2024muca,
      title={Multi-User Chat Assistant (MUCA): a Framework Using LLMs to Facilitate Group Conversations}, 
      author={Manqing Mao and Paishun Ting and Yijian Xiang and Mingyang Xu and Julia Chen and Jianzhe Lin},
      year={2024},
      eprint={2401.04883},
      archivePrefix={arXiv},
      primaryClass={cs.CL}
}

@misc{Asthana2023recap,
      title={Summaries, Highlights, and Action items: Design, implementation and evaluation of an LLM-powered meeting recap system}, 
      author={Sumit Asthana and Sagih Hilleli and Pengcheng He and Aaron Halfaker},
      year={2023},
      eprint={2307.15793},
      archivePrefix={arXiv},
      primaryClass={cs.CL}
}

@misc{google2024gemini,
      title={Gemini 1.5: Unlocking multimodal understanding across millions of tokens of context}, 
      author={Google},
      year={2024},
      eprint={2403.05530},
      archivePrefix={arXiv},
      primaryClass={cs.CL}
}

@misc{qin2023openvoice,
      title={OpenVoice: Versatile Instant Voice Cloning}, 
      author={Qin, Zengyi and Zhao, Wenliang and Yu, Xumin and Sun, Xin},
      year={2023},
      eprint={2312.01479},
      archivePrefix={arXiv},
      primaryClass={cs.CL}
}


@inproceedings{Nedoluzhko2022ELITRMC,
  title={ELITR Minuting Corpus: A Novel Dataset for Automatic Minuting from Multi-Party Meetings in English and Czech},
  author={Anna Nedoluzhko and Muskaan Singh and Marie Hled{\'i}kov{\'a} and Tirthankar Ghosal and Ondrej Bojar},
  booktitle={International Conference on Language Resources and Evaluation},
  year={2022},
  url={https://api.semanticscholar.org/CorpusID:250157963}
}

@misc{fastvoiceagent,
  author       = {{Cerebrium}},
  title        = {Fast Voice Agent},
  year         = {2024},
  url          = {https://fastvoiceagent.cerebrium.ai/},
  note         = {Accessed: 2024-09-19}
}


@misc{mckinseyfutureofwork,
  author       = {Marino Mugayar-Baldocchi and Bill Schaninger and Kartik Sharma},
  title        = {The future of the workplace: Embracing change and fostering connectivity},
  year         = 2021,
  url          = {https://www.mckinsey.com/capabilities/people-and-organizational-performance/our-insights/the-organization-blog/the-future-of-the-workplace-embracing-change-and-fostering-connectivity},
  note         = {Accessed: 2024-09-18}
}

@misc{Spataromeeting,
  author       = {Jared Spataro},
  title        = {Remote work trend report: meetings},
  year         = 2020,
  url          = {https://www.microsoft.com/en-us/microsoft-365/blog/2020/04/09/remote-work-trend-report-meetings/},
  note         = {Accessed: 2024-09-18}
}

@misc{Kostmeeting2020,
  author       = {Danielle Kost},
  title        = {You're Right! You Are Working Longer and Attending More Meetings},
  year         = 2020,
  url          = {https://hbswk.hbs.edu/item/you-re-right-you-are-working-longer-and-attending-more-meetings},
  note         = {Accessed: 2024-09-18}
}

@misc{Perlowmeeting2017,
  author       = {Leslie A. Perlow and Constance Noonan Hadley and Eunice Eun},
  title        = {Stop the Meeting Madness},
  year         = 2017,
  url          = {https://hbr.org/2017/07/stop-the-meeting-madness},
  note         = {Accessed: 2024-09-18}
}

@inproceedings{ouyang2022training,
 author = {Ouyang, Long and Wu, Jeffrey and Jiang, Xu and Almeida, Diogo and Wainwright, Carroll and Mishkin, Pamela and Zhang, Chong and Agarwal, Sandhini and Slama, Katarina and Ray, Alex and Schulman, John and Hilton, Jacob and Kelton, Fraser and Miller, Luke and Simens, Maddie and Askell, Amanda and Welinder, Peter and Christiano, Paul F and Leike, Jan and Lowe, Ryan},
 booktitle = {Advances in Neural Information Processing Systems},
 editor = {S. Koyejo and S. Mohamed and A. Agarwal and D. Belgrave and K. Cho and A. Oh},
 pages = {27730--27744},
 publisher = {Curran Associates, Inc.},
 title = {Training language models to follow instructions with human feedback},
 url = {https://proceedings.neurips.cc/paper_files/paper/2022/file/b1efde53be364a73914f58805a001731-Paper-Conference.pdf},
 volume = {35},
 year = {2022}
}

@misc{openaimodel,
  author = {OpenAI},
  title = {Models},
  year = {2024},
  url          = {https://platform.openai.com/docs/models},
  note         = {Accessed: 2024-09-18}
}


@misc{geminimodels,
  author = {Google},
  title = {Gemini Models},
  year = {2024},
  url          = {https://deepmind.google/technologies/gemini/},
  note         = {Accessed: 2024-09-18}
}


@misc{llama,
  author = {Meta},
  title = {Meta Llama},
  year = {2024},
  url          = {https://llama.meta.com/},
  note         = {Accessed: 2024-09-18}
}

@inproceedings{Cohen2021action,
    title = "Automatic Rephrasing of Transcripts-based Action Items",
    author = "Cohen, Amir  and
      Kantor, Amir  and
      Hilleli, Sagi  and
      Kolman, Eyal",
    editor = "Zong, Chengqing  and
      Xia, Fei  and
      Li, Wenjie  and
      Navigli, Roberto",
    booktitle = "Findings of the Association for Computational Linguistics: ACL-IJCNLP 2021",
    month = aug,
    year = "2021",
    address = "Online",
    publisher = "Association for Computational Linguistics",
    url = "https://aclanthology.org/2021.findings-acl.253",
    doi = "10.18653/v1/2021.findings-acl.253",
    pages = "2862--2873",
}

@inproceedings{Mehdad2014summary,
    title = "Abstractive Summarization of Spoken and Written Conversations Based on Phrasal Queries",
    author = "Mehdad, Yashar  and
      Carenini, Giuseppe  and
      Ng, Raymond T.",
    editor = "Toutanova, Kristina  and
      Wu, Hua",
    booktitle = "Proceedings of the 52nd Annual Meeting of the Association for Computational Linguistics (Volume 1: Long Papers)",
    month = jun,
    year = "2014",
    address = "Baltimore, Maryland",
    publisher = "Association for Computational Linguistics",
    url = "https://aclanthology.org/P14-1115",
    doi = "10.3115/v1/P14-1115",
    pages = "1220--1230",
}

@inproceedings{Prasad2023meetingqa,
    title = "{M}eeting{QA}: Extractive Question-Answering on Meeting Transcripts",
    author = "Prasad, Archiki  and
      Bui, Trung  and
      Yoon, Seunghyun  and
      Deilamsalehy, Hanieh  and
      Dernoncourt, Franck  and
      Bansal, Mohit",
    editor = "Rogers, Anna  and
      Boyd-Graber, Jordan  and
      Okazaki, Naoaki",
    booktitle = "Proceedings of the 61st Annual Meeting of the Association for Computational Linguistics (Volume 1: Long Papers)",
    month = jul,
    year = "2023",
    address = "Toronto, Canada",
    publisher = "Association for Computational Linguistics",
    url = "https://aclanthology.org/2023.acl-long.837",
    doi = "10.18653/v1/2023.acl-long.837",
    pages = "15000--15025",
}

@inproceedings{Tuggener2021summarysurvey,
    title = "Are We Summarizing the Right Way? A Survey of Dialogue Summarization Data Sets",
    author = "Tuggener, Don  and
      Mieskes, Margot  and
      Deriu, Jan  and
      Cieliebak, Mark",
    editor = "Carenini, Giuseppe  and
      Cheung, Jackie Chi Kit  and
      Dong, Yue  and
      Liu, Fei  and
      Wang, Lu",
    booktitle = "Proceedings of the Third Workshop on New Frontiers in Summarization",
    month = nov,
    year = "2021",
    address = "Online and in Dominican Republic",
    publisher = "Association for Computational Linguistics",
    url = "https://aclanthology.org/2021.newsum-1.12",
    doi = "10.18653/v1/2021.newsum-1.12",
    pages = "107--118",
}

@inproceedings{Zhong2021qmsum,
    title = "{QMS}um: A New Benchmark for Query-based Multi-domain Meeting Summarization",
    author = "Zhong, Ming  and
      Yin, Da  and
      Yu, Tao  and
      Zaidi, Ahmad  and
      Mutuma, Mutethia  and
      Jha, Rahul  and
      Awadallah, Ahmed Hassan  and
      Celikyilmaz, Asli  and
      Liu, Yang  and
      Qiu, Xipeng  and
      Radev, Dragomir",
    editor = "Toutanova, Kristina  and
      Rumshisky, Anna  and
      Zettlemoyer, Luke  and
      Hakkani-Tur, Dilek  and
      Beltagy, Iz  and
      Bethard, Steven  and
      Cotterell, Ryan  and
      Chakraborty, Tanmoy  and
      Zhou, Yichao",
    booktitle = "Proceedings of the 2021 Conference of the North American Chapter of the Association for Computational Linguistics: Human Language Technologies",
    month = jun,
    year = "2021",
    address = "Online",
    publisher = "Association for Computational Linguistics",
    url = "https://aclanthology.org/2021.naacl-main.472",
    doi = "10.18653/v1/2021.naacl-main.472",
    pages = "5905--5921",
}

@inproceedings{Chen2021dialogsum,
    title = "{D}ialog{S}um: {A} Real-Life Scenario Dialogue Summarization Dataset",
    author = "Chen, Yulong  and
      Liu, Yang  and
      Chen, Liang  and
      Zhang, Yue",
    editor = "Zong, Chengqing  and
      Xia, Fei  and
      Li, Wenjie  and
      Navigli, Roberto",
    booktitle = "Findings of the Association for Computational Linguistics: ACL-IJCNLP 2021",
    month = aug,
    year = "2021",
    address = "Online",
    publisher = "Association for Computational Linguistics",
    url = "https://aclanthology.org/2021.findings-acl.449",
    doi = "10.18653/v1/2021.findings-acl.449",
    pages = "5062--5074",
}

@misc{teamcopilot,
  author = {Jared Spataro},
  title = {New agent capabilities in Microsoft Copilot unlock business value},
  year = {2024},
  url  = {https://www.microsoft.com/en-us/microsoft-365/blog/2024/05/21/new-agent-capabilities-in-microsoft-copilot-unlock-business-value/},
  note         = {Accessed: 2024-09-18}
}

@misc{openaivoice,
  author = {OpenAI},
  title = {Hello GPT-4o},
  year = {2024},
  url  = {https://openai.com/index/hello-gpt-4o/},
  note         = {Accessed: 2024-09-18}
}

@misc{ReidHoffman,
  author = {Reid Hoffman},
  title = {Reid Hoffman meets his AI twin - Full},
  year = {2024},
  url  = {https://www.youtube.com/watch?v=rgD2gmwCS10},
  note         = {Accessed: 2024-09-18}
}

@misc{AgentGroupChat,
      title={AgentGroupChat: An Interactive Group Chat Simulacra For Better Eliciting Emergent Behavior}, 
      author={Zhouhong Gu and Xiaoxuan Zhu and Haoran Guo and Lin Zhang and Yin Cai and Hao Shen and Jiangjie Chen and Zheyu Ye and Yifei Dai and Yan Gao and Yao Hu and Hongwei Feng and Yanghua Xiao},
      year={2024},
      eprint={2403.13433},
      archivePrefix={arXiv},
      primaryClass={cs.CL}
}

@inproceedings{shao2023character,
    title = "Character-{LLM}: A Trainable Agent for Role-Playing",
    author = "Shao, Yunfan  and
      Li, Linyang  and
      Dai, Junqi  and
      Qiu, Xipeng",
    editor = "Bouamor, Houda  and
      Pino, Juan  and
      Bali, Kalika",
    booktitle = "Proceedings of the 2023 Conference on Empirical Methods in Natural Language Processing",
    month = dec,
    year = "2023",
    address = "Singapore",
    publisher = "Association for Computational Linguistics",
    url = "https://aclanthology.org/2023.emnlp-main.814",
    pages = "13153--13187",
}

@misc{Sun2024persona,
Author = {Chenkai Sun and Ke Yang and Revanth Gangi Reddy and Yi R. Fung and Hou Pong Chan and ChengXiang Zhai and Heng Ji},
Title = {Persona-DB: Efficient Large Language Model Personalization for Response Prediction with Collaborative Data Refinement},
Year = {2024},
eprint={2402.11060},
archivePrefix={arXiv},
primaryClass={cs.CL}
}

@inproceedings{kong2024roleplay,
    title = "Better Zero-Shot Reasoning with Role-Play Prompting",
    author = "Kong, Aobo  and
      Zhao, Shiwan  and
      Chen, Hao  and
      Li, Qicheng  and
      Qin, Yong  and
      Sun, Ruiqi  and
      Zhou, Xin  and
      Wang, Enzhi  and
      Dong, Xiaohang",
    editor = "Duh, Kevin  and
      Gomez, Helena  and
      Bethard, Steven",
    booktitle = "Proceedings of the 2024 Conference of the North American Chapter of the Association for Computational Linguistics: Human Language Technologies (Volume 1: Long Papers)",
    month = jun,
    year = "2024",
    address = "Mexico City, Mexico",
    publisher = "Association for Computational Linguistics",
    url = "https://aclanthology.org/2024.naacl-long.228",
    pages = "4099--4113",
}



@article{llmannotation,
author = {Fabrizio Gilardi  and Meysam Alizadeh  and Maël Kubli },
title = {ChatGPT outperforms crowd workers for text-annotation tasks},
journal = {Proceedings of the National Academy of Sciences},
volume = {120},
number = {30},
pages = {e2305016120},
year = {2023},
doi = {10.1073/pnas.2305016120},
URL = {https://www.pnas.org/doi/abs/10.1073/pnas.2305016120},
eprint = {https://www.pnas.org/doi/pdf/10.1073/pnas.2305016120},}

@misc{realtimeapi,
  author = {OpenAI},
  title = {Introducing the Realtime API},
  year = {2024},
  url  = {https://openai.com/index/introducing-the-realtime-api/},
  note         = {Accessed: 2024-10-15}
}

@misc{privacysurvey,
Author = {Biwei Yan and Kun Li and Minghui Xu and Yueyan Dong and Yue Zhang and Zhaochun Ren and Xiuzhen Cheng},
Title = {On Protecting the Data Privacy of Large Language Models (LLMs): A Survey},
Year = {2024},
eprint={2403.05156},
archivePrefix={arXiv},
primaryClass={cs.CL}
}

@misc{saftysurvey,
Author = {Usman Anwar and Abulhair Saparov and Javier Rando and Daniel Paleka and Miles Turpin and Peter Hase and Ekdeep Singh Lubana and Erik Jenner and Stephen Casper and Oliver Sourbut and Benjamin L. Edelman and Zhaowei Zhang and Mario Günther and Anton Korinek and Jose Hernandez-Orallo and Lewis Hammond and Eric Bigelow and Alexander Pan and Lauro Langosco and Tomasz Korbak and Heidi Zhang and Ruiqi Zhong and Seán Ó hÉigeartaigh and Gabriel Recchia and Giulio Corsi and Alan Chan and Markus Anderljung and Lilian Edwards and Aleksandar Petrov and Christian Schroeder de Witt and Sumeet Ramesh Motwan and Yoshua Bengio and Danqi Chen and Philip H. S. Torr and Samuel Albanie and Tegan Maharaj and Jakob Foerster and Florian Tramer and He He and Atoosa Kasirzadeh and Yejin Choi and David Krueger},
Title = {Foundational Challenges in Assuring Alignment and Safety of Large Language Models},
Year = {2024},
eprint={2404.09932},
archivePrefix={arXiv},
primaryClass={cs.CL}
}

@misc{ethicshuman,
Author = {Angelina Wang and Jamie Morgenstern and John P. Dickerson},
Title = {Large language models should not replace human participants because they can misportray and flatten identity groups},
Year = {2024},
eprint={2402.01908},
archivePrefix={arXiv},
}

@article{ethicspersonalization,
  title={The benefits, risks and bounds of personalizing the alignment of large language models to individuals},
  author={Kirk, Hannah R. and Vidgen, Bertie and R{\"o}ttger, Paul and others},
  journal={Nature Machine Intelligence},
  volume={6},
  pages={383--392},
  year={2024},
  doi={10.1038/s42256-024-00820-y},
  url={https://doi.org/10.1038/s42256-024-00820-y}
}

@inproceedings{ethicsdanger,
author = {Bender, Emily M. and Gebru, Timnit and McMillan-Major, Angelina and Shmitchell, Shmargaret},
title = {On the Dangers of Stochastic Parrots: Can Language Models Be Too Big?},
year = {2021},
isbn = {9781450383097},
publisher = {Association for Computing Machinery},
address = {New York, NY, USA},
url = {https://doi.org/10.1145/3442188.3445922},
doi = {10.1145/3442188.3445922},
booktitle = {Proceedings of the 2021 ACM Conference on Fairness, Accountability, and Transparency},
pages = {610–623},
numpages = {14},
location = {Virtual Event, Canada},
series = {FAccT '21}
}

@article{ethicschatgpt,
title = {ChatGPT for good? On opportunities and challenges of large language models for education},
journal = {Learning and Individual Differences},
volume = {103},
pages = {102274},
year = {2023},
issn = {1041-6080},
doi = {https://doi.org/10.1016/j.lindif.2023.102274},
url = {https://www.sciencedirect.com/science/article/pii/S1041608023000195},
author = {Enkelejda Kasneci and Kathrin Sessler and Stefan Küchemann and Maria Bannert and Daryna Dementieva and Frank Fischer and Urs Gasser and Georg Groh and Stephan Günnemann and Eyke Hüllermeier and Stephan Krusche and Gitta Kutyniok and Tilman Michaeli and Claudia Nerdel and Jürgen Pfeffer and Oleksandra Poquet and Michael Sailer and Albrecht Schmidt and Tina Seidel and Matthias Stadler and Jochen Weller and Jochen Kuhn and Gjergji Kasneci},
keywords = {Large language models, Artificial intelligence, Education, Educational technologies},
}