@misc{Asthana2023recap,
      title={Summaries, Highlights, and Action items: Design, implementation and evaluation of an LLM-powered meeting recap system}, 
      author={Sumit Asthana and Sagih Hilleli and Pengcheng He and Aaron Halfaker},
      year={2023},
      eprint={2307.15793},
      archivePrefix={arXiv},
      primaryClass={cs.CL}
}

@inproceedings{Cohen2021action,
    title = "Automatic Rephrasing of Transcripts-based Action Items",
    author = "Cohen, Amir  and
      Kantor, Amir  and
      Hilleli, Sagi  and
      Kolman, Eyal",
    editor = "Zong, Chengqing  and
      Xia, Fei  and
      Li, Wenjie  and
      Navigli, Roberto",
    booktitle = "Findings of the Association for Computational Linguistics: ACL-IJCNLP 2021",
    month = aug,
    year = "2021",
    address = "Online",
    publisher = "Association for Computational Linguistics",
    url = "https://aclanthology.org/2021.findings-acl.253",
    doi = "10.18653/v1/2021.findings-acl.253",
    pages = "2862--2873",
}

@inproceedings{Mehdad2014summary,
    title = "Abstractive Summarization of Spoken and Written Conversations Based on Phrasal Queries",
    author = "Mehdad, Yashar  and
      Carenini, Giuseppe  and
      Ng, Raymond T.",
    editor = "Toutanova, Kristina  and
      Wu, Hua",
    booktitle = "Proceedings of the 52nd Annual Meeting of the Association for Computational Linguistics (Volume 1: Long Papers)",
    month = jun,
    year = "2014",
    address = "Baltimore, Maryland",
    publisher = "Association for Computational Linguistics",
    url = "https://aclanthology.org/P14-1115",
    doi = "10.3115/v1/P14-1115",
    pages = "1220--1230",
}

@inproceedings{Prasad2023meetingqa,
    title = "{M}eeting{QA}: Extractive Question-Answering on Meeting Transcripts",
    author = "Prasad, Archiki  and
      Bui, Trung  and
      Yoon, Seunghyun  and
      Deilamsalehy, Hanieh  and
      Dernoncourt, Franck  and
      Bansal, Mohit",
    editor = "Rogers, Anna  and
      Boyd-Graber, Jordan  and
      Okazaki, Naoaki",
    booktitle = "Proceedings of the 61st Annual Meeting of the Association for Computational Linguistics (Volume 1: Long Papers)",
    month = jul,
    year = "2023",
    address = "Toronto, Canada",
    publisher = "Association for Computational Linguistics",
    url = "https://aclanthology.org/2023.acl-long.837",
    doi = "10.18653/v1/2023.acl-long.837",
    pages = "15000--15025",
}

@misc{ReidHoffman,
  author = {Reid Hoffman},
  title = {Reid Hoffman meets his AI twin - Full},
  year = {2024},
  url  = {https://www.youtube.com/watch?v=rgD2gmwCS10},
  note         = {Accessed: 2024-09-18}
}

@misc{Sun2024persona,
Author = {Chenkai Sun and Ke Yang and Revanth Gangi Reddy and Yi R. Fung and Hou Pong Chan and ChengXiang Zhai and Heng Ji},
Title = {Persona-DB: Efficient Large Language Model Personalization for Response Prediction with Collaborative Data Refinement},
Year = {2024},
eprint={2402.11060},
archivePrefix={arXiv},
primaryClass={cs.CL}
}

@inproceedings{Tuggener2021summarysurvey,
    title = "Are We Summarizing the Right Way? A Survey of Dialogue Summarization Data Sets",
    author = "Tuggener, Don  and
      Mieskes, Margot  and
      Deriu, Jan  and
      Cieliebak, Mark",
    editor = "Carenini, Giuseppe  and
      Cheung, Jackie Chi Kit  and
      Dong, Yue  and
      Liu, Fei  and
      Wang, Lu",
    booktitle = "Proceedings of the Third Workshop on New Frontiers in Summarization",
    month = nov,
    year = "2021",
    address = "Online and in Dominican Republic",
    publisher = "Association for Computational Linguistics",
    url = "https://aclanthology.org/2021.newsum-1.12",
    doi = "10.18653/v1/2021.newsum-1.12",
    pages = "107--118",
}

@inproceedings{Zhong2021qmsum,
    title = "{QMS}um: A New Benchmark for Query-based Multi-domain Meeting Summarization",
    author = "Zhong, Ming  and
      Yin, Da  and
      Yu, Tao  and
      Zaidi, Ahmad  and
      Mutuma, Mutethia  and
      Jha, Rahul  and
      Awadallah, Ahmed Hassan  and
      Celikyilmaz, Asli  and
      Liu, Yang  and
      Qiu, Xipeng  and
      Radev, Dragomir",
    editor = "Toutanova, Kristina  and
      Rumshisky, Anna  and
      Zettlemoyer, Luke  and
      Hakkani-Tur, Dilek  and
      Beltagy, Iz  and
      Bethard, Steven  and
      Cotterell, Ryan  and
      Chakraborty, Tanmoy  and
      Zhou, Yichao",
    booktitle = "Proceedings of the 2021 Conference of the North American Chapter of the Association for Computational Linguistics: Human Language Technologies",
    month = jun,
    year = "2021",
    address = "Online",
    publisher = "Association for Computational Linguistics",
    url = "https://aclanthology.org/2021.naacl-main.472",
    doi = "10.18653/v1/2021.naacl-main.472",
    pages = "5905--5921",
}

@inproceedings{kong2024roleplay,
    title = "Better Zero-Shot Reasoning with Role-Play Prompting",
    author = "Kong, Aobo  and
      Zhao, Shiwan  and
      Chen, Hao  and
      Li, Qicheng  and
      Qin, Yong  and
      Sun, Ruiqi  and
      Zhou, Xin  and
      Wang, Enzhi  and
      Dong, Xiaohang",
    editor = "Duh, Kevin  and
      Gomez, Helena  and
      Bethard, Steven",
    booktitle = "Proceedings of the 2024 Conference of the North American Chapter of the Association for Computational Linguistics: Human Language Technologies (Volume 1: Long Papers)",
    month = jun,
    year = "2024",
    address = "Mexico City, Mexico",
    publisher = "Association for Computational Linguistics",
    url = "https://aclanthology.org/2024.naacl-long.228",
    pages = "4099--4113",
}

@misc{mao2024muca,
      title={Multi-User Chat Assistant (MUCA): a Framework Using LLMs to Facilitate Group Conversations}, 
      author={Manqing Mao and Paishun Ting and Yijian Xiang and Mingyang Xu and Julia Chen and Jianzhe Lin},
      year={2024},
      eprint={2401.04883},
      archivePrefix={arXiv},
      primaryClass={cs.CL}
}

@misc{openaivoice,
  author = {OpenAI},
  title = {Hello GPT-4o},
  year = {2024},
  url  = {https://openai.com/index/hello-gpt-4o/},
  note         = {Accessed: 2024-09-18}
}

@inproceedings{shao2023character,
    title = "Character-{LLM}: A Trainable Agent for Role-Playing",
    author = "Shao, Yunfan  and
      Li, Linyang  and
      Dai, Junqi  and
      Qiu, Xipeng",
    editor = "Bouamor, Houda  and
      Pino, Juan  and
      Bali, Kalika",
    booktitle = "Proceedings of the 2023 Conference on Empirical Methods in Natural Language Processing",
    month = dec,
    year = "2023",
    address = "Singapore",
    publisher = "Association for Computational Linguistics",
    url = "https://aclanthology.org/2023.emnlp-main.814",
    pages = "13153--13187",
}

