@article{bellec2018long,
  title={Long short-term memory and learning-to-learn in networks of spiking neurons},
  author={Bellec, Guillaume and Salaj, Darjan and Subramoney, Anand and Legenstein, Robert and Maass, Wolfgang},
  journal={Advances in neural information processing systems},
  volume={31},
  year={2018}
}

@inproceedings{bojkovic2024data,
  title={Data Driven Threshold and Potential Initialization for Spiking Neural Networks},
  author={Bojkovic, Velibor and Anumasa, Srinivas and De Masi, Giulia and Gu, Bin and Xiong, Huan},
  booktitle={International Conference on Artificial Intelligence and Statistics},
  pages={4771--4779},
  year={2024},
  organization={PMLR}
}

@article{bouvier2019spiking,
  title={Spiking neural networks hardware implementations and challenges: A survey},
  author={Bouvier, Maxence and Valentian, Alexandre and Mesquida, Thomas and Rummens, Francois and Reyboz, Marina and Vianello, Elisa and Beigne, Edith},
  journal={ACM Journal on Emerging Technologies in Computing Systems (JETC)},
  volume={15},
  number={2},
  pages={1--35},
  year={2019},
  publisher={ACM New York, NY, USA}
}

@inproceedings{carlini2022membership,
  title={Membership inference attacks from first principles},
  author={Carlini, Nicholas and Chien, Steve and Nasr, Milad and Song, Shuang and Terzis, Andreas and Tramer, Florian},
  booktitle={2022 IEEE Symposium on Security and Privacy (SP)},
  pages={1897--1914},
  year={2022},
  organization={IEEE}
}

@article{dampfhoffer2023backpropagation,
  title={Backpropagation-based learning techniques for deep spiking neural networks: A survey},
  author={Dampfhoffer, Manon and Mesquida, Thomas and Valentian, Alexandre and Anghel, Lorena},
  journal={IEEE Transactions on Neural Networks and Learning Systems},
  year={2023},
  publisher={IEEE}
}

@article{deng2022temporal,
  title={Temporal efficient training of spiking neural network via gradient re-weighting},
  author={Deng, Shikuang and Li, Yuhang and Zhang, Shanghang and Gu, Shi},
  journal={arXiv preprint arXiv:2202.11946},
  year={2022}
}

@inproceedings{el2021securing,
  title={Securing deep spiking neural networks against adversarial attacks through inherent structural parameters},
  author={El-Allami, Rida and Marchisio, Alberto and Shafique, Muhammad and Alouani, Ihsen},
  booktitle={2021 Design, Automation \& Test in Europe Conference \& Exhibition (DATE)},
  pages={774--779},
  year={2021},
  organization={IEEE}
}

@article{hu2022membership,
  title={Membership inference attacks on machine learning: A survey},
  author={Hu, Hongsheng and Salcic, Zoran and Sun, Lichao and Dobbie, Gillian and Yu, Philip S and Zhang, Xuyun},
  journal={ACM Computing Surveys (CSUR)},
  volume={54},
  number={11s},
  pages={1--37},
  year={2022},
  publisher={ACM New York, NY}
}

@article{hu2023defenses,
  title={Defenses to membership inference attacks: A survey},
  author={Hu, Li and Yan, Anli and Yan, Hongyang and Li, Jin and Huang, Teng and Zhang, Yingying and Dong, Changyu and Yang, Chunsheng},
  journal={ACM Computing Surveys},
  volume={56},
  number={4},
  pages={1--34},
  year={2023},
  publisher={ACM New York, NY}
}

@inproceedings{kim2022privatesnn,
  title={Privatesnn: privacy-preserving spiking neural networks},
  author={Kim, Youngeun and Venkatesha, Yeshwanth and Panda, Priyadarshini},
  booktitle={Proceedings of the AAAI Conference on Artificial Intelligence},
  volume={36},
  number={1},
  pages={1192--1200},
  year={2022}
}

@article{li2024membership,
  title={Membership Privacy Evaluation in Deep Spiking Neural Networks},
  author={Li, Jiaxin and Abad, Gorka and Picek, Stjepan and Conti, Mauro},
  journal={arXiv preprint arXiv:2409.19413},
  year={2024}
}

@inproceedings{meng2022training,
  title={Training high-performance low-latency spiking neural networks by differentiation on spike representation},
  author={Meng, Qingyan and Xiao, Mingqing and Yan, Shen and Wang, Yisen and Lin, Zhouchen and Luo, Zhi-Quan},
  booktitle={Proceedings of the IEEE/CVF conference on computer vision and pattern recognition},
  pages={12444--12453},
  year={2022}
}

@article{neftci2019surrogate,
  title={Surrogate gradient learning in spiking neural networks: Bringing the power of gradient-based optimization to spiking neural networks},
  author={Neftci, Emre O and Mostafa, Hesham and Zenke, Friedemann},
  journal={IEEE Signal Processing Magazine},
  volume={36},
  number={6},
  pages={51--63},
  year={2019},
  publisher={IEEE}
}

@article{nomura2022robustness,
  title={Robustness of spiking neural networks based on time-to-first-spike encoding against adversarial attacks},
  author={Nomura, Osamu and Sakemi, Yusuke and Hosomi, Takeo and Morie, Takashi},
  journal={IEEE Transactions on Circuits and Systems II: Express Briefs},
  volume={69},
  number={9},
  pages={3640--3644},
  year={2022},
  publisher={IEEE}
}

@article{salem2018ml,
  title={Ml-leaks: Model and data independent membership inference attacks and defenses on machine learning models},
  author={Salem, Ahmed and Zhang, Yang and Humbert, Mathias and Berrang, Pascal and Fritz, Mario and Backes, Michael},
  journal={arXiv preprint arXiv:1806.01246},
  year={2018}
}

@inproceedings{sharmin2019comprehensive,
  title={A comprehensive analysis on adversarial robustness of spiking neural networks},
  author={Sharmin, Saima and Panda, Priyadarshini and Sarwar, Syed Shakib and Lee, Chankyu and Ponghiran, Wachirawit and Roy, Kaushik},
  booktitle={2019 International Joint Conference on Neural Networks (IJCNN)},
  pages={1--8},
  year={2019},
  organization={IEEE}
}

@inproceedings{shokri2017membership,
  title={Membership inference attacks against machine learning models},
  author={Shokri, Reza and Stronati, Marco and Song, Congzheng and Shmatikov, Vitaly},
  booktitle={2017 IEEE symposium on security and privacy (SP)},
  pages={3--18},
  year={2017},
  organization={IEEE}
}

@inproceedings{yeom2018privacy,
  title={Privacy risk in machine learning: Analyzing the connection to overfitting},
  author={Yeom, Samuel and Giacomelli, Irene and Fredrikson, Matt and Jha, Somesh},
  booktitle={2018 IEEE 31st computer security foundations symposium (CSF)},
  pages={268--282},
  year={2018},
  organization={IEEE}
}

@inproceedings{zarifzadeh2024low,
  title={Low-Cost High-Power Membership Inference Attacks},
  author={Zarifzadeh, Sajjad and Liu, Philippe and Shokri, Reza},
  booktitle={Forty-first International Conference on Machine Learning},
  year={2024}
}

