@article{einstein,
author =       "Albert Einstein",
title =        "{Zur Elektrodynamik bewegter KÃ¶rper}",
journal =      "Annalen der Physik",
volume =       "322",
number =       "10",
pages =        "891--921",
year =         "1905"}

@book{latexcompanion,
author    = "Michel Goossens and Frank Mittelbach and Alexander Samarin",
title     = "The \LaTeX\ Companion",
year      = "1993",
publisher = "Addison-Wesley"}

@article{tavanaei2019deep,
  title={Deep learning in spiking neural networks},
  author={Tavanaei, Amirhossein and Ghodrati, Masoud and Kheradpisheh, Saeed Reza and Masquelier, Timoth{\'e}e and Maida, Anthony},
  journal={Neural networks},
  volume={111},
  pages={47--63},
  year={2019},
  publisher={Elsevier}
}

@article{yamazaki2022spiking,
  title={Spiking neural networks and their applications: A review},
  author={Yamazaki, Kashu and Vo-Ho, Viet-Khoa and Bulsara, Darshan and Le, Ngan},
  journal={Brain Sciences},
  volume={12},
  number={7},
  pages={863},
  year={2022},
  publisher={MDPI}
}

@article{bouvier2019spiking,
  title={Spiking neural networks hardware implementations and challenges: A survey},
  author={Bouvier, Maxence and Valentian, Alexandre and Mesquida, Thomas and Rummens, Francois and Reyboz, Marina and Vianello, Elisa and Beigne, Edith},
  journal={ACM Journal on Emerging Technologies in Computing Systems (JETC)},
  volume={15},
  number={2},
  pages={1--35},
  year={2019},
  publisher={ACM New York, NY, USA}
}

@article{khan2020survey,
  title={A survey of the recent architectures of deep convolutional neural networks},
  author={Khan, Asifullah and Sohail, Anabia and Zahoora, Umme and Qureshi, Aqsa Saeed},
  journal={Artificial intelligence review},
  volume={53},
  pages={5455--5516},
  year={2020},
  publisher={Springer}
}

@article{lin2022survey,
  title={A survey of transformers},
  author={Lin, Tianyang and Wang, Yuxin and Liu, Xiangyang and Qiu, Xipeng},
  journal={AI open},
  volume={3},
  pages={111--132},
  year={2022},
  publisher={Elsevier}
}

@article{sze2017efficient,
  title={Efficient processing of deep neural networks: A tutorial and survey},
  author={Sze, Vivienne and Chen, Yu-Hsin and Yang, Tien-Ju and Emer, Joel S},
  journal={Proceedings of the IEEE},
  volume={105},
  number={12},
  pages={2295--2329},
  year={2017},
  publisher={Ieee}
}

@article{rigaki2023survey,
  title={A survey of privacy attacks in machine learning},
  author={Rigaki, Maria and Garcia, Sebastian},
  journal={ACM Computing Surveys},
  volume={56},
  number={4},
  pages={1--34},
  year={2023},
  publisher={ACM New York, NY}
}

@article{liu2021machine,
  title={When machine learning meets privacy: A survey and outlook},
  author={Liu, Bo and Ding, Ming and Shaham, Sina and Rahayu, Wenny and Farokhi, Farhad and Lin, Zihuai},
  journal={ACM Computing Surveys (CSUR)},
  volume={54},
  number={2},
  pages={1--36},
  year={2021},
  publisher={ACM New York, NY, USA}
}

@article{jobin2019global,
  title={The global landscape of AI ethics guidelines},
  author={Jobin, Anna and Ienca, Marcello and Vayena, Effy},
  journal={Nature machine intelligence},
  volume={1},
  number={9},
  pages={389--399},
  year={2019},
  publisher={Nature Publishing Group UK London}
}


@article{maass1997networks,
  title={Networks of spiking neurons: the third generation of neural network models},
  author={Maass, Wolfgang},
  journal={Neural networks},
  volume={10},
  number={9},
  pages={1659--1671},
  year={1997},
  publisher={Elsevier}
}

@article{nomura2022robustness,
  title={Robustness of spiking neural networks based on time-to-first-spike encoding against adversarial attacks},
  author={Nomura, Osamu and Sakemi, Yusuke and Hosomi, Takeo and Morie, Takashi},
  journal={IEEE Transactions on Circuits and Systems II: Express Briefs},
  volume={69},
  number={9},
  pages={3640--3644},
  year={2022},
  publisher={IEEE}
}

@inproceedings{el2021securing,
  title={Securing deep spiking neural networks against adversarial attacks through inherent structural parameters},
  author={El-Allami, Rida and Marchisio, Alberto and Shafique, Muhammad and Alouani, Ihsen},
  booktitle={2021 Design, Automation \& Test in Europe Conference \& Exhibition (DATE)},
  pages={774--779},
  year={2021},
  organization={IEEE}
}

@inproceedings{yeom2018privacy,
  title={Privacy risk in machine learning: Analyzing the connection to overfitting},
  author={Yeom, Samuel and Giacomelli, Irene and Fredrikson, Matt and Jha, Somesh},
  booktitle={2018 IEEE 31st computer security foundations symposium (CSF)},
  pages={268--282},
  year={2018},
  organization={IEEE}
}

@article{salem2018ml,
  title={Ml-leaks: Model and data independent membership inference attacks and defenses on machine learning models},
  author={Salem, Ahmed and Zhang, Yang and Humbert, Mathias and Berrang, Pascal and Fritz, Mario and Backes, Michael},
  journal={arXiv preprint arXiv:1806.01246},
  year={2018}
}

@article{rueckauer2017conversion,
  title={Conversion of continuous-valued deep networks to efficient event-driven networks for image classification},
  author={Rueckauer, Bodo and Lungu, Iulia-Alexandra and Hu, Yuhuang and Pfeiffer, Michael and Liu, Shih-Chii},
  journal={Frontiers in neuroscience},
  volume={11},
  pages={682},
  year={2017},
  publisher={Frontiers Media SA}
}
@inproceedings{kim2020spiking,
  title={Spiking-yolo: spiking neural network for energy-efficient object detection},
  author={Kim, Seijoon and Park, Seongsik and Na, Byunggook and Yoon, Sungroh},
  booktitle={Proceedings of the AAAI conference on artificial intelligence},
  volume={34},
  number={07},
  pages={11270--11277},
  year={2020}
}
@article{nunes2022spiking,
  title={Spiking neural networks: A survey},
  author={Nunes, Joao D and Carvalho, Marcelo and Carneiro, Diogo and Cardoso, Jaime S},
  journal={IEEE Access},
  volume={10},
  pages={60738--60764},
  year={2022},
  publisher={IEEE}
}
@inproceedings{shokri2017membership,
  title={Membership inference attacks against machine learning models},
  author={Shokri, Reza and Stronati, Marco and Song, Congzheng and Shmatikov, Vitaly},
  booktitle={2017 IEEE symposium on security and privacy (SP)},
  pages={3--18},
  year={2017},
  organization={IEEE}
}
@article{hu2022membership,
  title={Membership inference attacks on machine learning: A survey},
  author={Hu, Hongsheng and Salcic, Zoran and Sun, Lichao and Dobbie, Gillian and Yu, Philip S and Zhang, Xuyun},
  journal={ACM Computing Surveys (CSUR)},
  volume={54},
  number={11s},
  pages={1--37},
  year={2022},
  publisher={ACM New York, NY}
}
@inproceedings{kim2022privatesnn,
  title={Privatesnn: privacy-preserving spiking neural networks},
  author={Kim, Youngeun and Venkatesha, Yeshwanth and Panda, Priyadarshini},
  booktitle={Proceedings of the AAAI Conference on Artificial Intelligence},
  volume={36},
  number={1},
  pages={1192--1200},
  year={2022}
}
@article{li2024membership,
  title={Membership Privacy Evaluation in Deep Spiking Neural Networks},
  author={Li, Jiaxin and Abad, Gorka and Picek, Stjepan and Conti, Mauro},
  journal={arXiv preprint arXiv:2409.19413},
  year={2024}
}
@article{diehl2015unsupervised,
  title={Unsupervised learning of digit recognition using spike-timing-dependent plasticity},
  author={Diehl, Peter U and Cook, Matthew},
  journal={Frontiers in computational neuroscience},
  volume={9},
  pages={99},
  year={2015},
  publisher={Frontiers Media SA}
}
@article{sengupta2019going,
  title={Going deeper in spiking neural networks: VGG and residual architectures},
  author={Sengupta, Abhronil and Ye, Yuting and Wang, Robert and Liu, Chiao and Roy, Kaushik},
  journal={Frontiers in neuroscience},
  volume={13},
  pages={95},
  year={2019},
  publisher={Frontiers Media SA}
}
@article{bu2023optimal,
  title={Optimal ANN-SNN conversion for high-accuracy and ultra-low-latency spiking neural networks},
  author={Bu, Tong and Fang, Wei and Ding, Jianhao and Dai, PengLin and Yu, Zhaofei and Huang, Tiejun},
  journal={arXiv preprint arXiv:2303.04347},
  year={2023}
}
@article{famili2023deep,
  title={Deep neural network quantization framework for effective defense against membership inference attacks},
  author={Famili, Azadeh and Lao, Yingjie},
  journal={Sensors},
  volume={23},
  number={18},
  pages={7722},
  year={2023},
  publisher={MDPI}
}

@article{kasabov2014neucube,
  title={NeuCube: A spiking neural network architecture for mapping, learning and understanding of spatio-temporal brain data},
  author={Kasabov, Nikola K},
  journal={Neural Networks},
  volume={52},
  pages={62--76},
  year={2014},
  publisher={Elsevier}
}
@article{yan2024reconsidering,
  title={Reconsidering the energy efficiency of spiking neural networks},
  author={Yan, Zhanglu and Bai, Zhenyu and Wong, Weng-Fai},
  journal={arXiv preprint arXiv:2409.08290},
  year={2024}
}
@inproceedings{nagarajan2022analysis,
  title={Analysis of power-oriented fault injection attacks on spiking neural networks},
  author={Nagarajan, Karthikeyan and Li, Junde and Ensan, Sina Sayyah and Khan, Mohammad Nasim Imtiaz and Kannan, Sachhidh and Ghosh, Swaroop},
  booktitle={2022 Design, Automation \& Test in Europe Conference \& Exhibition (DATE)},
  pages={861--866},
  year={2022},
  organization={IEEE}
}

@inproceedings{zarifzadeh2024low,
  title={Low-Cost High-Power Membership Inference Attacks},
  author={Zarifzadeh, Sajjad and Liu, Philippe and Shokri, Reza},
  booktitle={Forty-first International Conference on Machine Learning},
  year={2024}
}


@inproceedings{carlini2022membership,
  title={Membership inference attacks from first principles},
  author={Carlini, Nicholas and Chien, Steve and Nasr, Milad and Song, Shuang and Terzis, Andreas and Tramer, Florian},
  booktitle={2022 IEEE Symposium on Security and Privacy (SP)},
  pages={1897--1914},
  year={2022},
  organization={IEEE}
}


@inproceedings{gal2016dropout,
  title={Dropout as a bayesian approximation: Representing model uncertainty in deep learning},
  author={Gal, Yarin and Ghahramani, Zoubin},
  booktitle={international conference on machine learning},
  pages={1050--1059},
  year={2016},
  organization={PMLR}
}

@inproceedings{kundu2024recent,
  title={Recent Advances in Scalable Energy-Efficient and Trustworthy Spiking Neural Networks: from Algorithms to Technology},
  author={Kundu, Souvik and Zhu, Rui-Jie and Jaiswal, Akhilesh and Beerel, Peter A},
  booktitle={ICASSP 2024-2024 IEEE International Conference on Acoustics, Speech and Signal Processing (ICASSP)},
  pages={13256--13260},
  year={2024},
  organization={IEEE}
}
@article{neftci2019surrogate,
  title={Surrogate gradient learning in spiking neural networks: Bringing the power of gradient-based optimization to spiking neural networks},
  author={Neftci, Emre O and Mostafa, Hesham and Zenke, Friedemann},
  journal={IEEE Signal Processing Magazine},
  volume={36},
  number={6},
  pages={51--63},
  year={2019},
  publisher={IEEE}
}
@article{bellec2018long,
  title={Long short-term memory and learning-to-learn in networks of spiking neurons},
  author={Bellec, Guillaume and Salaj, Darjan and Subramoney, Anand and Legenstein, Robert and Maass, Wolfgang},
  journal={Advances in neural information processing systems},
  volume={31},
  year={2018}
}
@inproceedings{li2021membership,
  title={Membership inference attacks and defenses in classification models},
  author={Li, Jiacheng and Li, Ninghui and Ribeiro, Bruno},
  booktitle={Proceedings of the Eleventh ACM Conference on Data and Application Security and Privacy},
  pages={5--16},
  year={2021}
}
@inproceedings{nasr2018machine,
  title={Machine learning with membership privacy using adversarial regularization},
  author={Nasr, Milad and Shokri, Reza and Houmansadr, Amir},
  booktitle={Proceedings of the 2018 ACM SIGSAC conference on computer and communications security},
  pages={634--646},
  year={2018}
}
@article{liang2021exploring,
  title={Exploring adversarial attack in spiking neural networks with spike-compatible gradient},
  author={Liang, Ling and Hu, Xing and Deng, Lei and Wu, Yujie and Li, Guoqi and Ding, Yufei and Li, Peng and Xie, Yuan},
  journal={IEEE transactions on neural networks and learning systems},
  volume={34},
  number={5},
  pages={2569--2583},
  year={2021},
  publisher={IEEE}
}
@article{deng2022temporal,
  title={Temporal efficient training of spiking neural network via gradient re-weighting},
  author={Deng, Shikuang and Li, Yuhang and Zhang, Shanghang and Gu, Shi},
  journal={arXiv preprint arXiv:2202.11946},
  year={2022}
}
@inproceedings{bojkovic2024data,
  title={Data Driven Threshold and Potential Initialization for Spiking Neural Networks},
  author={Bojkovic, Velibor and Anumasa, Srinivas and De Masi, Giulia and Gu, Bin and Xiong, Huan},
  booktitle={International Conference on Artificial Intelligence and Statistics},
  pages={4771--4779},
  year={2024},
  organization={PMLR}
}
@inproceedings{abadi2016deep,
  title={Deep learning with differential privacy},
  author={Abadi, Martin and Chu, Andy and Goodfellow, Ian and McMahan, H Brendan and Mironov, Ilya and Talwar, Kunal and Zhang, Li},
  booktitle={Proceedings of the 2016 ACM SIGSAC conference on computer and communications security},
  pages={308--318},
  year={2016}
}
@inproceedings{li2024mist,
  title={$\{$MIST$\}$: Defending against membership inference attacks through $\{$Membership-Invariant$\}$ subspace training},
  author={Li, Jiacheng and Li, Ninghui and Ribeiro, Bruno},
  booktitle={33rd USENIX Security Symposium (USENIX Security 24)},
  pages={2387--2404},
  year={2024}
}
@inproceedings{tang2022mitigating,
  title={Mitigating membership inference attacks by $\{$Self-Distillation$\}$ through a novel ensemble architecture},
  author={Tang, Xinyu and Mahloujifar, Saeed and Song, Liwei and Shejwalkar, Virat and Nasr, Milad and Houmansadr, Amir and Mittal, Prateek},
  booktitle={31st USENIX Security Symposium (USENIX Security 22)},
  pages={1433--1450},
  year={2022}
}
@article{fang2024center,
  title={Center-Based Relaxed Learning Against Membership Inference Attacks},
  author={Fang, Xingli and Kim, Jung-Eun},
  journal={arXiv preprint arXiv:2404.17674},
  year={2024}
}

@inproceedings{yuan2022membership,
  title={Membership inference attacks and defenses in neural network pruning},
  author={Yuan, Xiaoyong and Zhang, Lan},
  booktitle={31st USENIX Security Symposium (USENIX Security 22)},
  pages={4561--4578},
  year={2022}
}
@article{galichin2024glira,
  title={GLiRA: Black-Box Membership Inference Attack via Knowledge Distillation},
  author={Galichin, Andrey V and Pautov, Mikhail and Zhavoronkin, Alexey and Rogov, Oleg Y and Oseledets, Ivan},
  journal={arXiv preprint arXiv:2405.07562},
  year={2024}
}

@article{hendrycks2016baseline,
  title={A baseline for detecting misclassified and out-of-distribution examples in neural networks},
  author={Hendrycks, Dan and Gimpel, Kevin},
  journal={arXiv preprint arXiv:1610.02136},
  year={2016}
}

@article{collier2020analysis,
  title={Analysis of Softmax Approximation for Deep Classifiers under Input-Dependent Label Noise},
  author={Collier, Mark Patrick and Mustafa, Basil and Kokiopoulou, Effrosyni and Berent, Jesse},
  journal={CoRR},
  year={2020}
}

@article{kendall2017uncertainties,
  title={What uncertainties do we need in bayesian deep learning for computer vision?},
  author={Kendall, Alex and Gal, Yarin},
  journal={Advances in neural information processing systems},
  volume={30},
  year={2017}
}

@inproceedings{meng2022training,
  title={Training high-performance low-latency spiking neural networks by differentiation on spike representation},
  author={Meng, Qingyan and Xiao, Mingqing and Yan, Shen and Wang, Yisen and Lin, Zhouchen and Luo, Zhi-Quan},
  booktitle={Proceedings of the IEEE/CVF conference on computer vision and pattern recognition},
  pages={12444--12453},
  year={2022}
}

@article{dampfhoffer2023backpropagation,
  title={Backpropagation-based learning techniques for deep spiking neural networks: A survey},
  author={Dampfhoffer, Manon and Mesquida, Thomas and Valentian, Alexandre and Anghel, Lorena},
  journal={IEEE Transactions on Neural Networks and Learning Systems},
  year={2023},
  publisher={IEEE}
}

@article{almomani2019comparative,
  title={A comparative study on spiking neural network encoding schema: implemented with cloud computing},
  author={Almomani, Ammar and Alauthman, Mohammad and Alweshah, Mohammed and Dorgham, Osama and Albalas, Firas},
  journal={Cluster Computing},
  volume={22},
  pages={419--433},
  year={2019},
  publisher={Springer}
}

@article{wang2023comparison,
  title={Comparison and Selection of Spike Encoding Algorithms for SNN on FPGA},
  author={Wang, Kuanchuan and Hao, Xinyu and Wang, Jiang and Deng, Bin},
  journal={IEEE Transactions on Biomedical Circuits and Systems},
  volume={17},
  number={1},
  pages={129--141},
  year={2023},
  publisher={IEEE}
}

@article{rathi2020enabling,
  title={Enabling deep spiking neural networks with hybrid conversion and spike timing dependent backpropagation},
  author={Rathi, Nitin and Srinivasan, Gopalakrishnan and Panda, Priyadarshini and Roy, Kaushik},
  journal={arXiv preprint arXiv:2005.01807},
  year={2020}
}

@article{hinton2012improving,
  title={Improving neural networks by preventing co-adaptation of feature detectors},
  author={Hinton, GE},
  journal={arXiv preprint arXiv:1207.0580},
  year={2012}
}

@article{
lahlou2023deup,
title={{DEUP}: Direct Epistemic Uncertainty Prediction},
author={Salem Lahlou and Moksh Jain and Hadi Nekoei and Victor I Butoi and Paul Bertin and Jarrid Rector-Brooks and Maksym Korablyov and Yoshua Bengio},
journal={Transactions on Machine Learning Research},
issn={2835-8856},
year={2023},
url={https://openreview.net/forum?id=eGLdVRvvfQ},
note={Expert Certification}
}

@article{krizhevsky2009learning,
  title={Learning multiple layers of features from tiny images},
  author={Krizhevsky, Alex and Hinton, Geoffrey and others},
  year={2009},
  publisher={Toronto, ON, Canada}
}

@article{mukhoty2023direct,
  title={Direct training of snn using local zeroth order method},
  author={Mukhoty, Bhaskar and Bojkovic, Velibor and de Vazelhes, William and Zhao, Xiaohan and De Masi, Giulia and Xiong, Huan and Gu, Bin},
  journal={Advances in Neural Information Processing Systems},
  volume={36},
  pages={18994--19014},
  year={2023}
}

@article{der2009aleatory,
  title={Aleatory or epistemic? Does it matter?},
  author={Der Kiureghian, Armen and Ditlevsen, Ove},
  journal={Structural safety},
  volume={31},
  number={2},
  pages={105--112},
  year={2009},
  publisher={Elsevier}
}

@article{hu2023defenses,
  title={Defenses to membership inference attacks: A survey},
  author={Hu, Li and Yan, Anli and Yan, Hongyang and Li, Jin and Huang, Teng and Zhang, Yingying and Dong, Changyu and Yang, Chunsheng},
  journal={ACM Computing Surveys},
  volume={56},
  number={4},
  pages={1--34},
  year={2023},
  publisher={ACM New York, NY}
}

@inproceedings{nguyen2022out,
  title={Out of distribution data detection using dropout bayesian neural networks},
  author={Nguyen, Andre T and Lu, Fred and Munoz, Gary Lopez and Raff, Edward and Nicholas, Charles and Holt, James},
  booktitle={Proceedings of the AAAI Conference on Artificial Intelligence},
  volume={36},
  number={7},
  year={2022}
}


@inproceedings{sun2023efficient,
  title={Efficient Uncertainty Estimation in Spiking Neural Networks via MC-dropout},
  author={Sun, Tao and Yin, Bojian and Boht{\'e}, Sander},
  booktitle={International Conference on Artificial Neural Networks},
  pages={393--406},
  year={2023},
  organization={Springer}
}

@inproceedings{ye2022enhanced,
  title={Enhanced membership inference attacks against machine learning models},
  author={Ye, Jiayuan and Maddi, Aadyaa and Murakonda, Sasi Kumar and Bindschaedler, Vincent and Shokri, Reza},
  booktitle={Proceedings of the 2022 ACM SIGSAC Conference on Computer and Communications Security},
  pages={3093--3106},
  year={2022}
}

@inproceedings{sharmin2019comprehensive,
  title={A comprehensive analysis on adversarial robustness of spiking neural networks},
  author={Sharmin, Saima and Panda, Priyadarshini and Sarwar, Syed Shakib and Lee, Chankyu and Ponghiran, Wachirawit and Roy, Kaushik},
  booktitle={2019 International Joint Conference on Neural Networks (IJCNN)},
  pages={1--8},
  year={2019},
  organization={IEEE}
}
@article{liu2022ultralow,
  title={Ultralow power always-on intelligent and connected SNN-based system for multimedia IoT-enabled applications},
  author={Liu, Qi and Zhang, Zhixuan},
  journal={IEEE Internet of Things Journal},
  volume={9},
  number={17},
  pages={15570--15577},
  year={2022},
  publisher={IEEE}
}

@article{syed2021exploring,
  title={Exploring optimized spiking neural network architectures for classification tasks on embedded platforms},
  author={Syed, Tehreem and Kakani, Vijay and Cui, Xuenan and Kim, Hakil},
  journal={Sensors},
  volume={21},
  number={9},
  pages={3240},
  year={2021},
  publisher={MDPI}
}

@article{yao2024spike,
  title={Spike-based dynamic computing with asynchronous sensing-computing neuromorphic chip},
  author={Yao, Man and Richter, Ole and Zhao, Guangshe and Qiao, Ning and Xing, Yannan and Wang, Dingheng and Hu, Tianxiang and Fang, Wei and Demirci, Tugba and De Marchi, Michele and others},
  journal={Nature Communications},
  volume={15},
  number={1},
  pages={4464},
  year={2024},
  publisher={Nature Publishing Group UK London}
}

@article{minhas2024continual,
  title={Continual Learning with Neuromorphic Computing: Theories, Methods, and Applications},
  author={Minhas, Mishal Fatima and Putra, Rachmad Vidya Wicaksana and Awwad, Falah and Hasan, Osman and Shafique, Muhammad},
  journal={arXiv preprint arXiv:2410.09218},
  year={2024}
}

@article{stan2024learning,
  title={Learning long sequences in spiking neural networks},
  author={Stan, Matei-Ioan and Rhodes, Oliver},
  journal={Scientific Reports},
  volume={14},
  number={1},
  pages={21957},
  year={2024},
  publisher={Nature Publishing Group UK London}
}

@article{baek2024snn,
  title={Snn and sound: a comprehensive review of spiking neural networks in sound},
  author={Baek, Suwhan and Lee, Jaewon},
  journal={Biomedical Engineering Letters},
  volume={14},
  number={5},
  pages={981--991},
  year={2024},
  publisher={Springer}
}

@article{wang2023brain,
  title={Brain-Inspired Spiking Neural Networks for Industrial Fault Diagnosis: A Survey, Challenges, and Opportunities},
  author={Wang, Huan and Li, Yan-Fu and Gryllias, Konstantinos},
  journal={arXiv preprint arXiv:2401.02429},
  year={2023}
}

@article{zhou2023fast,
  title={Fast and accurate SNN model strengthening for industrial applications},
  author={Zhou, Deming and Chen, Weitong and Chen, Kongyang and Mi, Bing},
  journal={Electronics},
  volume={12},
  number={18},
  pages={3845},
  year={2023},
  publisher={MDPI}
}

@article{brown2020language,
  title={Language models are few-shot learners},
  author={Brown, Tom and Mann, Benjamin and Ryder, Nick and Subbiah, Melanie and Kaplan, Jared D and Dhariwal, Prafulla and Neelakantan, Arvind and Shyam, Pranav and Sastry, Girish and Askell, Amanda and others},
  journal={Advances in neural information processing systems},
  volume={33},
  pages={1877--1901},
  year={2020}
}

@article{vaswani2017attention,
  title={Attention is all you need},
  author={Vaswani, A},
  journal={Advances in Neural Information Processing Systems},
  year={2017}
}

@article{hussaini2024applications,
  title={Applications of spiking neural networks in visual place recognition},
  author={Hussaini, Somayeh and Milford, Michael and Fischer, Tobias},
  journal={IEEE Transactions on Robotics},
  year={2024},
  publisher={IEEE}
}

@article{chu2022neuromorphic,
  title={A neuromorphic processing system with spike-driven SNN processor for wearable ECG classification},
  author={Chu, Haoming and Yan, Yulong and Gan, Leijing and Jia, Hao and Qian, Liyu and Huan, Yuxiang and Zheng, Lirong and Zou, Zhuo},
  journal={IEEE Transactions on Biomedical Circuits and Systems},
  volume={16},
  number={4},
  pages={511--523},
  year={2022},
  publisher={IEEE}
}

@incollection{bos2023sub,
  title={Sub-mw neuromorphic snn audio processing applications with rockpool and xylo},
  author={Bos, Hannah and Muir, Dylan},
  booktitle={Embedded Artificial Intelligence},
  pages={69--78},
  year={2023},
  publisher={River Publishers}
}

@inproceedings{he2016deep,
  title={Deep residual learning for image recognition},
  author={He, Kaiming and Zhang, Xiangyu and Ren, Shaoqing and Sun, Jian},
  booktitle={Proceedings of the IEEE conference on computer vision and pattern recognition},
  pages={770--778},
  year={2016}
}