@article{li2024inference,
  title={Inference-time intervention: Eliciting truthful answers from a language model},
  author={Li, Kenneth and Patel, Oam and Vi{\'e}gas, Fernanda and Pfister, Hanspeter and Wattenberg, Martin},
  journal={Advances in Neural Information Processing Systems},
  volume={36},
  year={2024}
}
@article{rimsky2023steering,
  title={Steering llama 2 via contrastive activation addition},
  author={Rimsky, Nina and Gabrieli, Nick and Schulz, Julian and Tong, Meg and Hubinger, Evan and Turner, Alexander Matt},
  journal={arXiv preprint arXiv:2312.06681},
  year={2023}
}
@misc{perez2022discovering,
  doi = {10.48550/ARXIV.2212.09251},
  url = {https://arxiv.org/abs/2212.09251},
  author = {Perez, Ethan and Ringer, Sam and Lukošiūtė, Kamilė and Nguyen, Karina and Chen, Edwin and Heiner, Scott and Pettit, Craig and Olsson, Catherine and Kundu, Sandipan and Kadavath, Saurav and Jones, Andy and Chen, Anna and Mann, Ben and Israel, Brian and Seethor, Bryan and McKinnon, Cameron and Olah, Christopher and Yan, Da and Amodei, Daniela and Amodei, Dario and Drain, Dawn and Li, Dustin and Tran-Johnson, Eli and Khundadze, Guro and Kernion, Jackson and Landis, James and Kerr, Jamie and Mueller, Jared and Hyun, Jeeyoon and Landau, Joshua and Ndousse, Kamal and Goldberg, Landon and Lovitt, Liane and Lucas, Martin and Sellitto, Michael and Zhang, Miranda and Kingsland, Neerav and Elhage, Nelson and Joseph, Nicholas and Mercado, Noemí and DasSarma, Nova and Rausch, Oliver and Larson, Robin and McCandlish, Sam and Johnston, Scott and Kravec, Shauna and {El Showk}, Sheer and Lanham, Tamera and Telleen-Lawton, Timothy and Brown, Tom and Henighan, Tom and Hume, Tristan and Bai, Yuntao and Hatfield-Dodds, Zac and Clark, Jack and Bowman, Samuel R. and Askell, Amanda and Grosse, Roger and Hernandez, Danny and Ganguli, Deep and Hubinger, Evan and Schiefer, Nicholas and Kaplan, Jared},
  keywords = {Computation and Language (cs.CL), Artificial Intelligence (cs.AI), Machine Learning (cs.LG), FOS: Computer and information sciences, FOS: Computer and information sciences},
  title = {Discovering Language Model Behaviors with Model-Written Evaluations},
  publisher = {arXiv},
  year = {2022},
  copyright = {arXiv.org perpetual, non-exclusive license}
}
@article{vaswani2017attention,
  title={Attention is all you need},
  author={Vaswani, Ashish and Shazeer, Noam and Parmar, Niki and Uszkoreit, Jakob and Jones, Llion and Gomez, Aidan N and Kaiser, {\L}ukasz and Polosukhin, Illia},
  journal={Advances in neural information processing systems},
  volume={30},
  year={2017}
}
@misc{arditi2024refusal,
    author = {Andy Arditi and Oscar Balcells Obeso and Aaquib111 and Wes Gurnee and Neel Nanda},
    title = {Refusal in LLMs is Mediated by a Single Direction},
    year = {2024},
    howpublished = {\url{https://www.alignmentforum.org/posts/jGuXSZgv6qfdhMCuJ/refusal-in-llms-is-mediated-by-a-single-direction}},
    note = {Accessed: 2024-05-21}
}
@article{gopal2023will,
  title={Will releasing the weights of large language models grant widespread access to pandemic agents?},
  author={Gopal, Anjali and Helm-Burger, Nathan and Justen, Lenni and Soice, Emily H and Tzeng, Tiffany and Jeyapragasan, Geetha and Grimm, Simon and Mueller, Benjamin and Esvelt, Kevin M},
  journal={arXiv preprint arXiv:2310.18233},
  year={2023}
}
@article{lermen2023lora,
  title={Lora fine-tuning efficiently undoes safety training in llama 2-chat 70b},
  author={Lermen, Simon and Rogers-Smith, Charlie and Ladish, Jeffrey},
  journal={arXiv preprint arXiv:2310.20624},
  year={2023}
}
@article{jorgensen2023improving,
  title={Improving activation steering in language models with mean-centring},
  author={Jorgensen, Ole and Cope, Dylan and Schoots, Nandi and Shanahan, Murray},
  journal={arXiv preprint arXiv:2312.03813},
  year={2023}
}
@article{turner2023activation,
  title={Activation addition: Steering language models without optimization},
  author={Turner, Alex and Thiergart, Lisa and Udell, David and Leech, Gavin and Mini, Ulisse and MacDiarmid, Monte},
  journal={arXiv preprint arXiv:2308.10248},
  year={2023}
}
@article{marks2023geometry,
  title={The geometry of truth: Emergent linear structure in large language model representations of true/false datasets},
  author={Marks, Samuel and Tegmark, Max},
  journal={arXiv preprint arXiv:2310.06824},
  year={2023}
}
@article{xu2024uncovering,
  title={Uncovering Safety Risks in Open-source LLMs through Concept Activation Vector},
  author={Xu, Zhihao and Huang, Ruixuan and Wang, Xiting and Wu, Fangzhao and Yao, Jing and Xie, Xing},
  journal={arXiv preprint arXiv:2404.12038},
  year={2024}
}
@article{van2024extending,
  title={Extending Activation Steering to Broad Skills and Multiple Behaviours},
  author={van der Weij, Teun and Poesio, Massimo and Schoots, Nandi},
  journal={arXiv preprint arXiv:2403.05767},
  year={2024}
}
@inproceedings{Koo2024apr,
    author = {Koo, Junghyun and Wichern, Gordon and Germain, François G and Khurana, Sameer and Le Roux, Jonathan},
    title = {Understanding and Controlling Generative Music Transformers by Probing Individual Attention Heads},
    booktitle = {IEEE ICASSP Satellite Workshop on Explainable Machine Learning for Speech and Audio (XAI-SA)},
    year = 2024,
    month = apr,
    url = {https://www.merl.com/publications/TR2024-032}
    }
@article{qiu2024spectral,
  title={Spectral Editing of Activations for Large Language Model Alignment},
  author={Qiu, Yifu and Zhao, Zheng and Ziser, Yftah and Korhonen, Anna and Ponti, Edoardo M and Cohen, Shay B},
  journal={arXiv preprint arXiv:2405.09719},
  year={2024}
}
@article{wang2024llms,
  title={LLMs in the Imaginarium: tool learning through simulated trial and error},
  author={Wang, Boshi and Fang, Hao and Eisner, Jason and Van Durme, Benjamin and Su, Yu},
  journal={arXiv preprint arXiv:2403.04746},
  year={2024}
}
@article{llama3modelcard,
title={Llama 3 Model Card},
author={AI@Meta},
year={2024},
url = {https://github.com/meta-llama/llama3/blob/main/MODEL_CARD.md}
}
@inproceedings{rt22023arxiv,
    title={RT-2: Vision-Language-Action Models Transfer Web Knowledge to Robotic Control},
    author={Anthony Brohan and Noah Brown and Justice Carbajal and Yevgen Chebotar and Xi Chen and Krzysztof Choromanski and Tianli Ding and Danny Driess and Avinava Dubey and Chelsea Finn and Pete Florence and Chuyuan Fu and Montse Gonzalez Arenas and Keerthana Gopalakrishnan and Kehang Han and Karol Hausman and Alex Herzog and Jasmine Hsu and Brian Ichter and Alex Irpan and Nikhil Joshi and Ryan Julian and Dmitry Kalashnikov and Yuheng Kuang and Isabel Leal  and Lisa Lee and Tsang-Wei Edward Lee and Sergey Levine and Yao Lu and Henryk Michalewski and Igor Mordatch and Karl Pertsch and Kanishka Rao and Krista Reymann and Michael Ryoo and Grecia Salazar and Pannag Sanketi and Pierre Sermanet and Jaspiar Singh and Anikait Singh and Radu Soricut and Huong Tran and Vincent Vanhoucke and Quan Vuong and Ayzaan Wahid and Stefan Welker and Paul Wohlhart and  Jialin Wu and Fei Xia and Ted Xiao and Peng Xu and Sichun Xu and Tianhe Yu and Brianna Zitkovich},
    booktitle={arXiv preprint arXiv:2307.15818},
    year={2023}
}

@misc{mehdi2024copilot,
  author = {Yusuf Mehdi},
  title = {Introducing Copilot PCs},
  year = {2024},
  url = {https://blogs.microsoft.com/blog/2024/05/20/introducing-copilot-pcs/},
  note = {Accessed: 2024-05-22}
}

@misc{chiang2024chatbot,
    title={Chatbot Arena: An Open Platform for Evaluating LLMs by Human Preference},
    author={Wei-Lin Chiang and Lianmin Zheng and Ying Sheng and Anastasios Nikolas Angelopoulos and Tianle Li and Dacheng Li and Hao Zhang and Banghua Zhu and Michael Jordan and Joseph E. Gonzalez and Ion Stoica},
    year={2024},
    eprint={2403.04132},
    archivePrefix={arXiv},
    primaryClass={cs.AI}
}