
@online{bruker,
  title = {https://www.brucker.com},
}

@article{yan2023combining,
  title={Combining GAN with reverse correlation to construct personalized facial expressions},
  author={Yan, Sen and Soladi{\'e}, Catherine and Aucouturier, Jean-Julien and Seguier, Renaud},
  journal={Plos one},
  volume={18},
  number={8},
  pages={e0290612},
  year={2023},
  publisher={Public Library of Science San Francisco, CA USA}
}
@inproceedings{ganimation,
  title={Ganimation: Anatomically-aware facial animation from a single image},
  author={Pumarola, Albert and Agudo, Antonio and Martinez, Aleix M and Sanfeliu, Alberto and Moreno-Noguer, Francesc},
  booktitle={Proceedings of the European conference on computer vision (ECCV)},
  pages={818--833},
  year={2018}
}
@article{zhan2024fast,
  title={Fast Pure Shift NMR Spectroscopy Using Attention-Assisted Deep Neural Network},
  author={Zhan, Haolin and Liu, Jiawei and Fang, Qiyuan and Chen, Xinyu and Ni, Yang and Zhou, Lingling},
  journal={Advanced Science},
  pages={2309810},
  year={2024},
  publisher={Wiley Online Library}
}

@article{zheng2022fast,
  title={Fast acquisition of high-quality nuclear magnetic resonance pure shift spectroscopy via a deep neural network},
  author={Zheng, Xiaoxu and Yang, Zhengxian and Yang, Chuang and Shi, Xiaoqi and Luo, Yao and Luo, Jie and Zeng, Qing and Lin, Yanqin and Chen, Zhong},
  journal={The Journal of Physical Chemistry Letters},
  volume={13},
  number={9},
  pages={2101--2106},
  year={2022},
  publisher={ACS Publications}
}

@article{qu2020accelerated,
  title={Accelerated nuclear magnetic resonance spectroscopy with deep learning},
  author={Qu, Xiaobo and Huang, Yihui and Lu, Hengfa and Qiu, Tianyu and Guo, Di and Agback, Tatiana and Orekhov, Vladislav and Chen, Zhong},
  journal={Angewandte Chemie},
  volume={132},
  number={26},
  pages={10383--10386},
  year={2020},
  publisher={Wiley Online Library}
}
@inproceedings{stargan,
  title={Stargan: Unified generative adversarial networks for multi-domain image-to-image translation},
  author={Choi, Yunjey and Choi, Minje and Kim, Munyoung and Ha, Jung-Woo and Kim, Sunghun and Choo, Jaegul},
  booktitle={Proceedings of the IEEE conference on computer vision and pattern recognition},
  pages={8789--8797},
  year={2018}
}

@inproceedings{karras2019style,
  title={A style-based generator architecture for generative adversarial networks},
  author={Karras, Tero and Laine, Samuli and Aila, Timo},
  booktitle={Proceedings of the IEEE/CVF Conference on Computer Vision and Pattern Recognition},
  pages={4401--4410},
  year={2019}
}

@inproceedings{imga,
  title={Exploring Mental Prototypes by an Efficient Interdisciplinary Approach: Interactive Microbial Genetic Algorithm},
  author={Yan, Sen and Soladi{\'e}, Catherine and Seguier, Renaud},
  booktitle={2023 IEEE 17th International Conference on Automatic Face and Gesture Recognition (FG)},
  pages={1--8},
  year={2023},
  organization={IEEE}
}

@article{gan,
  title={Generative adversarial networks},
  author={Goodfellow, Ian and Pouget-Abadie, Jean and Mirza, Mehdi and Xu, Bing and Warde-Farley, David and Ozair, Sherjil and Courville, Aaron and Bengio, Yoshua},
  journal={Communications of the ACM},
  volume={63},
  number={11},
  pages={139--144},
  year={2020},
  publisher={ACM New York, NY, USA}
}
@article{vae,
  title={Auto-encoding variational bayes},
  author={Kingma, Diederik P},
  journal={arXiv preprint arXiv:1312.6114},
  year={2013}
}
@article{bert,
  title={Bert: Pre-training of deep bidirectional transformers for language understanding},
  author={Devlin, Jacob},
  journal={arXiv preprint arXiv:1810.04805},
  year={2018}
}

@article{van2016wavenet,
  title={Wavenet: A generative model for raw audio},
  author={Van Den Oord, Aaron and Dieleman, Sander and Zen, Heiga and Simonyan, Karen and Vinyals, Oriol and Graves, Alex and Kalchbrenner, Nal and Senior, Andrew and Kavukcuoglu, Koray and others},
  journal={arXiv preprint arXiv:1609.03499},
  volume={12},
  year={2016}
}
@article{touvron2023llama,
  title={Llama: Open and efficient foundation language models},
  author={Touvron, Hugo and Lavril, Thibaut and Izacard, Gautier and Martinet, Xavier and Lachaux, Marie-Anne and Lacroix, Timoth{\'e}e and Rozi{\`e}re, Baptiste and Goyal, Naman and Hambro, Eric and Azhar, Faisal and others},
  journal={arXiv preprint arXiv:2302.13971},
  year={2023}
}

@article{gpt,
  title={Improving language understanding by generative pre-training},
  author={Radford, Alec},
  year={2018}
}
@article{ddpm,
  title={Denoising diffusion probabilistic models},
  author={Ho, Jonathan and Jain, Ajay and Abbeel, Pieter},
  journal={Advances in neural information processing systems},
  volume={33},
  pages={6840--6851},
  year={2020}
}
@article{artina,
  title={Rapid protein assignments and structures from raw NMR spectra with the deep learning technique ARTINA},
  author={Klukowski, Piotr and Riek, Roland and G{\"u}ntert, Peter},
  journal={Nature Communications},
  volume={13},
  number={1},
  pages={6151},
  year={2022},
  publisher={Nature Publishing Group UK London}
}
@article{dtw1,
  title={Dynamic time warping},
  author={M{\"u}ller, Meinard},
  journal={Information retrieval for music and motion},
  pages={69--84},
  year={2007},
  publisher={Springer}
}
@book{gunther2013nmr,
  title={NMR spectroscopy: basic principles, concepts and applications in chemistry},
  author={G{\"u}nther, Harald},
  year={2013},
  publisher={John Wiley \& Sons}
}
@article{haouas2016recent,
  title={Recent advances in application of 27Al NMR spectroscopy to materials science},
  author={Haouas, Mohamed and Taulelle, Francis and Martineau, Charlotte},
  journal={Progress in nuclear magnetic resonance spectroscopy},
  volume={94},
  pages={11--36},
  year={2016},
  publisher={Elsevier}
}
@book{jardetzky2013nmr,
  title={NMR in molecular biology},
  author={Jardetzky, Oleg and Roberts, Gordon Carl Kenmure},
  year={2013},
  publisher={Academic Press}
}
@article{marion2013introduction,
  title={An introduction to biological NMR spectroscopy},
  author={Marion, Dominique},
  journal={Molecular \& Cellular Proteomics},
  volume={12},
  number={11},
  pages={3006--3025},
  year={2013},
  publisher={ASBMB}
}
@article{duus2000carbohydrate,
  title={Carbohydrate structural determination by NMR spectroscopy: modern methods and limitations},
  author={Duus, Jens {\O} and Gotfredsen, Charlotte H and Bock, Klaus},
  journal={Chemical reviews},
  volume={100},
  number={12},
  pages={4589--4614},
  year={2000},
  publisher={ACS Publications}
}
@book{brown2011mri,
  title={MRI: basic principles and applications},
  author={Brown, Mark A and Semelka, Richard C},
  year={2011},
  publisher={John Wiley \& Sons}
}
@book{becker1999high,
  title={High resolution NMR: theory and chemical applications},
  author={Becker, Edwin D},
  year={1999},
  publisher={Elsevier}
}
@article{blumich2019low,
  title={Low-field and benchtop NMR},
  author={Bl{\"u}mich, Bernhard},
  journal={Journal of Magnetic Resonance},
  volume={306},
  pages={27--35},
  year={2019},
  publisher={Elsevier}
}
@article{park2003super,
  title={Super-resolution image reconstruction: a technical overview},
  author={Park, Sung Cheol and Park, Min Kyu and Kang, Moon Gi},
  journal={IEEE signal processing magazine},
  volume={20},
  number={3},
  pages={21--36},
  year={2003},
  publisher={IEEE}
}
@article{moser2024diffusion,
  title={Diffusion models, image super-resolution and everything: A survey},
  author={Moser, Brian B and Shanbhag, Arundhati S and Raue, Federico and Frolov, Stanislav and Palacio, Sebastian and Dengel, Andreas},
  journal={arXiv preprint arXiv:2401.00736},
  year={2024}
}
@article{dalle2,
  title={Hierarchical text-conditional image generation with clip latents},
  author={Ramesh, Aditya and Dhariwal, Prafulla and Nichol, Alex and Chu, Casey and Chen, Mark},
  journal={arXiv preprint arXiv:2204.06125},
  volume={1},
  number={2},
  pages={3},
  year={2022}
}
@inproceedings{ldm,
  title={High-resolution image synthesis with latent diffusion models},
  author={Rombach, Robin and Blattmann, Andreas and Lorenz, Dominik and Esser, Patrick and Ommer, Bj{\"o}rn},
  booktitle={Proceedings of the IEEE/CVF conference on computer vision and pattern recognition},
  pages={10684--10695},
  year={2022}
}
@article{glide,
  title={Glide: Towards photorealistic image generation and editing with text-guided diffusion models},
  author={Nichol, Alex and Dhariwal, Prafulla and Ramesh, Aditya and Shyam, Pranav and Mishkin, Pamela and McGrew, Bob and Sutskever, Ilya and Chen, Mark},
  journal={arXiv preprint arXiv:2112.10741},
  year={2021}
}
@article{diffusion-audio,
  title={Diffwave: A versatile diffusion model for audio synthesis},
  author={Kong, Zhifeng and Ping, Wei and Huang, Jiaji and Zhao, Kexin and Catanzaro, Bryan},
  journal={arXiv preprint arXiv:2009.09761},
  year={2020}
}
@inproceedings{repaint,
  title={Repaint: Inpainting using denoising diffusion probabilistic models},
  author={Lugmayr, Andreas and Danelljan, Martin and Romero, Andres and Yu, Fisher and Timofte, Radu and Van Gool, Luc},
  booktitle={Proceedings of the IEEE/CVF conference on computer vision and pattern recognition},
  pages={11461--11471},
  year={2022}
}
@article{vaswani2017attention,
  title={Attention is all you need},
  author={Vaswani, A},
  journal={Advances in Neural Information Processing Systems},
  year={2017}
}

@article{ho2022cascaded,
  title={Cascaded diffusion models for high fidelity image generation},
  author={Ho, Jonathan and Saharia, Chitwan and Chan, William and Fleet, David J and Norouzi, Mohammad and Salimans, Tim},
  journal={Journal of Machine Learning Research},
  volume={23},
  number={47},
  pages={1--33},
  year={2022}
}
@article{dhariwal2021diffusion,
  title={Diffusion models beat gans on image synthesis},
  author={Dhariwal, Prafulla and Nichol, Alexander},
  journal={Advances in neural information processing systems},
  volume={34},
  pages={8780--8794},
  year={2021}
}
@article{srdiff,
  title={Srdiff: Single image super-resolution with diffusion probabilistic models},
  author={Li, Haoying and Yang, Yifan and Chang, Meng and Chen, Shiqi and Feng, Huajun and Xu, Zhihai and Li, Qi and Chen, Yueting},
  journal={Neurocomputing},
  volume={479},
  pages={47--59},
  year={2022},
  publisher={Elsevier}
}
@article{sr3,
  title={Image super-resolution via iterative refinement},
  author={Saharia, Chitwan and Ho, Jonathan and Chan, William and Salimans, Tim and Fleet, David J and Norouzi, Mohammad},
  journal={IEEE transactions on pattern analysis and machine intelligence},
  volume={45},
  number={4},
  pages={4713--4726},
  year={2022},
  publisher={IEEE}
}
@inproceedings{clip,
  title={Learning transferable visual models from natural language supervision},
  author={Radford, Alec and Kim, Jong Wook and Hallacy, Chris and Ramesh, Aditya and Goh, Gabriel and Agarwal, Sandhini and Sastry, Girish and Askell, Amanda and Mishkin, Pamela and Clark, Jack and others},
  booktitle={International conference on machine learning},
  pages={8748--8763},
  year={2021},
  organization={PMLR}
}
@article{luo2023image,
  title={Image restoration with mean-reverting stochastic differential equations},
  author={Luo, Ziwei and Gustafsson, Fredrik K and Zhao, Zheng and Sj{\"o}lund, Jens and Sch{\"o}n, Thomas B},
  journal={arXiv preprint arXiv:2301.11699},
  year={2023}
}
@article{chen2024hierarchical,
  title={Hierarchical integration diffusion model for realistic image deblurring},
  author={Chen, Zheng and Zhang, Yulun and Liu, Ding and Gu, Jinjin and Kong, Linghe and Yuan, Xin and others},
  journal={Advances in neural information processing systems},
  volume={36},
  year={2024}
}
@article{wenchel2024super,
  title={Super-resolution NMR spectroscopy},
  author={Wenchel, Luca and Gampp, Olivia and Riek, Roland},
  journal={Journal of Magnetic Resonance},
  volume={366},
  pages={107746},
  year={2024},
  publisher={Elsevier}
}
@article{saharia2022image,
  title={Image super-resolution via iterative refinement},
  author={Saharia, Chitwan and Ho, Jonathan and Chan, William and Salimans, Tim and Fleet, David J and Norouzi, Mohammad},
  journal={IEEE transactions on pattern analysis and machine intelligence},
  volume={45},
  number={4},
  pages={4713--4726},
  year={2022},
  publisher={IEEE}
}
@inproceedings{unet,
  title={U-net: Convolutional networks for biomedical image segmentation},
  author={Ronneberger, Olaf and Fischer, Philipp and Brox, Thomas},
  booktitle={Medical image computing and computer-assisted intervention--MICCAI 2015: 18th international conference, Munich, Germany, October 5-9, 2015, proceedings, part III 18},
  pages={234--241},
  year={2015},
  organization={Springer}
}
@article{AttentionUnet,
  title={Attention u-net: Learning where to look for the pancreas},
  author={Oktay, Ozan and Schlemper, Jo and Folgoc, Loic Le and Lee, Matthew and Heinrich, Mattias and Misawa, Kazunari and Mori, Kensaku and McDonagh, Steven and Hammerla, Nils Y and Kainz, Bernhard and others},
  journal={arXiv preprint arXiv:1804.03999},
  year={2018}
}

@article{laion,
  title={Laion-400m: Open dataset of clip-filtered 400 million image-text pairs},
  author={Schuhmann, Christoph and Vencu, Richard and Beaumont, Romain and Kaczmarczyk, Robert and Mullis, Clayton and Katta, Aarush and Coombes, Theo and Jitsev, Jenia and Komatsuzaki, Aran},
  journal={arXiv preprint arXiv:2111.02114},
  year={2021}
}

@article{karunanithy2021fid,
  title={FID-Net: A versatile deep neural network architecture for NMR spectral reconstruction and virtual decoupling},
  author={Karunanithy, Gogulan and Hansen, D Flemming},
  journal={Journal of biomolecular NMR},
  volume={75},
  number={4},
  pages={179--191},
  year={2021},
  publisher={Springer}
}

@article{vetterli2002sampling,
  title={Sampling signals with finite rate of innovation},
  author={Vetterli, Martin and Marziliano, Pina and Blu, Thierry},
  journal={IEEE transactions on Signal Processing},
  volume={50},
  number={6},
  pages={1417--1428},
  year={2002},
  publisher={IEEE}
}
@article{mulleti2017super,
  title={Super-resolved nuclear magnetic resonance spectroscopy},
  author={Mulleti, Satish and Singh, Amrinder and Brahmkhatri, Varsha P and Chandra, Kousik and Raza, Tahseen and Mukherjee, Sulakshana P and Seelamantula, Chandra Sekhar and Atreya, Hanudatta S},
  journal={Scientific reports},
  volume={7},
  number={1},
  pages={9651},
  year={2017},
  publisher={Nature Publishing Group UK London}
}
@article{dtw,
  title={Dynamic time warping and geometric edit distance: Breaking the quadratic barrier},
  author={Gold, Omer and Sharir, Micha},
  journal={ACM Transactions On Algorithms (TALG)},
  volume={14},
  number={4},
  pages={1--17},
  year={2018},
  publisher={ACM New York, NY, USA}
}
@article{pdb,
  title={Announcing the worldwide protein data bank},
  author={Berman, Helen and Henrick, Kim and Nakamura, Haruki},
  journal={Nature structural \& molecular biology},
  volume={10},
  number={12},
  pages={980--980},
  year={2003},
  publisher={Nature Publishing Group US New York}
}