@article{Charikar2024QuantifyingTG,
  title={Quantifying the Gain in Weak-to-Strong Generalization},
  author={Charikar, Moses and Pabbaraju, Chirag and Shiragur, Kirankumar},
  journal={arXiv preprint arXiv:2405.15116},
  year={2024}
}

@article{aghajanyan2020intrinsic,
  title={Intrinsic dimensionality explains the effectiveness of language model fine-tuning},
  author={Aghajanyan, Armen and Zettlemoyer, Luke and Gupta, Sonal},
  journal={arXiv preprint arXiv:2012.13255},
  year={2020}
}

@article{amari2020does,
  title={When does preconditioning help or hurt generalization?},
  author={Amari, Shun-ichi and Ba, Jimmy and Grosse, Roger and Li, Xuechen and Nitanda, Atsushi and Suzuki, Taiji and Wu, Denny and Xu, Ji},
  journal={arXiv preprint arXiv:2006.10732},
  year={2020}
}

@article{bahri2024explaining,
  title={Explaining neural scaling laws},
  author={Bahri, Yasaman and Dyer, Ethan and Kaplan, Jared and Lee, Jaehoon and Sharma, Utkarsh},
  journal={Proceedings of the National Academy of Sciences},
  volume={121},
  number={27},
  pages={e2311878121},
  year={2024},
  publisher={National Academy of Sciences}
}

@article{bartlett2020benign,
  title={Benign overfitting in linear regression},
  author={Bartlett, Peter L and Long, Philip M and Lugosi, G{\'a}bor and Tsigler, Alexander},
  journal={Proceedings of the National Academy of Sciences},
  volume={117},
  number={48},
  pages={30063--30070},
  year={2020},
  publisher={National Acad Sciences}
}

@article{bengio2013representation,
  title={Representation learning: A review and new perspectives},
  author={Bengio, Yoshua and Courville, Aaron and Vincent, Pascal},
  journal={IEEE transactions on pattern analysis and machine intelligence},
  volume={35},
  number={8},
  pages={1798--1828},
  year={2013},
  publisher={IEEE}
}

@article{burns2023weak,
  title={Weak-to-strong generalization: Eliciting strong capabilities with weak supervision},
  author={Burns, Collin and Izmailov, Pavel and Kirchner, Jan Hendrik and Baker, Bowen and Gao, Leo and Aschenbrenner, Leopold and Chen, Yining and Ecoffet, Adrien and Joglekar, Manas and Leike, Jan and others},
  journal={arXiv preprint arXiv:2312.09390},
  year={2023}
}

@inproceedings{cai2021theory,
  title={A theory of label propagation for subpopulation shift},
  author={Cai, Tianle and Gao, Ruiqi and Lee, Jason and Lei, Qi},
  booktitle={International Conference on Machine Learning},
  pages={1170--1182},
  year={2021},
  organization={PMLR}
}

@article{guo2024improvingweaktostronggeneralizationreliabilityaware,
  title={Improving weak-to-strong generalization with reliability-aware alignment},
  author={Guo, Yue and Yang, Yi},
  journal={arXiv preprint arXiv:2406.19032},
  year={2024}
}

@article{guo2024visionsuperalignmentweaktostronggeneralization,
  title={Vision superalignment: Weak-to-strong generalization for vision foundation models},
  author={Guo, Jianyuan and Chen, Hanting and Wang, Chengcheng and Han, Kai and Xu, Chang and Wang, Yunhe},
  journal={arXiv preprint arXiv:2402.03749},
  year={2024}
}

@article{ildiz2024high,
  title={High-dimensional Analysis of Knowledge Distillation: Weak-to-Strong Generalization and Scaling Laws},
  author={Ildiz, M Emrullah and Gozeten, Halil Alperen and Taga, Ege Onur and Mondelli, Marco and Oymak, Samet},
  journal={arXiv preprint arXiv:2410.18837},
  year={2024}
}

@inproceedings{johnson1984extensions,
  title={Extensions of Lipshitz mapping into Hilbert space},
  author={Johnson, William B},
  booktitle={Conference modern analysis and probability, 1984},
  pages={189--206},
  year={1984}
}

@article{lang2024theoretical,
  title={Theoretical Analysis of Weak-to-Strong Generalization},
  author={Lang, Hunter and Sontag, David and Vijayaraghavan, Aravindan},
  journal={arXiv preprint arXiv:2405.16043},
  year={2024}
}

@article{li2018measuring,
  title={Measuring the intrinsic dimension of objective landscapes},
  author={Li, Chunyuan and Farkhoor, Heerad and Liu, Rosanne and Yosinski, Jason},
  journal={arXiv preprint arXiv:1804.08838},
  year={2018}
}

@article{li2024superfilteringweaktostrongdatafiltering,
  title={Superfiltering: Weak-to-strong data filtering for fast instruction-tuning},
  author={Li, Ming and Zhang, Yong and He, Shwai and Li, Zhitao and Zhao, Hongyu and Wang, Jianzong and Cheng, Ning and Zhou, Tianyi},
  journal={arXiv preprint arXiv:2402.00530},
  year={2024}
}

@article{liu2024cosupervisedlearningimprovingweaktostrong,
  title={Co-supervised learning: Improving weak-to-strong generalization with hierarchical mixture of experts},
  author={Liu, Yuejiang and Alahi, Alexandre},
  journal={arXiv preprint arXiv:2402.15505},
  year={2024}
}

@article{muthukumar2021classification,
  title={Classification vs regression in overparameterized regimes: Does the loss function matter?},
  author={Muthukumar, Vidya and Narang, Adhyyan and Subramanian, Vignesh and Belkin, Mikhail and Hsu, Daniel and Sahai, Anant},
  journal={Journal of Machine Learning Research},
  volume={22},
  number={222},
  pages={1--69},
  year={2021}
}

@article{shin2024weak,
  title={Weak-to-Strong Generalization Through the Data-Centric Lens},
  author={Shin, Changho and Cooper, John and Sala, Frederic},
  journal={arXiv preprint arXiv:2412.03881},
  year={2024}
}

@article{somerstep2024statistical,
  title={A statistical framework for weak-to-strong generalization},
  author={Somerstep, Seamus and Polo, Felipe Maia and Banerjee, Moulinath and Ritov, Ya'acov and Yurochkin, Mikhail and Sun, Yuekai},
  journal={arXiv preprint arXiv:2405.16236},
  year={2024}
}

@article{spigler2020asymptotic,
  title={Asymptotic learning curves of kernel methods: empirical data versus teacher--student paradigm},
  author={Spigler, Stefano and Geiger, Mario and Wyart, Matthieu},
  journal={Journal of Statistical Mechanics: Theory and Experiment},
  volume={2020},
  number={12},
  pages={124001},
  year={2020},
  publisher={IOP Publishing}
}

@article{sun2024easytohardgeneralizationscalablealignment,
  title={Easy-to-hard generalization: Scalable alignment beyond human supervision},
  author={Sun, Zhiqing and Yu, Longhui and Shen, Yikang and Liu, Weiyang and Yang, Yiming and Welleck, Sean and Gan, Chuang},
  journal={arXiv preprint arXiv:2403.09472},
  year={2024}
}

@article{tenenbaum2000global,
  title={A global geometric framework for nonlinear dimensionality reduction},
  author={Tenenbaum, Joshua B and Silva, Vin de and Langford, John C},
  journal={science},
  volume={290},
  number={5500},
  pages={2319--2323},
  year={2000},
  publisher={American Association for the Advancement of Science}
}

@article{udell2019big,
  title={Why are big data matrices approximately low rank?},
  author={Udell, Madeleine and Townsend, Alex},
  journal={SIAM Journal on Mathematics of Data Science},
  volume={1},
  number={1},
  pages={144--160},
  year={2019},
  publisher={SIAM}
}

@article{van2008visualizing,
  title={Visualizing data using t-SNE.},
  author={Van der Maaten, Laurens and Hinton, Geoffrey},
  journal={Journal of machine learning research},
  volume={9},
  number={11},
  year={2008}
}

@article{wei2020theoretical,
  title={Theoretical analysis of self-training with deep networks on unlabeled data},
  author={Wei, Colin and Shen, Kendrick and Chen, Yining and Ma, Tengyu},
  journal={arXiv preprint arXiv:2010.03622},
  year={2020}
}

@article{wu2024provable,
  title={Provable weak-to-strong generalization via benign overfitting},
  author={Wu, David X and Sahai, Anant},
  journal={arXiv preprint arXiv:2410.04638},
  year={2024}
}

@inproceedings{yang2020rethinking,
  title={Rethinking bias-variance trade-off for generalization of neural networks},
  author={Yang, Zitong and Yu, Yaodong and You, Chong and Steinhardt, Jacob and Ma, Yi},
  booktitle={International Conference on Machine Learning},
  pages={10767--10777},
  year={2020},
  organization={PMLR}
}

@article{yang2024superficialalignmentstrongmodelsdeceive,
  title={Super (ficial)-alignment: Strong models may deceive weak models in weak-to-strong generalization},
  author={Yang, Wenkai and Shen, Shiqi and Shen, Guangyao and Yao, Wei and Liu, Yong and Gong, Zhi and Lin, Yankai and Wen, Ji-Rong},
  journal={arXiv preprint arXiv:2406.11431},
  year={2024}
}

@article{yang2024weaktostrongreasoning,
  title={Weak-to-strong reasoning},
  author={Yang, Yuqing and Ma, Yan and Liu, Pengfei},
  journal={arXiv preprint arXiv:2407.13647},
  year={2024}
}

