@book{vershynin2018high,
  title={High-dimensional probability: An introduction with applications in data science},
  author={Vershynin, Roman},
  volume={47},
  year={2018},
  publisher={Cambridge university press}
}

@article{wishart1928generalised,
  title={The generalised product moment distribution in samples from a normal multivariate population},
  author={Wishart, John},
  journal={Biometrika},
  pages={32--52},
  year={1928},
  publisher={JSTOR}
}

@book{mardia2024multivariate,
  title={Multivariate analysis},
  author={Mardia, Kanti V and Kent, John T and Taylor, Charles C},
  volume={88},
  year={2024},
  publisher={John Wiley \& Sons}
}

@article{arjovsky2019invariant,
  title={Invariant risk minimization},
  author={Arjovsky, Martin and Bottou, L{\'e}on and Gulrajani, Ishaan and Lopez-Paz, David},
  journal={arXiv preprint arXiv:1907.02893},
  year={2019}
}

@article{burns2023weak,
  title={Weak-to-strong generalization: Eliciting strong capabilities with weak supervision},
  author={Burns, Collin and Izmailov, Pavel and Kirchner, Jan Hendrik and Baker, Bowen and Gao, Leo and Aschenbrenner, Leopold and Chen, Yining and Ecoffet, Adrien and Joglekar, Manas and Leike, Jan and others},
  journal={arXiv preprint arXiv:2312.09390},
  year={2023}
}

@article{vershynin2010introduction,
  title={Introduction to the non-asymptotic analysis of random matrices},
  author={Vershynin, Roman},
  journal={arXiv preprint arXiv:1011.3027},
  year={2010}
}

@inproceedings{wei2022more,
  title={More than a toy: Random matrix models predict how real-world neural representations generalize},
  author={Wei, Alexander and Hu, Wei and Steinhardt, Jacob},
  booktitle={International Conference on Machine Learning},
  pages={23549--23588},
  year={2022},
  organization={PMLR}
}

@inproceedings{yang2020rethinking,
  title={Rethinking bias-variance trade-off for generalization of neural networks},
  author={Yang, Zitong and Yu, Yaodong and You, Chong and Steinhardt, Jacob and Ma, Yi},
  booktitle={International Conference on Machine Learning},
  pages={10767--10777},
  year={2020},
  organization={PMLR}
}

@article{amari2020does,
  title={When does preconditioning help or hurt generalization?},
  author={Amari, Shun-ichi and Ba, Jimmy and Grosse, Roger and Li, Xuechen and Nitanda, Atsushi and Suzuki, Taiji and Wu, Denny and Xu, Ji},
  journal={arXiv preprint arXiv:2006.10732},
  year={2020}
}

@article{shin2024weak,
  title={Weak-to-Strong Generalization Through the Data-Centric Lens},
  author={Shin, Changho and Cooper, John and Sala, Frederic},
  journal={arXiv preprint arXiv:2412.03881},
  year={2024}
}

@article{somerstep2024statistical,
  title={A statistical framework for weak-to-strong generalization},
  author={Somerstep, Seamus and Polo, Felipe Maia and Banerjee, Moulinath and Ritov, Ya'acov and Yurochkin, Mikhail and Sun, Yuekai},
  journal={arXiv preprint arXiv:2405.16236},
  year={2024}
}

@article{lang2024theoretical,
  title={Theoretical Analysis of Weak-to-Strong Generalization},
  author={Lang, Hunter and Sontag, David and Vijayaraghavan, Aravindan},
  journal={arXiv preprint arXiv:2405.16043},
  year={2024}
}

@article{ildiz2024high,
  title={High-dimensional Analysis of Knowledge Distillation: Weak-to-Strong Generalization and Scaling Laws},
  author={Ildiz, M Emrullah and Gozeten, Halil Alperen and Taga, Ege Onur and Mondelli, Marco and Oymak, Samet},
  journal={arXiv preprint arXiv:2410.18837},
  year={2024}
}

@article{wu2024provable,
  title={Provable weak-to-strong generalization via benign overfitting},
  author={Wu, David X and Sahai, Anant},
  journal={arXiv preprint arXiv:2410.04638},
  year={2024}
}

@article{pareek2024understanding,
  title={Understanding the gains from repeated self-distillation},
  author={Pareek, Divyansh and Du, Simon S and Oh, Sewoong},
  journal={arXiv preprint arXiv:2407.04600},
  year={2024}
}

@article{aghajanyan2020intrinsic,
  title={Intrinsic dimensionality explains the effectiveness of language model fine-tuning},
  author={Aghajanyan, Armen and Zettlemoyer, Luke and Gupta, Sonal},
  journal={arXiv preprint arXiv:2012.13255},
  year={2020}
}

@article{li2018measuring,
  title={Measuring the intrinsic dimension of objective landscapes},
  author={Li, Chunyuan and Farkhoor, Heerad and Liu, Rosanne and Yosinski, Jason},
  journal={arXiv preprint arXiv:1804.08838},
  year={2018}
}

@article{dong2024cluster,
  title={Cluster-aware semi-supervised learning: relational knowledge distillation provably learns clustering},
  author={Dong, Yijun and Miller, Kevin and Lei, Qi and Ward, Rachel},
  journal={Advances in Neural Information Processing Systems},
  volume={36},
  year={2024}
}

@article{jacot2018neural,
  title={Neural tangent kernel: Convergence and generalization in neural networks},
  author={Jacot, Arthur and Gabriel, Franck and Hongler, Cl{\'e}ment},
  journal={Advances in neural information processing systems},
  volume={31},
  year={2018}
}

@inproceedings{malladi2023kernel,
  title={A kernel-based view of language model fine-tuning},
  author={Malladi, Sadhika and Wettig, Alexander and Yu, Dingli and Chen, Danqi and Arora, Sanjeev},
  booktitle={International Conference on Machine Learning},
  pages={23610--23641},
  year={2023},
  organization={PMLR}
}

@inproceedings{woodworth2020kernel,
  title={Kernel and rich regimes in overparametrized models},
  author={Woodworth, Blake and Gunasekar, Suriya and Lee, Jason D and Moroshko, Edward and Savarese, Pedro and Golan, Itay and Soudry, Daniel and Srebro, Nathan},
  booktitle={Conference on Learning Theory},
  pages={3635--3673},
  year={2020},
  organization={PMLR}
}

@article{guo2024visionsuperalignmentweaktostronggeneralization,
  title={Vision superalignment: Weak-to-strong generalization for vision foundation models},
  author={Guo, Jianyuan and Chen, Hanting and Wang, Chengcheng and Han, Kai and Xu, Chang and Wang, Yunhe},
  journal={arXiv preprint arXiv:2402.03749},
  year={2024}
}

@article{liu2024cosupervisedlearningimprovingweaktostrong,
  title={Co-supervised learning: Improving weak-to-strong generalization with hierarchical mixture of experts},
  author={Liu, Yuejiang and Alahi, Alexandre},
  journal={arXiv preprint arXiv:2402.15505},
  year={2024}
}

@article{li2024superfilteringweaktostrongdatafiltering,
  title={Superfiltering: Weak-to-strong data filtering for fast instruction-tuning},
  author={Li, Ming and Zhang, Yong and He, Shwai and Li, Zhitao and Zhao, Hongyu and Wang, Jianzong and Cheng, Ning and Zhou, Tianyi},
  journal={arXiv preprint arXiv:2402.00530},
  year={2024}
}

@article{sun2024easytohardgeneralizationscalablealignment,
  title={Easy-to-hard generalization: Scalable alignment beyond human supervision},
  author={Sun, Zhiqing and Yu, Longhui and Shen, Yikang and Liu, Weiyang and Yang, Yiming and Welleck, Sean and Gan, Chuang},
  journal={arXiv preprint arXiv:2403.09472},
  year={2024}
}

@article{yang2024superficialalignmentstrongmodelsdeceive,
  title={Super (ficial)-alignment: Strong models may deceive weak models in weak-to-strong generalization},
  author={Yang, Wenkai and Shen, Shiqi and Shen, Guangyao and Yao, Wei and Liu, Yong and Gong, Zhi and Lin, Yankai and Wen, Ji-Rong},
  journal={arXiv preprint arXiv:2406.11431},
  year={2024}
}

@article{guo2024improvingweaktostronggeneralizationreliabilityaware,
  title={Improving weak-to-strong generalization with reliability-aware alignment},
  author={Guo, Yue and Yang, Yi},
  journal={arXiv preprint arXiv:2406.19032},
  year={2024}
}

@article{yang2024weaktostrongreasoning,
  title={Weak-to-strong reasoning},
  author={Yang, Yuqing and Ma, Yan and Liu, Pengfei},
  journal={arXiv preprint arXiv:2407.13647},
  year={2024}
}

@article{Charikar2024QuantifyingTG,
  title={Quantifying the Gain in Weak-to-Strong Generalization},
  author={Charikar, Moses and Pabbaraju, Chirag and Shiragur, Kirankumar},
  journal={arXiv preprint arXiv:2405.15116},
  year={2024}
}

@article{hinton2015distilling,
  title={Distilling the Knowledge in a Neural Network},
  author={Hinton, Geoffrey},
  journal={arXiv preprint arXiv:1503.02531},
  year={2015}
}

@inproceedings{lee2013pseudo,
  title={Pseudo-label: The simple and efficient semi-supervised learning method for deep neural networks},
  author={Lee, Dong-Hyun and others},
  booktitle={Workshop on challenges in representation learning, ICML},
  volume={3},
  number={2},
  pages={896},
  year={2013},
  organization={Atlanta}
}

@inproceedings{arazo2020pseudo,
  title={Pseudo-labeling and confirmation bias in deep semi-supervised learning},
  author={Arazo, Eric and Ortego, Diego and Albert, Paul and Oâ€™Connor, Noel E and McGuinness, Kevin},
  booktitle={2020 International joint conference on neural networks (IJCNN)},
  pages={1--8},
  year={2020},
  organization={IEEE}
}

@inproceedings{blum1998combining,
  title={Combining labeled and unlabeled data with co-training},
  author={Blum, Avrim and Mitchell, Tom},
  booktitle={Proceedings of the eleventh annual conference on Computational learning theory},
  pages={92--100},
  year={1998}
}

@article{scudder1965probability,
  title={Probability of error of some adaptive pattern-recognition machines},
  author={Scudder, Henry},
  journal={IEEE Transactions on Information Theory},
  volume={11},
  number={3},
  pages={363--371},
  year={1965},
  publisher={IEEE}
}

@article{wang2022self,
  title={Self-instruct: Aligning language models with self-generated instructions},
  author={Wang, Yizhong and Kordi, Yeganeh and Mishra, Swaroop and Liu, Alisa and Smith, Noah A and Khashabi, Daniel and Hajishirzi, Hannaneh},
  journal={arXiv preprint arXiv:2212.10560},
  year={2022}
}

@article{gunasekar2023textbooks,
  title={Textbooks are all you need},
  author={Gunasekar, Suriya and Zhang, Yi and Aneja, Jyoti and Mendes, Caio C{\'e}sar Teodoro and Del Giorno, Allie and Gopi, Sivakanth and Javaheripi, Mojan and Kauffmann, Piero and de Rosa, Gustavo and Saarikivi, Olli and others},
  journal={arXiv preprint arXiv:2306.11644},
  year={2023}
}

@inproceedings{zhang2019your,
  title={Be your own teacher: Improve the performance of convolutional neural networks via self distillation},
  author={Zhang, Linfeng and Song, Jiebo and Gao, Anni and Chen, Jingwei and Bao, Chenglong and Ma, Kaisheng},
  booktitle={Proceedings of the IEEE/CVF international conference on computer vision},
  pages={3713--3722},
  year={2019}
}

@article{zhang2021self,
  title={Self-distillation: Towards efficient and compact neural networks},
  author={Zhang, Linfeng and Bao, Chenglong and Ma, Kaisheng},
  journal={IEEE Transactions on Pattern Analysis and Machine Intelligence},
  volume={44},
  number={8},
  pages={4388--4403},
  year={2021},
  publisher={IEEE}
}

@book{golub2013matrix,
  title={Matrix computations},
  author={Golub, Gene H and Van Loan, Charles F},
  year={2013},
  publisher={JHU press}
}

@article{bjorck1973numerical,
  title={Numerical methods for computing angles between linear subspaces},
  author={Bj{\"o}rck, Ake and Golub, Gene H},
  journal={Mathematics of computation},
  volume={27},
  number={123},
  pages={579--594},
  year={1973}
}

@article{dong2024efficient,
  title={Efficient bounds and estimates for canonical angles in randomized subspace approximations},
  author={Dong, Yijun and Martinsson, Per-Gunnar and Nakatsukasa, Yuji},
  journal={SIAM Journal on Matrix Analysis and Applications},
  volume={45},
  number={4},
  pages={1978--2006},
  year={2024},
  publisher={SIAM}
}

@inproceedings{he2015deepresiduallearningimage,
  title={Deep residual learning for image recognition},
  author={He, Kaiming and Zhang, Xiangyu and Ren, Shaoqing and Sun, Jian},
  booktitle={Proceedings of the IEEE conference on computer vision and pattern recognition},
  pages={770--778},
  year={2016}
}

@article{MNIST,
  title={Gradient-based learning applied to document recognition},
  author={LeCun, Yann and Bottou, L{\'e}on and Bengio, Yoshua and Haffner, Patrick},
  journal={Proceedings of the IEEE},
  volume={86},
  number={11},
  pages={2278--2324},
  year={1998},
  publisher={Ieee}
}

@misc{oquab2023dinov2,
  title={DINOv2: Learning Robust Visual Features without Supervision},
  author={Oquab, Maxime and Darcet, TimothÃ©e and Moutakanni, Theo and Vo, Huy V. and Szafraniec, Marc and Khalidov, Vasil and Fernandez, Pierre and Haziza, Daniel and Massa, Francisco and El-Nouby, Alaaeldin and Howes, Russell and Huang, Po-Yao and Xu, Hu and Sharma, Vasu and Li, Shang-Wen and Galuba, Wojciech and Rabbat, Mike and Assran, Mido and Ballas, Nicolas and Synnaeve, Gabriel and Misra, Ishan and Jegou, Herve and Mairal, Julien and Labatut, Patrick and Joulin, Armand and Bojanowski, Piotr},
  journal={arXiv:2304.07193},
  year={2023}
}

@misc{wu2020visual,
      title={Visual Transformers: Token-based Image Representation and Processing for Computer Vision}, 
      author={Bichen Wu and Chenfeng Xu and Xiaoliang Dai and Alvin Wan and Peizhao Zhang and Zhicheng Yan and Masayoshi Tomizuka and Joseph Gonzalez and Kurt Keutzer and Peter Vajda},
      year={2020},
      eprint={2006.03677},
      archivePrefix={arXiv},
      primaryClass={cs.CV}
}

@article{xia2024less,
  title={Less: Selecting influential data for targeted instruction tuning},
  author={Xia, Mengzhou and Malladi, Sadhika and Gururangan, Suchin and Arora, Sanjeev and Chen, Danqi},
  journal={arXiv preprint arXiv:2402.04333},
  year={2024}
}

@article{dong2024sketchy,
  title={Sketchy Moment Matching: Toward Fast and Provable Data Selection for Finetuning},
  author={Dong, Yijun and Phan, Hoang and Pan, Xiang and Lei, Qi},
  journal={arXiv preprint arXiv:2407.06120},
  year={2024}
}

@article{udell2019big,
  title={Why are big data matrices approximately low rank?},
  author={Udell, Madeleine and Townsend, Alex},
  journal={SIAM Journal on Mathematics of Data Science},
  volume={1},
  number={1},
  pages={144--160},
  year={2019},
  publisher={SIAM}
}

@article{tenenbaum2000global,
  title={A global geometric framework for nonlinear dimensionality reduction},
  author={Tenenbaum, Joshua B and Silva, Vin de and Langford, John C},
  journal={science},
  volume={290},
  number={5500},
  pages={2319--2323},
  year={2000},
  publisher={American Association for the Advancement of Science}
}

@article{van2008visualizing,
  title={Visualizing data using t-SNE.},
  author={Van der Maaten, Laurens and Hinton, Geoffrey},
  journal={Journal of machine learning research},
  volume={9},
  number={11},
  year={2008}
}

@article{bengio2013representation,
  title={Representation learning: A review and new perspectives},
  author={Bengio, Yoshua and Courville, Aaron and Vincent, Pascal},
  journal={IEEE transactions on pattern analysis and machine intelligence},
  volume={35},
  number={8},
  pages={1798--1828},
  year={2013},
  publisher={IEEE}
}

@inproceedings{johnson1984extensions,
  title={Extensions of Lipshitz mapping into Hilbert space},
  author={Johnson, William B},
  booktitle={Conference modern analysis and probability, 1984},
  pages={189--206},
  year={1984}
}

@inproceedings{zhang2017age,
  title={Age progression/regression by conditional adversarial autoencoder},
  author={Zhang, Zhifei and Song, Yang and Qi, Hairong},
  booktitle={Proceedings of the IEEE conference on computer vision and pattern recognition},
  pages={5810--5818},
  year={2017}
}

@inproceedings{radford2021learning,
  title={Learning transferable visual models from natural language supervision},
  author={Radford, Alec and Kim, Jong Wook and Hallacy, Chris and Ramesh, Aditya and Goh, Gabriel and Agarwal, Sandhini and Sastry, Girish and Askell, Amanda and Mishkin, Pamela and Clark, Jack and others},
  booktitle={International conference on machine learning},
  pages={8748--8763},
  year={2021},
  organization={PMLR}
}

@article{wei2020theoretical,
  title={Theoretical analysis of self-training with deep networks on unlabeled data},
  author={Wei, Colin and Shen, Kendrick and Chen, Yining and Ma, Tengyu},
  journal={arXiv preprint arXiv:2010.03622},
  year={2020}
}

@inproceedings{cai2021theory,
  title={A theory of label propagation for subpopulation shift},
  author={Cai, Tianle and Gao, Ruiqi and Lee, Jason and Lei, Qi},
  booktitle={International Conference on Machine Learning},
  pages={1170--1182},
  year={2021},
  organization={PMLR}
}

@article{bartlett2020benign,
  title={Benign overfitting in linear regression},
  author={Bartlett, Peter L and Long, Philip M and Lugosi, G{\'a}bor and Tsigler, Alexander},
  journal={Proceedings of the National Academy of Sciences},
  volume={117},
  number={48},
  pages={30063--30070},
  year={2020},
  publisher={National Acad Sciences}
}

@article{muthukumar2021classification,
  title={Classification vs regression in overparameterized regimes: Does the loss function matter?},
  author={Muthukumar, Vidya and Narang, Adhyyan and Subramanian, Vignesh and Belkin, Mikhail and Hsu, Daniel and Sahai, Anant},
  journal={Journal of Machine Learning Research},
  volume={22},
  number={222},
  pages={1--69},
  year={2021}
}

@article{bahri2024explaining,
  title={Explaining neural scaling laws},
  author={Bahri, Yasaman and Dyer, Ethan and Kaplan, Jared and Lee, Jaehoon and Sharma, Utkarsh},
  journal={Proceedings of the National Academy of Sciences},
  volume={121},
  number={27},
  pages={e2311878121},
  year={2024},
  publisher={National Academy of Sciences}
}

@article{spigler2020asymptotic,
  title={Asymptotic learning curves of kernel methods: empirical data versus teacher--student paradigm},
  author={Spigler, Stefano and Geiger, Mario and Wyart, Matthieu},
  journal={Journal of Statistical Mechanics: Theory and Experiment},
  volume={2020},
  number={12},
  pages={124001},
  year={2020},
  publisher={IOP Publishing}
}

@article{gou2021knowledge,
  title={Knowledge distillation: A survey},
  author={Gou, Jianping and Yu, Baosheng and Maybank, Stephen J and Tao, Dacheng},
  journal={International Journal of Computer Vision},
  volume={129},
  number={6},
  pages={1789--1819},
  year={2021},
  publisher={Springer}
}

@article{nagarajan2023student,
  title={On student-teacher deviations in distillation: does it pay to disobey?},
  author={Nagarajan, Vaishnavh and Menon, Aditya K and Bhojanapalli, Srinadh and Mobahi, Hossein and Kumar, Sanjiv},
  journal={Advances in Neural Information Processing Systems},
  volume={36},
  pages={5961--6000},
  year={2023}
}

@inproceedings{furlanello2018born,
  title={Born again neural networks},
  author={Furlanello, Tommaso and Lipton, Zachary and Tschannen, Michael and Itti, Laurent and Anandkumar, Anima},
  booktitle={International conference on machine learning},
  pages={1607--1616},
  year={2018},
  organization={PMLR}
}

@inproceedings{phuong2019towards,
  title={Towards understanding knowledge distillation},
  author={Phuong, Mary and Lampert, Christoph},
  booktitle={International conference on machine learning},
  pages={5142--5151},
  year={2019},
  organization={PMLR}
}

@inproceedings{das2023understanding,
  title={Understanding self-distillation in the presence of label noise},
  author={Das, Rudrajit and Sanghavi, Sujay},
  booktitle={International Conference on Machine Learning},
  pages={7102--7140},
  year={2023},
  organization={PMLR}
}

@article{mobahi2020self,
  title={Self-distillation amplifies regularization in hilbert space},
  author={Mobahi, Hossein and Farajtabar, Mehrdad and Bartlett, Peter},
  journal={Advances in Neural Information Processing Systems},
  volume={33},
  pages={3351--3361},
  year={2020}
}

@article{ojha2023knowledge,
  title={What knowledge gets distilled in knowledge distillation?},
  author={Ojha, Utkarsh and Li, Yuheng and Sundara Rajan, Anirudh and Liang, Yingyu and Lee, Yong Jae},
  journal={Advances in Neural Information Processing Systems},
  volume={36},
  pages={11037--11048},
  year={2023}
}

@article{borup2023self,
  title={Self-distillation for gaussian process regression and classification},
  author={Borup, Kenneth and Andersen, Lars N{\o}rvang},
  journal={arXiv preprint arXiv:2304.02641},
  year={2023}
}

@article{stanton2021does,
  title={Does knowledge distillation really work?},
  author={Stanton, Samuel and Izmailov, Pavel and Kirichenko, Polina and Alemi, Alexander A and Wilson, Andrew G},
  journal={Advances in Neural Information Processing Systems},
  volume={34},
  pages={6906--6919},
  year={2021}
}

@inproceedings{shen2022connect,
  title={Connect, not collapse: Explaining contrastive learning for unsupervised domain adaptation},
  author={Shen, Kendrick and Jones, Robbie M and Kumar, Ananya and Xie, Sang Michael and HaoChen, Jeff Z and Ma, Tengyu and Liang, Percy},
  booktitle={International conference on machine learning},
  pages={19847--19878},
  year={2022},
  organization={PMLR}
}

@inproceedings{yang2023sample,
  title={Sample efficiency of data augmentation consistency regularization},
  author={Yang, Shuo and Dong, Yijun and Ward, Rachel and Dhillon, Inderjit S and Sanghavi, Sujay and Lei, Qi},
  booktitle={International Conference on Artificial Intelligence and Statistics},
  pages={3825--3853},
  year={2023},
  organization={PMLR}
}

@inproceedings{frei2022self,
  title={Self-training converts weak learners to strong learners in mixture models},
  author={Frei, Spencer and Zou, Difan and Chen, Zixiang and Gu, Quanquan},
  booktitle={International Conference on Artificial Intelligence and Statistics},
  pages={8003--8021},
  year={2022},
  organization={PMLR}
}

@inproceedings{oymak2021theoretical,
  title={A theoretical characterization of semi-supervised learning with self-training for gaussian mixture models},
  author={Oymak, Samet and Gulcu, Talha Cihad},
  booktitle={International Conference on Artificial Intelligence and Statistics},
  pages={3601--3609},
  year={2021},
  organization={PMLR}
}

@inproceedings{he2018resnetd,
  title={Bag of tricks for image classification with convolutional neural networks},
  author={He, Tong and Zhang, Zhi and Zhang, Hang and Zhang, Zhongyue and Xie, Junyuan and Li, Mu},
  booktitle={Proceedings of the IEEE/CVF conference on computer vision and pattern recognition},
  pages={558--567},
  year={2019}
}

@article{paszke2019pytorch,
  title={Pytorch: An imperative style, high-performance deep learning library},
  author={Paszke, A},
  journal={arXiv preprint arXiv:1912.01703},
  year={2019}
}

@inproceedings{socher-etal-2013-sst2,
  title={Recursive deep models for semantic compositionality over a sentiment treebank},
  author={Socher, Richard and Perelygin, Alex and Wu, Jean and Chuang, Jason and Manning, Christopher D and Ng, Andrew Y and Potts, Christopher},
  booktitle={Proceedings of the 2013 conference on empirical methods in natural language processing},
  pages={1631--1642},
  year={2013}
}

@inproceedings{pang-lee-2005-sst_original_corpus,
  title={Seeing stars: Exploiting class relationships for sentiment categorization with respect to rating scales},
  author={Pang, Bo and Lee, Lillian},
  journal={arXiv preprint cs/0506075},
  year={2005}
}

@article{clark2020electra,
  title={Electra: Pre-training text encoders as discriminators rather than generators},
  author={Clark, Kevin and Luong, Minh-Thang and Le, Quoc V and Manning, Christopher D},
  journal={arXiv preprint arXiv:2003.10555},
  year={2020}
}
@article{turc2019bert-tiny,
  title={Well-read students learn better: On the importance of pre-training compact models},
  author={Turc, Iulia and Chang, Ming-Wei and Lee, Kenton and Toutanova, Kristina},
  journal={arXiv preprint arXiv:1908.08962},
  year={2019}
}

@article{hu2021lora,
  title={Lora: Low-rank adaptation of large language models.},
  author={Hu, Edward J and Shen, Yelong and Wallis, Phillip and Allen-Zhu, Zeyuan and Li, Yuanzhi and Wang, Shean and Wang, Lu and Chen, Weizhu and others},
  journal={ICLR},
  volume={1},
  number={2},
  pages={3},
  year={2022}
}

@article{kingma2014adam,
  title={Adam: A method for stochastic optimization},
  author={Kingma, Diederik P and Ba, Jimmy},
  journal={arXiv preprint arXiv:1412.6980},
  year={2014}
}

@article{halko2011finding,
  title={Finding structure with randomness: Probabilistic algorithms for constructing approximate matrix decompositions},
  author={Halko, Nathan and Martinsson, Per-Gunnar and Tropp, Joel A},
  journal={SIAM review},
  volume={53},
  number={2},
  pages={217--288},
  year={2011},
  publisher={SIAM}
}

@article{woodruff2014sketching,
  title={Sketching as a tool for numerical linear algebra},
  author={Woodruff, David P and others},
  journal={Foundations and Trends{\textregistered} in Theoretical Computer Science},
  volume={10},
  number={1--2},
  pages={1--157},
  year={2014},
  publisher={Now Publishers, Inc.}
}