@article{Dresner2003-DREROB-3,
	author = {Eli Dresner},
	doi = {10.1075/pc.11.2.12dre},
	journal = {Pragmatics and Cognition},
	number = {2},
	pages = {390--394},
	publisher = {John Benjamins Publishing Co.},
	title = {Review of Bunt \& Black (2000): Abduction, Belief and Context in Dialogue--Studies in Computational Pragmatics},
	volume = {11},
	year = {2003}
}

@misc{austin1962speech,
  title={Speech acts},
  author={Austin, JL},
  year={1962},
  publisher={Oxford}
}

@article{devlin2018bert,
  title={Bert: Pre-training of deep bidirectional transformers for language understanding},
  author={Devlin, Jacob},
  journal={arXiv preprint arXiv:1810.04805},
  year={2018}
}

@book{searle1969speech,
  title={Speech Acts: An Essay in the Philosophy of Language},
  author={Searle, J.R.},
  isbn={9780521096263},
  lccn={lc68024484},
  series={Cam: Verschiedene Aufl},
  url={https://books.google.co.uk/books?id=t3_WhfknvF0C},
  year={1969},
  publisher={Cambridge University Press}
}

@article{touvron2023llama,
  title={Llama: Open and efficient foundation language models},
  author={Touvron, Hugo and Lavril, Thibaut and Izacard, Gautier and Martinet, Xavier and Lachaux, Marie-Anne and Lacroix, Timoth{\'e}e and Rozi{\`e}re, Baptiste and Goyal, Naman and Hambro, Eric and Azhar, Faisal and others},
  journal={arXiv preprint arXiv:2302.13971},
  year={2023}
}

@misc{yu2024breakingceilingllmcommunity,
      title={Breaking the Ceiling of the LLM Community by Treating Token Generation as a Classification for Ensembling}, 
      author={Yao-Ching Yu and Chun-Chih Kuo and Ziqi Ye and Yu-Cheng Chang and Yueh-Se Li},
      year={2024},
      eprint={2406.12585},
      archivePrefix={arXiv},
      primaryClass={cs.CL},
      url={https://arxiv.org/abs/2406.12585}, 
}

