@article{ref1,
    author = {Charlton, P H and Allen, J and Bail\'{o}n, R and Baker, S and Behar, J A and Chen, F and others},
    title = {The 2023 wearable photoplethysmography roadmap},
    journal = {Physiol Meas},
    year = {2023},
    volume = {44},
    number = {11},
    pages = {111001}
}

@article{ref2,
    author = {Castaneda, D and Esparza, A and Ghamari, M and Soltanpur, C and Nazeran, H},
    title = {A review on wearable photoplethysmography sensors and their potential future applications in health care},
    journal = {Int J Biosens Bioelectron},
    year = {2018},
    volume = {4},
    number = {4},
    pages = {195--202}
}

@article{ref3,
    author = {Sola, J and Vetter, R and Renevey, P and Ch\'{e}telat, O and Sartori, C and Rimoldi, S F},
    title = {Parametric estimation of pulse arrival time: a robust approach to pulse wave velocity},
    journal = {Physiol Meas},
    year = {2009},
    volume = {30},
    number = {7},
    pages = {603}
}

@article{ref4,
    author = {Goda, M \'{A} and Charlton, P H and Behar, J A},
    title = {pyPPG: A Python toolbox for comprehensive photoplethysmography signal analysis},
    journal = {Physiol Meas},
    year = {2024},
    volume = {45},
    number = {4},
    pages = {045001}
}

@article{ref5,
    author = {Ding, C and Xiao, R and Wang, W and Holdsworth, E and Hu, X},
    title = {Photoplethysmography based atrial fibrillation detection: a continually growing field},
    journal = {Physiol Meas},
    year = {2024},
    volume = {45},
    number = {4},
    pages = {04TR01}
}

@article{ref6,
    author = {El-Hajj, C and Kyriacou, P A},
    title = {Cuffless blood pressure estimation from PPG signals and its derivatives using deep learning models},
    journal = {Biomed Signal Process Control},
    year = {2021},
    volume = {70},
    pages = {102984}
}

@article{ref7,
    author = {Charlton, P H and Kyriacou, P and Mant, J and Alastruey, J},
    title = {Acquiring wearable photoplethysmography data in daily life: The PPG diary pilot study},
    journal = {Eng Proc},
    year = {2020},
    volume = {2},
    number = {1},
    pages = {80}
}

@article{ref8,
    author = {Nielsen, J C and {Group ESD}},
    title = {2024 ESC Guidelines for the management of atrial fibrillation developed in collaboration with the European Association for Cardio-Thoracic Surgery (EACTS)},
    journal = {Eur Heart J},
    year = {2024},
    volume = {45},
    number = {36},
    pages = {3314--414}
}

@article{ref9,
    author = {{Group ESD}},
    title = {2024 ESC Guidelines for the management of elevated blood pressure and hypertension},
    journal = {Eur Heart J},
    year = {2024},
    volume = {45},
    number = {38},
    pages = {3912--4018}
}

@article{ref10,
    author = {Yildirim, O and Baloglu, U B and Tan, R S and Ciaccio, E J and Acharya, U R},
    title = {A new approach for arrhythmia classification using deep coded features and LSTM networks},
    journal = {Comput Methods Programs Biomed},
    year = {2019},
    volume = {176},
    pages = {121--33}
}

@article{ref11,
    author = {Hannun, A Y and Rajpurkar, P and Haghpanahi, M and Tison, G H and Bourn, C and Turakhia, M P and others},
    title = {Cardiologist-level arrhythmia detection and classification in ambulatory electrocardiograms using a deep neural network},
    journal = {Nat Med},
    year = {2019},
    volume = {25},
    number = {1},
    pages = {65--9}
}

@article{ref12,
    author = {Kachuee, M and Darabi, S and Moatamed, B and Sarrafzadeh, M},
    title = {Dynamic feature acquisition using denoising autoencoders},
    journal = {IEEE Trans Neural Netw Learn Syst},
    year = {2018},
    volume = {30},
    number = {8},
    pages = {2252--62}
}

@article{ref13,
  title={Cardiologist-level arrhythmia detection and classification in ambulatory electrocardiograms using a deep neural network},
  author={Hannun, Awni Y and Rajpurkar, Pranav and Haghpanahi, Masoumeh and Tison, Geoffrey H and Bourn, Codie and Turakhia, Mintu P and Ng, Andrew Y},
  journal={Nature medicine},
  volume={25},
  number={1},
  pages={65--69},
  year={2019},
  publisher={Nature Publishing Group US New York}
}


@article{ref14,
    author = {Kwon, S and Hong, J and Choi, E K and Lee, E and Hostallero, D E and Kang, W J and others},
    title = {Deep learning approaches to detect atrial fibrillation using photoplethysmographic signals: algorithms development study},
    journal = {JMIR MHealth UHealth},
    year = {2019},
    volume = {7},
    number = {6},
    pages = {e12770}
}

@article{ref15,
    author = {Cheng, P and Chen, Z and Li, Q and Gong, Q and Zhu, J and Liang, Y},
    title = {Atrial fibrillation identification with PPG signals using a combination of time-frequency analysis and deep learning},
    journal = {IEEE Access},
    year = {2020},
    volume = {8},
    pages = {172692--706}
}

@article{ref16,
    author = {Aldughayfiq, B and Ashfaq, F and Jhanjhi, N Z and Humayun, M},
    title = {A deep learning approach for atrial fibrillation classification using multi-feature time series data from ecg and ppg},
    journal = {Diagnostics},
    year = {2023},
    volume = {13},
    number = {14},
    pages = {2442}
}

@incollection{ref17,
    author = {Mejia-Mejia, E and Allen, J and Budidha, K and El-Hajj, C and Kyriacou, P A and Charlton, P H},
    title = {Photoplethysmography signal processing and synthesis},
    booktitle = {Photoplethysmography},
    publisher = {Elsevier},
    year = {2022},
    pages = {69--146}
}

@article{ref18,
    author = {Pereira, T and Tran, N and Gadhoumi, K and Pelter, M M and Do, D H and Lee, R J and others},
    title = {Photoplethysmography based atrial fibrillation detection: a review},
    journal = {NPJ Digit Med},
    year = {2020},
    volume = {3},
    number = {1},
    pages = {1--12}
}

@article{ref19,
    author = {Eerik\"{a}inen, L M and Bonomi, A G and Dekker, L R and Vullings, R and Aarts, R M},
    title = {Atrial fibrillation monitoring with wrist-worn photoplethysmography-based wearables: State-of-the-art review},
    journal = {Cardiovasc Digit Health J},
    year = {2020},
    volume = {1},
    number = {1},
    pages = {45--51}
}

@article{ref20,
    author = {Ferizoli, R and Karimpour, P and May, J M and Kyriacou, P A},
    title = {Arterial stiffness assessment using PPG feature extraction and significance testing in an in vitro cardiovascular system},
    journal = {Sci Rep},
    year = {2024},
    volume = {14},
    number = {1},
    pages = {2024}
}

@book{ref21,
    author = {Bracewell, R N and Cherry, C and Gibbons, J F and Harman, W W and Heffner, H and Herold, E W and others},
    title = {McGraw-Hill Seires in Electrical and Computer Engineering},
    publisher = {McGraw Hill Boston},
    year = {2000}
}

@book{ref22,
    author = {Mallat, S},
    title = {A wavelet tour of signal processing},
    publisher = {Academic Press},
    year = {1999}
}

@article{ref23,
    author = {Huang, N E and Wu, Z},
    title = {A review on Hilbert‚ÄêHuang transform: Method and its applications to geophysical studies},
    journal = {Rev Geophys},
    year = {2008},
    volume = {46},
    number = {2},
    pages = {2007RG000228}
}

@article{ref24,
    author = {Hackstein, U and Kr\"{u}ger, T and Mair, A and Deg\"{u}nther, C and Krickl, S and Schlensak, C and others},
    title = {Early diagnosis of aortic aneurysms based on the classification of transfer function parameters estimated from two photoplethysmographic signals},
    journal = {Inform Med Unlocked},
    year = {2021},
    volume = {25},
    pages = {100652}
}

@article{ref25,
    author = {Mair, A and Wisotzki, M and Bernhard, S},
    title = {Classification and regression of stenosis using an in-vitro pulse wave data set: Dependence on heart rate, waveform and location},
    journal = {Comput Biol Med},
    year = {2022},
    volume = {151},
    pages = {106224}
}

@inproceedings{ref26,
    author = {Al Fahoum, A and Al Omari, A and Al Omari, G and Zyout, A},
    title = {PPG signal-based classification of blood pressure stages using wavelet transformation and pre-trained deep learning models},
    booktitle = {2023 Computing in Cardiology Conference (CinC)},
    year = {2023},
    pages = {1--4}
}

@article{ref27,
    author = {Wu, J and Liang, H and Ding, C and Huang, X and Huang, J and Peng, Q},
    title = {Improving the Accuracy in Classification of Blood Pressure from Photoplethysmography Using Continuous Wavelet Transform and Deep Learning},
    journal = {Int J Hypertens},
    year = {2021},
    volume = {2021},
    pages = {1--9}
}

@article{ref28,
    author = {Neshitov, A and Tyapochkin, K and Smorodnikova, E and Pravdin, P},
    title = {Wavelet analysis and self-similarity of photoplethysmography signals for HRV estimation and quality assessment},
    journal = {Sensors},
    year = {2021},
    volume = {21},
    number = {20},
    pages = {6798}
}

@article{ref29,
    author = {Wang, W and Mohseni, P and Kilgore, K L and Najafizadeh, L},
    title = {PulseDB: A large, cleaned dataset based on MIMIC-III and VitalDB for benchmarking cuff-less blood pressure estimation methods},
    journal = {Front Digit Health},
    year = {2023},
    volume = {4},
    pages = {1090854}
}

@article{ref30,
    author = {Torres-Soto, J and Ashley, E A},
    title = {Multi-task deep learning for cardiac rhythm detection in wearable devices},
    journal = {NPJ Digit Med},
    year = {2020},
    volume = {3},
    number = {1},
    pages = {116}
}

@article{ref31,
    author = {Lee, H C and Park, Y and Yoon, S B and Yang, S M and Park, D and Jung, C W},
    title = {VitalDB, a high-fidelity multi-parameter vital signs database in surgical patients},
    journal = {Sci Data},
    year = {2022},
    volume = {9},
    number = {1},
    pages = {279}
}

@article{ref32,
    title = {IEEE Standard for Wearable, Cuffless Blood Pressure Measuring Devices - Amendment 1},
    journal = {IEEE Std 1708a-2019 Amend IEEE Std 1708-2014},
    year = {2019},
    pages = {1--35}
}

@article{ref33,
    author = {Wagner, P and Mehari, T and Haverkamp, W and Strodthoff, N},
    title = {Explaining deep learning for ecg analysis: Building blocks for auditing and knowledge discovery},
    journal = {Comput Biol Med},
    year = {2024},
    volume = {176},
    pages = {108525}
}

@article{ref34,
    author = {Ismail Fawaz, H and Lucas, B and Forestier, G and Pelletier, C and Schmidt, D F and Weber, J and others},
    title = {InceptionTime: Finding AlexNet for time series classification},
    journal = {Data Min Knowl Discov},
    year = {2020},
    volume = {34},
    number = {6},
    pages = {1936--62}
}

@article{ref35,
    author = {Strodthoff, N and Wagner, P and Schaeffter, T and Samek, W},
    title = {Deep learning for ECG analysis: Benchmarks and insights from PTB-XL},
    journal = {IEEE J Biomed Health Inform},
    year = {2020},
    volume = {25},
    number = {5},
    pages = {1519--28}
}

@article{ref36,
    author = {Lakshminarayanan, B and Pritzel, A and Blundell, C},
    title = {Simple and scalable predictive uncertainty estimation using deep ensembles},
    journal = {Adv Neural Inf Process Syst},
    year = {2017},
    volume = {30}
}

@article{ref37,
    author = {Kendall, A and Gal, Y},
    title = {What uncertainties do we need in bayesian deep learning for computer vision?},
    journal = {Adv Neural Inf Process Syst},
    year = {2017},
    volume = {30}
}
         
@article{ref38,
    author = {Krizhevsky, A and Sutskever, I and Hinton, G E},
    title = {Imagenet classification with deep convolutional neural networks},
    journal = {Adv Neural Inf Process Syst},
    year = {2012},
    volume = {25}
}

@inproceedings{ref39,
    author = {Dempster, A and Schmidt, D F and Webb, G I},
    title = {MINIROCKET: A Very Fast (Almost) Deterministic Transform for Time Series Classification},
    booktitle = {Proceedings of the 27th ACM SIGKDD Conference on Knowledge Discovery \& Data Mining},
    year = {2021},
    pages = {248--57}
}

@article{ref40,
    author = {Bai, S and Kolter, J Z and Koltun, V},
    title = {An Empirical Evaluation of Generic Convolutional and Recurrent Networks for Sequence Modeling},
    journal = {arXiv preprint 1803.01271},
    year = {2018}
}

@article{ref41,
    author = {Charlton, P H and Celka, P and Farukh, B and Chowienczyk, P and Alastruey, J},
    title = {Assessing mental stress from the photoplethysmogram: a numerical study},
    journal = {Physiol Meas},
    year = {2018},
    volume = {39},
    number = {5},
    pages = {054001}
}

@article{ref42,
    author = {Dash, S and Chon, K H and Lu, S and Raeder, E A},
    title = {Automatic Real Time Detection of Atrial Fibrillation},
    journal = {Ann Biomed Eng},
    year = {2009},
    volume = {37},
    number = {9},
    pages = {1701--9}
}

@article{ref43,
    author = {Tateno, K. and Glass, L.},
    title = {Automatic detection of atrial fibrillation using the coefficient of variation and density histograms of {RR} and {$\Delta$RR} intervals},
    journal = {Med. Biol. Eng. Comput.},
    year = {2001},
    volume = {39},
    number = {6},
    pages = {664--671}
}

@article{ref44,
    author = {Langley, P and Dewhurst, M and Di Marco, L Y and Adams, P and Dewhurst, F and Mwita, J C and others},
    title = {Accuracy of algorithms for detection of atrial fibrillation from short duration beat interval recordings},
    journal = {Med Eng Phys},
    year = {2012},
    volume = {34},
    number = {10},
    pages = {1441--7}
}

@book{ref45,
    author = {Petr\v{e}nas, A and Marozas, V and S\"{o}rnmo, L},
    title = {Atrial fibrillation from an engineering perspective},
    publisher = {Springer},
    year = {2018}
}

@incollection{ref46,
    author = {Rasmussen, C E},
    title = {Gaussian Processes in Machine Learning},
    booktitle = {Advanced Lectures on Machine Learning: ML Summer Schools 2003},
    editor = {Bousquet, O and von Luxburg, U and R\"{a}tsch, G},
    publisher = {Springer},
    year = {2004},
    pages = {63--71}
}

@article{ref47,
    author = {Rai, H M and Trivedi, A and Shukla, S},
    title = {ECG signal processing for abnormalities detection using multi-resolution wavelet transform and Artificial Neural Network classifier},
    journal = {Measurement},
    year = {2013},
    volume = {46},
    number = {9},
    pages = {3238--46}
}

@article{ref48,
    author = {Ding, C and Guo, Z and Chen, Z and Lee, R J and Rudin, C and Hu, X},
    title = {SiamQuality: a ConvNet-based foundation model for photoplethysmography signals},
    journal = {Physiol Meas},
    year = {2024},
    volume = {45},
    number = {8},
    pages = {085004}
}

@article{ref49,
    author = {Gonz\'{a}lez, S and Hsieh, W T and Chen, T P C},
    title = {A benchmark for machine-learning based non-invasive blood pressure estimation using photoplethysmogram},
    journal = {Sci Data},
    year = {2023},
    volume = {10},
    number = {1},
    pages = {149}
}

@article{ref50,
    author = {Vranken, J F and van de Leur, R R and Gupta, D K and Juarez Orozco, L E and Hassink, R J and van der Harst, P and others},
    title = {Uncertainty estimation for deep learning-based automated analysis of 12-lead electrocardiograms},
    journal = {Eur Heart J-Digit Health},
    year = {2021},
    volume = {2},
    number = {3},
    pages = {401--15}
}

@inproceedings{ref51,
    author = {Gu\'{e}rin, J and Delmas, K and Ferreira, R and Guiochet, J},
    title = {Out-of-distribution detection is not all you need},
    booktitle = {Proceedings of the AAAI conference on artificial intelligence},
    year = {2023},
    pages = {14829--37}
}

@inproceedings{ref52,
    author = {Schrumpf, F and Serdack, P R and Fuchs, M},
    title = {Regression or Classification? Reflection on BP prediction from PPG data using Deep Neural Networks in the scope of practical applications},
    booktitle = {Proceedings of the IEEE/CVF conference on computer vision and pattern recognition},
    year = {2022},
    pages = {2172--81}
}

@article{ref53,
    author = {Seshadri, D R and Bittel, B and Browsky, D and Houghtaling, P and Drummond, C K and Desai, M Y and others},
    title = {Accuracy of Apple Watch for Detection of Atrial Fibrillation},
    journal = {Circulation},
    year = {2020},
    volume = {141},
    number = {8},
    pages = {702--3}
}

@article{ref54,
    author = {Haverkamp, W and Butler, J and Anker, S D},
    title = {Can we trust a smartwatch ECG? Potential and limitations},
    journal = {Eur J Heart Fail},
    year = {2021},
    volume = {23},
    number = {6},
    pages = {850--3}
}

@article{ref55,
    author = {Lubitz, S A and Faranesh, A Z and Selvaggi, C and Atlas, S J and McManus, D D and Singer, D E and others},
    title = {Detection of Atrial Fibrillation in a Large Population Using Wearable Devices: The Fitbit Heart Study},
    journal = {Circulation},
    year = {2022},
    volume = {146},
    number = {19},
    pages = {1415--24}
}

@article{ref56,
    author = {Perez, M V and Mahaffey, K W and Hedlin, H and Rumsfeld, J S and Garcia, A and Ferris, T and others},
    title = {Large-Scale Assessment of a Smartwatch to Identify Atrial Fibrillation},
    journal = {N Engl J Med},
    year = {2019},
    volume = {381},
    number = {20},
    pages = {1909--17}
}

@article{ref57,
  title = {SiamQuality: a ConvNet-based foundation model for photoplethysmography signals},
  volume = {45},
  ISSN = {1361-6579},
  DOI = {10.1088/1361-6579/ad6747},
  number = {8},
  journal = {Physiological Measurement},
  publisher = {IOP Publishing},
  author = {Ding,  Cheng and Guo,  Zhicheng and Chen,  Zhaoliang and Lee,  Randall J and Rudin,  Cynthia and Hu,  Xiao},
  year = {2024},
  month = aug,
  pages = {085004}
}

@article{ref58,
    author = {Pillai, A and Spathis, D and Kawsar, F and Malekzadeh, M},
    title = {PaPaGei: Open Foundation Models for Optical Physiological Signals},
    journal = {arXiv preprint 2410.20542},
    year = {2025}
}

@article{ref59,
      title={Generalizable deep learning for photoplethysmography-based blood pressure estimation -- A Benchmarking Study},
      journal={arXiv preprint 2502.19167},
      author={Mohammad Moulaeifard and Peter H. Charlton and Nils Strodthoff},
      year={2025},
      eprint={2502.19167},
      archivePrefix={arXiv},
      primaryClass={cs.LG},
    }

@article{ref60,
  title = {Intensive care photoplethysmogram datasets and machine-learning for blood pressure estimation: Generalization not guarantied},
  volume = {14},
  ISSN = {1664-042X},
  DOI = {10.3389/fphys.2023.1126957},
  journal = {Frontiers in Physiology},
  publisher = {Frontiers Media SA},
  author = {Weber-Boisvert,  Guillaume and Gosselin,  Benoit and Sandberg,  Frida},
  year = {2023},
  month = mar 
}