@article{ref10,
    author = {Yildirim, O and Baloglu, U B and Tan, R S and Ciaccio, E J and Acharya, U R},
    title = {A new approach for arrhythmia classification using deep coded features and LSTM networks},
    journal = {Comput Methods Programs Biomed},
    year = {2019},
    volume = {176},
    pages = {121--33}
}

@article{ref11,
    author = {Hannun, A Y and Rajpurkar, P and Haghpanahi, M and Tison, G H and Bourn, C and Turakhia, M P and others},
    title = {Cardiologist-level arrhythmia detection and classification in ambulatory electrocardiograms using a deep neural network},
    journal = {Nat Med},
    year = {2019},
    volume = {25},
    number = {1},
    pages = {65--9}
}

@article{ref12,
    author = {Kachuee, M and Darabi, S and Moatamed, B and Sarrafzadeh, M},
    title = {Dynamic feature acquisition using denoising autoencoders},
    journal = {IEEE Trans Neural Netw Learn Syst},
    year = {2018},
    volume = {30},
    number = {8},
    pages = {2252--62}
}

@article{ref13,
  title={Cardiologist-level arrhythmia detection and classification in ambulatory electrocardiograms using a deep neural network},
  author={Hannun, Awni Y and Rajpurkar, Pranav and Haghpanahi, Masoumeh and Tison, Geoffrey H and Bourn, Codie and Turakhia, Mintu P and Ng, Andrew Y},
  journal={Nature medicine},
  volume={25},
  number={1},
  pages={65--69},
  year={2019},
  publisher={Nature Publishing Group US New York}
}

@article{ref14,
    author = {Kwon, S and Hong, J and Choi, E K and Lee, E and Hostallero, D E and Kang, W J and others},
    title = {Deep learning approaches to detect atrial fibrillation using photoplethysmographic signals: algorithms development study},
    journal = {JMIR MHealth UHealth},
    year = {2019},
    volume = {7},
    number = {6},
    pages = {e12770}
}

@article{ref15,
    author = {Cheng, P and Chen, Z and Li, Q and Gong, Q and Zhu, J and Liang, Y},
    title = {Atrial fibrillation identification with PPG signals using a combination of time-frequency analysis and deep learning},
    journal = {IEEE Access},
    year = {2020},
    volume = {8},
    pages = {172692--706}
}

@article{ref16,
    author = {Aldughayfiq, B and Ashfaq, F and Jhanjhi, N Z and Humayun, M},
    title = {A deep learning approach for atrial fibrillation classification using multi-feature time series data from ecg and ppg},
    journal = {Diagnostics},
    year = {2023},
    volume = {13},
    number = {14},
    pages = {2442}
}

@article{ref18,
    author = {Pereira, T and Tran, N and Gadhoumi, K and Pelter, M M and Do, D H and Lee, R J and others},
    title = {Photoplethysmography based atrial fibrillation detection: a review},
    journal = {NPJ Digit Med},
    year = {2020},
    volume = {3},
    number = {1},
    pages = {1--12}
}

@article{ref19,
    author = {Eerik\"{a}inen, L M and Bonomi, A G and Dekker, L R and Vullings, R and Aarts, R M},
    title = {Atrial fibrillation monitoring with wrist-worn photoplethysmography-based wearables: State-of-the-art review},
    journal = {Cardiovasc Digit Health J},
    year = {2020},
    volume = {1},
    number = {1},
    pages = {45--51}
}

@article{ref20,
    author = {Ferizoli, R and Karimpour, P and May, J M and Kyriacou, P A},
    title = {Arterial stiffness assessment using PPG feature extraction and significance testing in an in vitro cardiovascular system},
    journal = {Sci Rep},
    year = {2024},
    volume = {14},
    number = {1},
    pages = {2024}
}

@book{ref21,
    author = {Bracewell, R N and Cherry, C and Gibbons, J F and Harman, W W and Heffner, H and Herold, E W and others},
    title = {McGraw-Hill Seires in Electrical and Computer Engineering},
    publisher = {McGraw Hill Boston},
    year = {2000}
}

@book{ref22,
    author = {Mallat, S},
    title = {A wavelet tour of signal processing},
    publisher = {Academic Press},
    year = {1999}
}

@article{ref23,
    author = {Huang, N E and Wu, Z},
    title = {A review on Hilbert‚ÄêHuang transform: Method and its applications to geophysical studies},
    journal = {Rev Geophys},
    year = {2008},
    volume = {46},
    number = {2},
    pages = {2007RG000228}
}

@article{ref24,
    author = {Hackstein, U and Kr\"{u}ger, T and Mair, A and Deg\"{u}nther, C and Krickl, S and Schlensak, C and others},
    title = {Early diagnosis of aortic aneurysms based on the classification of transfer function parameters estimated from two photoplethysmographic signals},
    journal = {Inform Med Unlocked},
    year = {2021},
    volume = {25},
    pages = {100652}
}

@article{ref25,
    author = {Mair, A and Wisotzki, M and Bernhard, S},
    title = {Classification and regression of stenosis using an in-vitro pulse wave data set: Dependence on heart rate, waveform and location},
    journal = {Comput Biol Med},
    year = {2022},
    volume = {151},
    pages = {106224}
}

@inproceedings{ref26,
    author = {Al Fahoum, A and Al Omari, A and Al Omari, G and Zyout, A},
    title = {PPG signal-based classification of blood pressure stages using wavelet transformation and pre-trained deep learning models},
    booktitle = {2023 Computing in Cardiology Conference (CinC)},
    year = {2023},
    pages = {1--4}
}

@article{ref27,
    author = {Wu, J and Liang, H and Ding, C and Huang, X and Huang, J and Peng, Q},
    title = {Improving the Accuracy in Classification of Blood Pressure from Photoplethysmography Using Continuous Wavelet Transform and Deep Learning},
    journal = {Int J Hypertens},
    year = {2021},
    volume = {2021},
    pages = {1--9}
}

@article{ref28,
    author = {Neshitov, A and Tyapochkin, K and Smorodnikova, E and Pravdin, P},
    title = {Wavelet analysis and self-similarity of photoplethysmography signals for HRV estimation and quality assessment},
    journal = {Sensors},
    year = {2021},
    volume = {21},
    number = {20},
    pages = {6798}
}

