

@article{xiou2023lstm,
  title={Attention-Based LSTM for Bond Yield Forecasting},
  author={Xiou, Meng and Zhang, Yifan},
  journal={Journal of Financial Data Science},
  volume={5},
  pages={45--67},
  year={2023}
}

@article{trainor2020using,
  title={Using Barbells to Lift Risk-Adjusted Return},
  author={Trainor Jr, William J and Brown, Christopher L},
  journal={Journal of Investment Consulting},
  volume={20},
  number={1},
  pages={40--47},
  year={2020}
}

@article{bieri2005riding,
  title={Riding the yield curve: a variety of strategies},
  author={Bieri, David S and Chincarini, Ludwig B},
  journal={The Journal of fixed income},
  volume={15},
  number={2},
  pages={6--35},
  year={2005},
  publisher={Institutional Investor Journals Umbrella}
}

@inproceedings{tamuly2024portfolio,
  title={Portfolio Optimization using Deep Reinforcement Learning},
  author={Tamuly, Adrika and Bhutani, Gariman and others},
  booktitle={2024 IEEE 5th India Council International Subsections Conference (INDISCON)},
  pages={1--6},
  year={2024},
  organization={IEEE}
}

@book{dawid2011adaptive,
  title={Adaptive learning by genetic algorithms: Analytical results and applications to economic models},
  author={Dawid, Herbert},
  year={2011},
  publisher={Springer Science \& Business Media}
}

@techreport{brayton2013frbus,
  title={The FRB/US Model: A Tool for Macroeconomic Policy Analysis},
  author={Brayton, Flint and Levin, Andrew and Tryon, Ralph and Williams, John C.},
  institution={Federal Reserve Board},
  year={2013}
}

@article{deepseek_r1,
  title={DeepSeek R1: A Large Language Model for Robust Decision Evaluation},
  author={DeepSeek AI},
  year={2024},
  journal={Preprint},
  archivePrefix={arXiv},
  eprint={2402.56789},
}

@article{bao2023reggan,
    title = {Regulatory Constrained GANs for Fixed-Income Markets}, 
    author = {Bao, Jinhua and Chen, Wei}, 
    journal = {Risk}, 
    pages = {88--93}, 
    year = {2023}
}

@article{yang2024qwen2,
  title={Qwen2. 5 technical report},
  author={Yang, An and Yang, Baosong and Zhang, Beichen and Hui, Binyuan and Zheng, Bo and Yu, Bowen and Li, Chengyuan and Liu, Dayiheng and Huang, Fei and Wei, Haoran and others},
  journal={arXiv preprint arXiv:2412.15115},
  year={2024}
}
@article{che2023synthetic,
    title = {Statistical Validation of Synthetic Time Series}, 
    author = {Che, Tong and others}, 
    journal = {Journal of Computational Finance}, 
    volume = {27}, 
    number = {1}, 
    pages = {45--67}, 
    year = {2023}
}

@article{wu2023rag,
    title = {RAG for Low-Data Financial Forecasting}, 
    author = {Wu, Jing and others}, 
    journal = {ECAI}, 
    pages = {1123--1130}, 
    year = {2023}
}
@article{yoon2019timegan,
  author    = {Jinsung Yoon and Daniel Jarrett and Mihaela van der Schaar},
  title     = {Time-series Generative Adversarial Networks},
  journal   = {arXiv preprint arXiv:1907.03107},
  year      = {2019}
}

@inproceedings{haarnoja2018soft,
  author    = {Tuomas Haarnoja and Aurick Zhou and Pieter Abbeel and Sergey Levine},
  title     = {Soft Actor-Critic: Off-Policy Maximum Entropy Deep Reinforcement Learning with a Stochastic Actor},
  booktitle = {International Conference on Machine Learning (ICML)},
  year      = {2018}
}

% Additional sample entries:
@article{LuSignature2024,
  author    = {Chung I. Lu and Julian Sester},
  title     = {Generative Model for Financial Time Series Trained with MMD Using a Signature Kernel},
  journal   = {arXiv preprint arXiv:2407.19848},
  year      = {2024}
}

@article{Tovar2020,
  author    = {Wilfredo Tovar},
  title     = {Deep Learning Based on GANs and CNNs for Financial Time Series Predictions},
  journal   = {arXiv preprint arXiv:2008.08041},
  year      = {2020}
}

@inproceedings{Liu2024,
  author    = {Qingxiang Liu and Xu Liu and Others},
  title     = {Time-FFM: Towards LM-Empowered Federated Foundation Model for Time Series Forecasting},
  booktitle = {NeurIPS 2024},
  year      = {2024}
}

@inproceedings{Cao2024,
  author    = {Defu Cao and Furong Jia and Others},
  title     = {TEMPO: Prompt-based Generative Pre-trained Transformer for Time Series Forecasting},
  booktitle = {ICLR 2024},
  year      = {2024}
}

@inproceedings{Jia2024,
  author    = {Furong Jia and Kevin Wang and Others},
  title     = {GPT4MTS: Prompt-based Large Language Model for Multimodal Time-series Forecasting},
  booktitle = {AAAI 2024},
  year      = {2024}
}

@inproceedings{Goswami2024,
  author    = {Mononito Goswami and Konrad Szafer and Others},
  title     = {MOMENT: A Family of Open Time-series Foundation Models},
  booktitle = {ICML 2024},
  year      = {2024}
}

@inproceedings{Jin2024,
  author    = {Ming Jin and Shiyu Wang and Others},
  title     = {TIME-LLM: Time Series Forecasting by Reprogramming Large Language Models},
  booktitle = {ICLR 2024},
  year      = {2024}
}

@inproceedings{LiuTimer2024,
  author    = {Yong Liu and Haoran Zhang and Others},
  title     = {Timer: Generative Pre-trained Transformers Are Large Time Series Models},
  booktitle = {ICML 2024},
  year      = {2024}
}

@inproceedings{Woo2024,
  author    = {Gerald Woo and Chenghao Liu and Others},
  title     = {Unified Training of Universal Time Series Forecasting Transformers},
  booktitle = {ICML 2024},
  year      = {2024}
}

@misc{Xiao2025,
  author    = {Yijia Xiao and Edward Sun and Others},
  title     = {TradingAgents: Multi-Agents LLM Financial Trading Framework},
  year      = {2025},
  note      = {Preprint}
}

@inproceedings{Yu2024,
  author    = {Yangyang Yu and Zhiyuan Yao and Others},
  title     = {FinCon: A Synthesized LLM Multi-Agent System for Enhanced Financial Decision Making},
  booktitle = {NeurIPS 2024},
  year      = {2024}
}
@book{filipovic2009term,
  author    = {Filipovi{\'c}, Damir},
  title     = {Term-Structure Models: A Graduate Course},
  publisher = {Springer},
  year      = {2009}
}


@inproceedings{lim2021portfolio,
  author    = {Lim, Kang and Others},
  title     = {Portfolio Optimization Using Deep Reinforcement Learning},
  booktitle = {Proceedings of the International Conference on Machine Learning},
  year      = {2021}
}


@misc{araci2019finbertfinancialsentimentanalysis,
      title={FinBERT: Financial Sentiment Analysis with Pre-trained Language Models}, 
      author={Dogu Araci},
      year={2019},
      eprint={1908.10063},
      archivePrefix={arXiv},
      primaryClass={cs.CL},
      url={https://arxiv.org/abs/1908.10063}, 
}

@article{lee2023utility,
      title={'Finance Wizard' at the FinLLM Challenge Task: Financial Text Summarization}, 
      author={Meisin Lee and Soon Lay-Ki},
      year={2024},
      eprint={2408.03762},
      archivePrefix={arXiv},
      primaryClass={cs.CL},
      url={https://arxiv.org/abs/2408.03762}, 
}

@inproceedings{goodfellow2014generative,
  author    = {Goodfellow, Ian and Pouget-Abadie, Jean and Mirza, Mehdi and Xu, Bing and Warde-Farley, David and Ozair, Sherjil and Courville, Aaron and Bengio, Yoshua},
  title     = {Generative Adversarial Nets},
  booktitle = {Advances in Neural Information Processing Systems (NIPS)},
  year      = {2014}
}

@inproceedings{arjovsky2017wasserstein,
  author    = {Arjovsky, Martin and Chintala, Soumith and Bottou, Léon},
  title     = {Wasserstein GAN},
  booktitle = {Proceedings of the 34th International Conference on Machine Learning (ICML)},
  year      = {2017}
}

@article{mnih2015human,
  author    = {Mnih, Volodymyr and Kavukcuoglu, Koray and Silver, David and Rusu, Andrei A. and Veness, Joel and Bellemare, Marc G. and Graves, Alex and Riedmiller, Martin and Fidjeland, Andreas K. and Ostrovski, Georg and Petersen, Stig and Beattie, Christian and Sadik, Amir and Antonoglou, Ioannis and King, Helen and Kumaran, Dharshan and Wierstra, Daan and Legg, Shane and Hassabis, Demis},
  title     = {Human-level control through deep reinforcement learning},
  journal   = {Nature},
  volume    = {518},
  number    = {7540},
  pages     = {529--533},
  year      = {2015}
}

@article{fischer2018deep,
  author    = {Fischer, Thomas and Krauss, Christian},
  title     = {Deep Learning with Long Short-Term Memory Networks for Financial Market Predictions},
  journal   = {European Journal of Operational Research},
  volume    = {270},
  number    = {2},
  pages     = {654--669},
  year      = {2018}
}
@article{yu2011forecasting,
  title={Forecasting the term structures of Treasury and corporate yields using dynamic Nelson-Siegel models},
  author={Yu, Wei-Choun and Zivot, Eric},
  journal={International Journal of Forecasting},
  volume={27},
  number={2},
  pages={579--591},
  year={2011},
  publisher={Elsevier}
}

@article{ghosh2021feb,
  title={FEB-stacking and FEB-DNN models for stock trend prediction: a performance analysis for pre and post covid-19 periods},
  author={Ghosh, Indranil and Chaudhuri, Tamal Datta},
  journal={Decision Making: Applications in Management and Engineering},
  volume={4},
  number={1},
  pages={51--84},
  year={2021}
}


@article{carriero2012forecasting,
  title={Forecasting government bond yields with large Bayesian vector autoregressions},
  author={Carriero, Andrea and Kapetanios, George and Marcellino, Massimiliano},
  journal={Journal of Banking \& Finance},
  volume={36},
  number={7},
  pages={2026--2047},
  year={2012},
  publisher={Elsevier}
}

@misc{wolf2020huggingfacestransformersstateoftheartnatural,
      title={HuggingFace's Transformers: State-of-the-art Natural Language Processing}, 
      author={Thomas Wolf and Lysandre Debut and Victor Sanh and Julien Chaumond and Clement Delangue and Anthony Moi and Pierric Cistac and Tim Rault and Rémi Louf and Morgan Funtowicz and Joe Davison and Sam Shleifer and Patrick von Platen and Clara Ma and Yacine Jernite and Julien Plu and Canwen Xu and Teven Le Scao and Sylvain Gugger and Mariama Drame and Quentin Lhoest and Alexander M. Rush},
      year={2020},
      eprint={1910.03771},
      archivePrefix={arXiv},
      primaryClass={cs.CL},
      url={https://arxiv.org/abs/1910.03771}, 
}

@misc{paszke2019pytorchimperativestylehighperformance,
      title={PyTorch: An Imperative Style, High-Performance Deep Learning Library}, 
      author={Adam Paszke and Sam Gross and Francisco Massa and Adam Lerer and James Bradbury and Gregory Chanan and Trevor Killeen and Zeming Lin and Natalia Gimelshein and Luca Antiga and Alban Desmaison and Andreas Köpf and Edward Yang and Zach DeVito and Martin Raison and Alykhan Tejani and Sasank Chilamkurthy and Benoit Steiner and Lu Fang and Junjie Bai and Soumith Chintala},
      year={2019},
      eprint={1912.01703},
      archivePrefix={arXiv},
      primaryClass={cs.LG},
      url={https://arxiv.org/abs/1912.01703}, 
}

@misc{ding2023integratingstockfeaturesglobal,
      title={Integrating Stock Features and Global Information via Large Language Models for Enhanced Stock Return Prediction}, 
      author={Yujie Ding and Shuai Jia and Tianyi Ma and Bingcheng Mao and Xiuze Zhou and Liuliu Li and Dongming Han},
      year={2023},
      eprint={2310.05627},
      archivePrefix={arXiv},
      primaryClass={cs.CL},
      url={https://arxiv.org/abs/2310.05627}, 
}

@misc{xie2023pixiulargelanguagemodel,
      title={PIXIU: A Large Language Model, Instruction Data and Evaluation Benchmark for Finance}, 
      author={Qianqian Xie and Weiguang Han and Xiao Zhang and Yanzhao Lai and Min Peng and Alejandro Lopez-Lira and Jimin Huang},
      year={2023},
      eprint={2306.05443},
      archivePrefix={arXiv},
      primaryClass={cs.CL},
      url={https://arxiv.org/abs/2306.05443}, 
}

@misc{wang2024llmfactorextractingprofitablefactors,
      title={LLMFactor: Extracting Profitable Factors through Prompts for Explainable Stock Movement Prediction}, 
      author={Meiyun Wang and Kiyoshi Izumi and Hiroki Sakaji},
      year={2024},
      eprint={2406.10811},
      archivePrefix={arXiv},
      primaryClass={cs.CL},
      url={https://arxiv.org/abs/2406.10811}, 
}

@misc{lopezlira2024chatgptforecaststockprice,
      title={Can ChatGPT Forecast Stock Price Movements? Return Predictability and Large Language Models}, 
      author={Alejandro Lopez-Lira and Yuehua Tang},
      year={2024},
      eprint={2304.07619},
      archivePrefix={arXiv},
      primaryClass={q-fin.ST},
      url={https://arxiv.org/abs/2304.07619}, 
}

@article{Fatouros_2024,
   title={Can Large Language Models beat wall street? Evaluating GPT-4’s impact on financial decision-making with MarketSenseAI},
   ISSN={1433-3058},
   url={http://dx.doi.org/10.1007/s00521-024-10613-4},
   DOI={10.1007/s00521-024-10613-4},
   journal={Neural Computing and Applications},
   publisher={Springer Science and Business Media LLC},
   author={Fatouros, George and Metaxas, Kostas and Soldatos, John and Kyriazis, Dimosthenis},
   year={2024},}

@misc{guo2024finetuninglargelanguagemodels,
      title={Fine-Tuning Large Language Models for Stock Return Prediction Using Newsflow}, 
      author={Tian Guo and Emmanuel Hauptmann},
      year={2024},
      eprint={2407.18103},
      archivePrefix={arXiv},
      primaryClass={q-fin.CP},
      url={https://arxiv.org/abs/2407.18103}, 
}

@misc{kim2024financialstatementanalysislarge,
      title={Financial Statement Analysis with Large Language Models}, 
      author={Alex Kim and Maximilian Muhn and Valeri Nikolaev},
      year={2024},
      eprint={2407.17866},
      archivePrefix={arXiv},
      primaryClass={q-fin.ST},
      url={https://arxiv.org/abs/2407.17866}, 
}

@article{Kirtac_2024,
   title={Sentiment trading with large language models},
   volume={62},
   ISSN={1544-6123},
   url={http://dx.doi.org/10.1016/j.frl.2024.105227},
   DOI={10.1016/j.frl.2024.105227},
   journal={Finance Research Letters},
   publisher={Elsevier BV},
   author={Kirtac, Kemal and Germano, Guido},
   year={2024},
   month=apr, pages={105227} }

@article{efimov2020using,
  title={Using generative adversarial networks to synthesize artificial financial datasets},
  author={Efimov, Dmitry and Xu, Di and Kong, Luyang and Nefedov, Alexey and Anandakrishnan, Archana},
  journal={arXiv preprint arXiv:2002.02271},
  year={2020}
}

@article{wiese2019quant,
  title={Quant GANs: Deep Generation of Financial Time Series},
  author={Wiese, Magnus and Knobloch, Robert and Korn, Ralf and Kretschmer, Peter},
  journal={arXiv preprint arXiv:1907.06673},
  year={2019}
}

@article{li2020generating,
  title={Generating Realistic Stock Market Order Streams},
  author={Li, Junyi and Wang, Xitong and Lin, Yaoyang and Sinha, Arunesh and Wellman, Micheal P.},
  journal={arXiv preprint arXiv:2006.04212},
  year={2020}
}

@article{rizzato2022generative,
  title={Generative Adversarial Networks Applied to Synthetic Financial Scenarios Generation},
  author={Rizzato, Matteo and Wallart, Julien and Geissler, Christophe and Morizet, Nicolas and Boumlaik, Noureddine},
  journal={arXiv preprint arXiv:2209.03935},
  year={2022}
}

@article{xia2023market,
  title={Market-GAN: Adding Control to Financial Market Data Generation with Semantic Context},
  author={Xia, Haochong and Sun, Shuo and Wang, Xinrun and An, Bo},
  journal={arXiv preprint arXiv:2309.07708},
  year={2023}
}

@article{fu2022simulating,
  title={Simulating financial time series using attention},
  author={Fu, Weilong and Hirsa, Ali and Osterrieder, J{\"o}rg},
  journal={arXiv preprint arXiv:2207.00493},
  year={2022}
}

@article{wiese2019deep,
  title={Deep Hedging: Learning to Simulate Equity Option Markets},
  author={Wiese, Magnus and Bai, Lianjun and Wood, Ben and Buehler, Hans},
  journal={arXiv preprint arXiv:1911.01700},
  year={2019}
}

@article{zhang2019deep,
  title={Deep Reinforcement Learning for Trading},
  author={Zhang, Zihao and Zohren, Stefan and Roberts, Stephen},
  journal={arXiv preprint arXiv:1911.10107},
  year={2019}
}

@article{selser2021optimal,
  title={Optimal Market Making by Reinforcement Learning},
  author={Selser, Matias and Kreiner, Javier and Maurette, Manuel},
  journal={arXiv preprint arXiv:2104.04036},
  year={2021}
}

@article{huang2018financial,
  title={Financial Trading as a Game: A Deep Reinforcement Learning Approach},
  author={Huang, Chien Yi},
  journal={arXiv preprint arXiv:1807.02787},
  year={2018}
}

@article{yu2019model,
  title={Model-based Deep Reinforcement Learning for Dynamic Portfolio Optimization},
  author={Yu, Pengqian and Lee, Joon Sern and Kulyatin, Ilya and Shi, Zekun and Dasgupta, Sakyasingha},
  journal={arXiv preprint arXiv:1901.08740},
  year={2019}
}

@article{li2021finrl,
  title={FinRL-Podracer: High Performance and Scalable Deep Reinforcement Learning for Quantitative Finance},
  author={Li, Zechu and Liu, Xiao-Yang and Zheng, Jiahao and Wang, Zhaoran and Walid, Anwar and Guo, Jian},
  journal={arXiv preprint arXiv:2111.05188},
  year={2021}
}

@article{theate2020application,
  title={An Application of Deep Reinforcement Learning to Algorithmic Trading},
  author={Th{\'e}ate, Thibaut and Ernst, Damien},
  journal={arXiv preprint arXiv:2004.06627},
  year={2020}
}

@article{pippas2024evolution,
  title={The Evolution of Reinforcement Learning in Quantitative Finance: A Survey},
  author={Pippas, Nikolaos and Turkay, Cagatay and Ludvig, Elliot A.},
  journal={arXiv preprint arXiv:2408.10932},
  year={2024}
}

@misc{huang2022deepreinforcementlearningportfolio,
      title={Deep reinforcement learning for portfolio management}, 
      author={Gang Huang and Xiaohua Zhou and Qingyang Song},
      year={2022},
      eprint={2012.13773},
      archivePrefix={arXiv},
      primaryClass={q-fin.CP},
      url={https://arxiv.org/abs/2012.13773}, 
}

@article{hambly2023recent,
  title={Recent advances in reinforcement learning in finance},
  author={Hambly, Ben and Xu, Renyuan and Yang, Huining},
  journal={Mathematical Finance},
  volume={33},
  number={3},
  pages={437--503},
  year={2023},
  publisher={Wiley Online Library}
}

@misc{xu2024supercluefingradedfinegrainedanalysis,
  title={SuperCLUE-Fin: Graded Fine-Grained Analysis of Chinese LLMs on Diverse Financial Tasks and Applications},
  author={Liang Xu and Lei Zhu and Yaotong Wu and Hang Xue},
  year={2024},
  eprint={2404.19063},
  archivePrefix={arXiv},
  primaryClass={cs.CL},
  url={https://arxiv.org/abs/2404.19063},
}

@misc{feng2024empoweringmanybiasingfew,
  title={Empowering Many, Biasing a Few: Generalist Credit Scoring through Large Language Models},
  author={Duanyu Feng and Yongfu Dai and Jimin Huang and Yifang Zhang and Qianqian Xie and Weiguang Han and Zhengyu Chen and Alejandro Lopez-Lira and Hao Wang},
  year={2024},
  eprint={2310.00566},
  archivePrefix={arXiv},
  primaryClass={cs.LG},
  url={https://arxiv.org/abs/2310.00566},
}

@misc{niu2024evaluatingfinancialrelationalgraphs,
  title={Evaluating Financial Relational Graphs: Interpretation Before Prediction},
  author={Yingjie Niu and Lanxin Lu and Rian Dolphin and Valerio Poti and Ruihai Dong},
  year={2024},
  eprint={2410.07216},
  archivePrefix={arXiv},
  primaryClass={q-fin.ST},
  url={https://arxiv.org/abs/2410.07216},
}

@misc{xie2024finbenaholisticfinancialbenchmark,
  title={FinBen: A Holistic Financial Benchmark for Large Language Models},
  author={Qianqian Xie and Weiguang Han and Zhengyu Chen and Ruoyu Xiang and Xiao Zhang and Yueru He and Mengxi Xiao and Dong Li and Yongfu Dai and Duanyu Feng and Yijing Xu and Haoqiang Kang and Ziyan Kuang and Chenhan Yuan and Kailai Yang and Zheheng Luo and Tianlin Zhang and Zhiwei Liu and Guojun Xiong and Zhiyang Deng and Yuechen Jiang and Zhiyuan Yao and Haohang Li and Yangyang Yu and Gang Hu and Jiajia Huang and Xiao-Yang Liu and Alejandro Lopez-Lira and Benyou Wang and Yanzhao Lai and Hao Wang and Min Peng and Sophia Ananiadou and Jimin Huang},
  year={2024},
  eprint={2402.12659},
  archivePrefix={arXiv},
  primaryClass={cs.CL},
  url={https://arxiv.org/abs/2402.12659},
}

@misc{nagy2025lobbenchbenchmarkinggenerativeai,
  title={LOB-Bench: Benchmarking Generative AI for Finance -- an Application to Limit Order Book Data},
  author={Peer Nagy and Sascha Frey and Kang Li and Bidipta Sarkar and Svitlana Vyetrenko and Stefan Zohren and Ani Calinescu and Jakob Foerster},
  year={2025},
  eprint={2502.09172},
  archivePrefix={arXiv},
  primaryClass={cs.LG},
  url={https://arxiv.org/abs/2502.09172},
}

@misc{QwenQwen89:online,
author = {Qwen Team},
  title = {Qwen/Qwen2.5-7B-Instruct-1M · Hugging Face},
  url = "https://huggingface.co/Qwen/Qwen2.5-7B-Instruct-1M",
  month = {1},
  year = {2025},
  note = "[Online; accessed 2025-02-24]"
}

@misc{deepseek73:online,
author = {DeepSeek Team},
  title = {deepseek-ai/DeepSeek-R1-Distill-Qwen-32B · Hugging Face},
  url = "https://huggingface.co/deepseek-ai/DeepSeek-R1-Distill-Qwen-32B",
month = {1},
year = {2025},
  note = "[Online; accessed 2025-02-24]"
}