@article{Fatouros_2024,
   title={Can Large Language Models beat wall street? Evaluating GPT-4â€™s impact on financial decision-making with MarketSenseAI},
   ISSN={1433-3058},
   url={http://dx.doi.org/10.1007/s00521-024-10613-4},
   DOI={10.1007/s00521-024-10613-4},
   journal={Neural Computing and Applications},
   publisher={Springer Science and Business Media LLC},
   author={Fatouros, George and Metaxas, Kostas and Soldatos, John and Kyriazis, Dimosthenis},
   year={2024},}

@article{Kirtac_2024,
   title={Sentiment trading with large language models},
   volume={62},
   ISSN={1544-6123},
   url={http://dx.doi.org/10.1016/j.frl.2024.105227},
   DOI={10.1016/j.frl.2024.105227},
   journal={Finance Research Letters},
   publisher={Elsevier BV},
   author={Kirtac, Kemal and Germano, Guido},
   year={2024},
   month=apr, pages={105227} }

@misc{ding2023integratingstockfeaturesglobal,
      title={Integrating Stock Features and Global Information via Large Language Models for Enhanced Stock Return Prediction}, 
      author={Yujie Ding and Shuai Jia and Tianyi Ma and Bingcheng Mao and Xiuze Zhou and Liuliu Li and Dongming Han},
      year={2023},
      eprint={2310.05627},
      archivePrefix={arXiv},
      primaryClass={cs.CL},
      url={https://arxiv.org/abs/2310.05627}, 
}

@article{efimov2020using,
  title={Using generative adversarial networks to synthesize artificial financial datasets},
  author={Efimov, Dmitry and Xu, Di and Kong, Luyang and Nefedov, Alexey and Anandakrishnan, Archana},
  journal={arXiv preprint arXiv:2002.02271},
  year={2020}
}

@misc{feng2024empoweringmanybiasingfew,
  title={Empowering Many, Biasing a Few: Generalist Credit Scoring through Large Language Models},
  author={Duanyu Feng and Yongfu Dai and Jimin Huang and Yifang Zhang and Qianqian Xie and Weiguang Han and Zhengyu Chen and Alejandro Lopez-Lira and Hao Wang},
  year={2024},
  eprint={2310.00566},
  archivePrefix={arXiv},
  primaryClass={cs.LG},
  url={https://arxiv.org/abs/2310.00566},
}

@article{fu2022simulating,
  title={Simulating financial time series using attention},
  author={Fu, Weilong and Hirsa, Ali and Osterrieder, J{\"o}rg},
  journal={arXiv preprint arXiv:2207.00493},
  year={2022}
}

@misc{guo2024finetuninglargelanguagemodels,
      title={Fine-Tuning Large Language Models for Stock Return Prediction Using Newsflow}, 
      author={Tian Guo and Emmanuel Hauptmann},
      year={2024},
      eprint={2407.18103},
      archivePrefix={arXiv},
      primaryClass={q-fin.CP},
      url={https://arxiv.org/abs/2407.18103}, 
}

@article{hambly2023recent,
  title={Recent advances in reinforcement learning in finance},
  author={Hambly, Ben and Xu, Renyuan and Yang, Huining},
  journal={Mathematical Finance},
  volume={33},
  number={3},
  pages={437--503},
  year={2023},
  publisher={Wiley Online Library}
}

@article{huang2018financial,
  title={Financial Trading as a Game: A Deep Reinforcement Learning Approach},
  author={Huang, Chien Yi},
  journal={arXiv preprint arXiv:1807.02787},
  year={2018}
}

@misc{huang2022deepreinforcementlearningportfolio,
      title={Deep reinforcement learning for portfolio management}, 
      author={Gang Huang and Xiaohua Zhou and Qingyang Song},
      year={2022},
      eprint={2012.13773},
      archivePrefix={arXiv},
      primaryClass={q-fin.CP},
      url={https://arxiv.org/abs/2012.13773}, 
}

@misc{kim2024financialstatementanalysislarge,
      title={Financial Statement Analysis with Large Language Models}, 
      author={Alex Kim and Maximilian Muhn and Valeri Nikolaev},
      year={2024},
      eprint={2407.17866},
      archivePrefix={arXiv},
      primaryClass={q-fin.ST},
      url={https://arxiv.org/abs/2407.17866}, 
}

@article{li2020generating,
  title={Generating Realistic Stock Market Order Streams},
  author={Li, Junyi and Wang, Xitong and Lin, Yaoyang and Sinha, Arunesh and Wellman, Micheal P.},
  journal={arXiv preprint arXiv:2006.04212},
  year={2020}
}

@article{li2021finrl,
  title={FinRL-Podracer: High Performance and Scalable Deep Reinforcement Learning for Quantitative Finance},
  author={Li, Zechu and Liu, Xiao-Yang and Zheng, Jiahao and Wang, Zhaoran and Walid, Anwar and Guo, Jian},
  journal={arXiv preprint arXiv:2111.05188},
  year={2021}
}

@misc{lopezlira2024chatgptforecaststockprice,
      title={Can ChatGPT Forecast Stock Price Movements? Return Predictability and Large Language Models}, 
      author={Alejandro Lopez-Lira and Yuehua Tang},
      year={2024},
      eprint={2304.07619},
      archivePrefix={arXiv},
      primaryClass={q-fin.ST},
      url={https://arxiv.org/abs/2304.07619}, 
}

@misc{nagy2025lobbenchbenchmarkinggenerativeai,
  title={LOB-Bench: Benchmarking Generative AI for Finance -- an Application to Limit Order Book Data},
  author={Peer Nagy and Sascha Frey and Kang Li and Bidipta Sarkar and Svitlana Vyetrenko and Stefan Zohren and Ani Calinescu and Jakob Foerster},
  year={2025},
  eprint={2502.09172},
  archivePrefix={arXiv},
  primaryClass={cs.LG},
  url={https://arxiv.org/abs/2502.09172},
}

@misc{niu2024evaluatingfinancialrelationalgraphs,
  title={Evaluating Financial Relational Graphs: Interpretation Before Prediction},
  author={Yingjie Niu and Lanxin Lu and Rian Dolphin and Valerio Poti and Ruihai Dong},
  year={2024},
  eprint={2410.07216},
  archivePrefix={arXiv},
  primaryClass={q-fin.ST},
  url={https://arxiv.org/abs/2410.07216},
}

@article{pippas2024evolution,
  title={The Evolution of Reinforcement Learning in Quantitative Finance: A Survey},
  author={Pippas, Nikolaos and Turkay, Cagatay and Ludvig, Elliot A.},
  journal={arXiv preprint arXiv:2408.10932},
  year={2024}
}

@article{rizzato2022generative,
  title={Generative Adversarial Networks Applied to Synthetic Financial Scenarios Generation},
  author={Rizzato, Matteo and Wallart, Julien and Geissler, Christophe and Morizet, Nicolas and Boumlaik, Noureddine},
  journal={arXiv preprint arXiv:2209.03935},
  year={2022}
}

@article{selser2021optimal,
  title={Optimal Market Making by Reinforcement Learning},
  author={Selser, Matias and Kreiner, Javier and Maurette, Manuel},
  journal={arXiv preprint arXiv:2104.04036},
  year={2021}
}

@article{theate2020application,
  title={An Application of Deep Reinforcement Learning to Algorithmic Trading},
  author={Th{\'e}ate, Thibaut and Ernst, Damien},
  journal={arXiv preprint arXiv:2004.06627},
  year={2020}
}

@misc{wang2024llmfactorextractingprofitablefactors,
      title={LLMFactor: Extracting Profitable Factors through Prompts for Explainable Stock Movement Prediction}, 
      author={Meiyun Wang and Kiyoshi Izumi and Hiroki Sakaji},
      year={2024},
      eprint={2406.10811},
      archivePrefix={arXiv},
      primaryClass={cs.CL},
      url={https://arxiv.org/abs/2406.10811}, 
}

@article{wiese2019deep,
  title={Deep Hedging: Learning to Simulate Equity Option Markets},
  author={Wiese, Magnus and Bai, Lianjun and Wood, Ben and Buehler, Hans},
  journal={arXiv preprint arXiv:1911.01700},
  year={2019}
}

@article{wiese2019quant,
  title={Quant GANs: Deep Generation of Financial Time Series},
  author={Wiese, Magnus and Knobloch, Robert and Korn, Ralf and Kretschmer, Peter},
  journal={arXiv preprint arXiv:1907.06673},
  year={2019}
}

@article{xia2023market,
  title={Market-GAN: Adding Control to Financial Market Data Generation with Semantic Context},
  author={Xia, Haochong and Sun, Shuo and Wang, Xinrun and An, Bo},
  journal={arXiv preprint arXiv:2309.07708},
  year={2023}
}

@misc{xie2023pixiulargelanguagemodel,
      title={PIXIU: A Large Language Model, Instruction Data and Evaluation Benchmark for Finance}, 
      author={Qianqian Xie and Weiguang Han and Xiao Zhang and Yanzhao Lai and Min Peng and Alejandro Lopez-Lira and Jimin Huang},
      year={2023},
      eprint={2306.05443},
      archivePrefix={arXiv},
      primaryClass={cs.CL},
      url={https://arxiv.org/abs/2306.05443}, 
}

@misc{xie2024finbenaholisticfinancialbenchmark,
  title={FinBen: A Holistic Financial Benchmark for Large Language Models},
  author={Qianqian Xie and Weiguang Han and Zhengyu Chen and Ruoyu Xiang and Xiao Zhang and Yueru He and Mengxi Xiao and Dong Li and Yongfu Dai and Duanyu Feng and Yijing Xu and Haoqiang Kang and Ziyan Kuang and Chenhan Yuan and Kailai Yang and Zheheng Luo and Tianlin Zhang and Zhiwei Liu and Guojun Xiong and Zhiyang Deng and Yuechen Jiang and Zhiyuan Yao and Haohang Li and Yangyang Yu and Gang Hu and Jiajia Huang and Xiao-Yang Liu and Alejandro Lopez-Lira and Benyou Wang and Yanzhao Lai and Hao Wang and Min Peng and Sophia Ananiadou and Jimin Huang},
  year={2024},
  eprint={2402.12659},
  archivePrefix={arXiv},
  primaryClass={cs.CL},
  url={https://arxiv.org/abs/2402.12659},
}

@misc{xu2024supercluefingradedfinegrainedanalysis,
  title={SuperCLUE-Fin: Graded Fine-Grained Analysis of Chinese LLMs on Diverse Financial Tasks and Applications},
  author={Liang Xu and Lei Zhu and Yaotong Wu and Hang Xue},
  year={2024},
  eprint={2404.19063},
  archivePrefix={arXiv},
  primaryClass={cs.CL},
  url={https://arxiv.org/abs/2404.19063},
}

@article{yu2019model,
  title={Model-based Deep Reinforcement Learning for Dynamic Portfolio Optimization},
  author={Yu, Pengqian and Lee, Joon Sern and Kulyatin, Ilya and Shi, Zekun and Dasgupta, Sakyasingha},
  journal={arXiv preprint arXiv:1901.08740},
  year={2019}
}

@article{zhang2019deep,
  title={Deep Reinforcement Learning for Trading},
  author={Zhang, Zihao and Zohren, Stefan and Roberts, Stephen},
  journal={arXiv preprint arXiv:1911.10107},
  year={2019}
}

