Bibliography

1. 

@article{ker2017deep,
  title={Deep learning applications in medical image analysis},
  author={Ker, Justin and Wang, Lipo and Rao, Jai and Lim, Tchoyoson},
  journal={Ieee Access},
  volume={6},
  pages={9375--9389},
  year={2017},
  publisher={IEEE}
}

2. 

@inproceedings{khan2022detection,
  title={Detection of cavities from oral Images using convolutional neural networks},
  author={Khan, MA Hafeez and Giri, Prasad S and Jothi, J Angel Arul},
  booktitle={2022 International Conference on Electrical, Computer and Energy Technologies (ICECET)},
  pages={1--6},
  year={2022},
  organization={IEEE}
}

3. 

@article{snell2017prototypical,
  title={Prototypical networks for few-shot learning},
  author={Snell, Jake and Swersky, Kevin and Zemel, Richard},
  journal={Advances in neural information processing systems},
  volume={30},
  year={2017}
}

4.

@article{lei2023one,
  title={One-shot weakly-supervised segmentation in 3D medical images},
  author={Lei, Wenhui and Su, Qi and Jiang, Tianyu and Gu, Ran and Wang, Na and Liu, Xinglong and Wang, Guotai and Zhang, Xiaofan and Zhang, Shaoting},
  journal={IEEE Transactions on Medical Imaging},
  year={2023},
  publisher={IEEE}
}

5. 

@inproceedings{koch2015siamese,
  title={Siamese neural networks for one-shot image recognition},
  author={Koch, Gregory and Zemel, Richard and Salakhutdinov, Ruslan and others},
  booktitle={ICML deep learning workshop},
  volume={2},
  number={1},
  year={2015},
  organization={Lille}
}

6.

@article{shaban2017one,
  title={One-shot learning for semantic segmentation},
  author={Shaban, Amirreza and Bansal, Shray and Liu, Zhen and Essa, Irfan and Boots, Byron},
  journal={arXiv preprint arXiv:1709.03410},
  year={2017}
} 

7.

@article{rakelly2018conditional,
  title={Conditional networks for few-shot semantic segmentation},
  author={Rakelly, Kate and Shelhamer, Evan and Darrell, Trevor and Efros, Alyosha and Levine, Sergey},
  year={2018}
}

8.

@inproceedings{sung2018learning,
  title={Learning to compare: Relation network for few-shot learning},
  author={Sung, Flood and Yang, Yongxin and Zhang, Li and Xiang, Tao and Torr, Philip HS and Hospedales, Timothy M},
  booktitle={Proceedings of the IEEE conference on computer vision and pattern recognition},
  pages={1199--1208},
  year={2018}
}

9.
@article{chen2019closer,
  title={A closer look at few-shot classification},
  author={Chen, Wei-Yu and Liu, Yen-Cheng and Kira, Zsolt and Wang, Yu-Chiang Frank and Huang, Jia-Bin},
  journal={arXiv preprint arXiv:1904.04232},
  year={2019}
}