@inproceedings{Chen2019CooperCP,
  title={Cooper: Cooperative Perception for Connected Autonomous Vehicles Based on 3D Point Clouds},
  author={Qi Chen and Sihai Tang and Q. Yang and Song Fu},
  booktitle={ICDCS},
  year={2019},
  pages={514-524}
}

@article{arnold2020cooperative,
  title={Cooperative perception for 3D object detection in driving scenarios using infrastructure sensors},
  author={Arnold, Eduardo and Dianati, Mehrdad and de Temple, Robert and Fallah, Saber},
  journal={IEEE TITS},
  year={2020},
  publisher={IEEE}
}

@inproceedings{cai2022analyzing,
  title={Analyzing infrastructure lidar placement with realistic lidar simulation library},
  author={Cai, Xinyu and Jiang, Wentao and Xu, Runsheng and Zhao, Wenquan and Ma, Jiaqi and Liu, Si and Li, Yikang},
  booktitle={ICRA},
  pages={5581--5587},
  year={2023}
}

@inproceedings{feng2018towards,
  title={Towards safe autonomous driving: Capture uncertainty in the deep neural network for lidar 3d vehicle detection},
  author={Feng, Di and Rosenbaum, Lars and Dietmayer, Klaus},
  booktitle={2018 21st international conference on intelligent transportation systems (ITSC)},
  pages={3266--3273},
  year={2018},
  organization={IEEE}
}

@inproceedings{feng2019leveraging,
  title={Leveraging heteroscedastic aleatoric uncertainties for robust real-time lidar 3d object detection},
  author={Feng, Di and Rosenbaum, Lars and Timm, Fabian and Dietmayer, Klaus},
  booktitle={2019 IEEE Intelligent Vehicles Symposium (IV)},
  pages={1280--1287},
  year={2019},
  organization={IEEE}
}

@article{feng2021review,
  title={A review and comparative study on probabilistic object detection in autonomous driving},
  author={Feng, Di and Harakeh, Ali and Waslander, Steven L and Dietmayer, Klaus},
  journal={IEEE TITS},
  year={2021},
  publisher={IEEE}
}

@inproceedings{he2019bounding,
  title={Bounding box regression with uncertainty for accurate object detection},
  author={He, Yihui and Zhu, Chenchen and Wang, Jianren and Savvides, Marios and Zhang, Xiangyu},
  booktitle={CVPR},
  pages={2888--2897},
  year={2019}
}

@inproceedings{he2020deep,
  title={Deep mixture density network for probabilistic object detection},
  author={He, Yihui and Wang, Jianren},
  booktitle={2020 IEEE/RSJ International Conference on Intelligent Robots and Systems (IROS)},
  pages={10550--10555},
  year={2020},
  organization={IEEE}
}

@article{kendall2017uncertainties,
  title={What uncertainties do we need in bayesian deep learning for computer vision?},
  author={Kendall, Alex and Gal, Yarin},
  journal={Advances in neural information processing systems},
  volume={30},
  year={2017}
}

@article{lahiri1999theoretical,
  title={Theoretical comparisons of block bootstrap methods},
  author={Lahiri, Soumendra N},
  journal={Annals of Statistics},
  pages={386--404},
  year={1999},
  publisher={JSTOR}
}

@article{lakshminarayanan2017simple,
  title={Simple and scalable predictive uncertainty estimation using deep ensembles},
  author={Lakshminarayanan, Balaji and Pritzel, Alexander and Blundell, Charles},
  journal={NeurIPS},
  volume={30},
  pages={6405--6416},
  year={2017}
}

@article{li2021learning,
  title={Learning distilled collaboration graph for multi-agent perception},
  author={Li, Yiming and Ren, Shunli and Wu, Pengxiang and Chen, Siheng and Feng, Chen and Zhang, Wenjun},
  journal={NeurIPS},
  pages={29541--29552},
  year={2021}
}

@article{li2022v2x,
  title = {V2X-Sim: Multi-Agent Collaborative Perception Dataset and Benchmark for Autonomous Driving},
    author = {Li, Yiming and Ma, Dekun and An, Ziyan and Wang, Zixun and Zhong, Yiqi and Chen, Siheng and Feng, Chen},
    journal = {IEEE RA-L},
    year = {2022}
}

@inproceedings{lyu2020probabilistic,
  title={Probabilistic object detection via deep ensembles},
  author={Lyu, Zongyao and Gutierrez, Nolan and Rajguru, Aditya and Beksi, William J},
  booktitle={ECCV},
  pages={67--75},
  year={2020},
  organization={Springer}
}

@inproceedings{meyer2019lasernet,
  title={Lasernet: An efficient probabilistic 3d object detector for autonomous driving},
  author={Meyer, Gregory P and Laddha, Ankit and Kee, Eric and Vallespi-Gonzalez, Carlos and Wellington, Carl K},
  booktitle={CVPR},
  pages={12677--12686},
  year={2019}
}

@inproceedings{meyer2020learning,
  title={Learning an uncertainty-aware object detector for autonomous driving},
  author={Meyer, Gregory P and Thakurdesai, Niranjan},
  booktitle={IROS},
  year={2020}
}

@inproceedings{miller2018dropout,
  title={Dropout sampling for robust object detection in open-set conditions},
  author={Miller, Dimity and Nicholson, Lachlan and Dayoub, Feras and S{\"u}nderhauf, Niko},
  booktitle={ICRA},
  pages={3243--3249},
  year={2018},
  organization={IEEE}
}

@article{ovadia2019can,
  title={Can you trust your model's uncertainty? evaluating predictive uncertainty under dataset shift},
  author={Ovadia, Yaniv and Fertig, Emily and Ren, Jie and Nado, Zachary and Sculley, David and Nowozin, Sebastian and Dillon, Joshua and Lakshminarayanan, Balaji and Snoek, Jasper},
  journal={NeurIPS},
  volume={32},
  year={2019}
}

@inproceedings{wang2020v2vnet,
  title={V2vnet: Vehicle-to-vehicle communication for joint perception and prediction},
  author={Wang, Tsun-Hsuan and Manivasagam, Sivabalan and Liang, Ming and Yang, Bin and Zeng, Wenyuan and Urtasun, Raquel},
  booktitle={Proceedings of the European Conference on Computer Vision (ECCV)},
  pages={605--621},
  year={2020}
}

@article{xu2022bridging,
  title={Bridging the domain gap for multi-agent perception},
  author={Xu, Runsheng and Li, Jinlong and Dong, Xiaoyu and Yu, Hongkai and Ma, Jiaqi},
  journal={arXiv preprint arXiv:2210.08451},
  year={2022}
}

@inproceedings{xu2022v2x,
  title={V2X-ViT: Vehicle-to-everything cooperative perception with vision transformer},
  author={Xu, Runsheng and Xiang, Hao and Tu, Zhengzhong and Xia, Xin and Yang, Ming-Hsuan and Ma, Jiaqi},
  booktitle={ECCV},
  year={2022}
}

