@incollection{Bengio+chapter2007,
author = {Bengio, Yoshua and LeCun, Yann},
booktitle = {Large Scale Kernel Machines},
publisher = {MIT Press},
title = {Scaling Learning Algorithms Towards {AI}},
year = {2007}
}

@article{Hinton06,
author = {Hinton, Geoffrey E. and Osindero, Simon and Teh, Yee Whye},
journal = {Neural Computation},
pages = {1527--1554},
title = {A Fast Learning Algorithm for Deep Belief Nets},
volume = {18},
year = {2006}
}

@book{goodfellow2016deep,
title={Deep learning},
author={Goodfellow, Ian and Bengio, Yoshua and Courville, Aaron and Bengio, Yoshua},
volume={1},
year={2016},
publisher={MIT Press}
}

@article{li2022v2x,
  title = {V2X-Sim: Multi-Agent Collaborative Perception Dataset and Benchmark for Autonomous Driving},
    author = {Li, Yiming and Ma, Dekun and An, Ziyan and Wang, Zixun and Zhong, Yiqi and Chen, Siheng and Feng, Chen},
    journal = {IEEE Robotics and Automation Letters},
    year = {2022}
}

@inproceedings{xu2022opencood,
 author = {Runsheng Xu and Hao Xiang and Xin Xia and Xu Han and Jinlong Li and Jiaqi Ma},
 title = {OPV2V: An Open Benchmark Dataset and Fusion Pipeline for Perception with Vehicle-to-Vehicle Communication},
 booktitle = {ICRA},
 year = {2022}}

@inproceedings{cai2022analyzing,
  title={Analyzing infrastructure lidar placement with realistic lidar simulation library},
  author={Cai, Xinyu and Jiang, Wentao and Xu, Runsheng and Zhao, Wenquan and Ma, Jiaqi and Liu, Si and Li, Yikang},
  booktitle={ICRA},
  pages={5581--5587},
  year={2023}
}

@article{roldao20223d,
  title={3D semantic scene completion: A survey},
  author={Roldao, Luis and De Charette, Raoul and Verroust-Blondet, Anne},
  journal={International Journal of Computer Vision},
  volume={130},
  number={8},
  pages={1978--2005},
  year={2022},
  publisher={Springer}
}

@inproceedings{tu2021adversarial,
  title={Adversarial attacks on multi-agent communication},
  author={Tu, James and Wang, Tsunhsuan and Wang, Jingkang and Manivasagam, Sivabalan and Ren, Mengye and Urtasun, Raquel},
  booktitle={IEEE/CVF ICCV},
  pages={7768--7777},
  year={2021}
}

@inproceedings{zeng2022attacking,
  title={On Attacking Out-Domain Uncertainty Estimation in Deep Neural Networks},
  author={Zeng, Huimin and Yue, Zhenrui and Zhang, Yang and Kou, Ziyi and Shang, Lanyu and Wang, Dong},
  booktitle={31st IJCAI 2022},
  pages={4893--4899},
  year={2022},
  organization={IJCAI}
}

@inproceedings{ledda2023adversarial,
  title={Adversarial Attacks Against Uncertainty Quantification},
  author={Ledda, Emanuele and Angioni, Daniele and Piras, Giorgio and Fumera, Giorgio and Biggio, Battista and Roli, Fabio},
  booktitle={IEEE/CVF ICCV},
  pages={4599--4608},
  year={2023}
}

@article{su2024collaborative,
  title={Collaborative multi-object tracking with conformal uncertainty propagation},
  author={Su, Sanbao and Han, Songyang and Li, Yiming and Zhang, Zhili and Feng, Chen and Ding, Caiwen and Miao, Fei},
  journal={IEEE Robotics and Automation Letters},
  year={2024},
  publisher={IEEE}
}

@article{li2021learning,
  title={Learning distilled collaboration graph for multi-agent perception},
  author={Li, Yiming and Ren, Shunli and Wu, Pengxiang and Chen, Siheng and Feng, Chen and Zhang, Wenjun},
  journal={Advances in Neural Information Processing Systems},
  volume={34},
  pages={29541--29552},
  year={2021}
}

@inproceedings{vadivelu2021learning,
  title={Learning to communicate and correct pose errors},
  author={Vadivelu, Nicholas and Ren, Mengye and Tu, James and Wang, Jingkang and Urtasun, Raquel},
  booktitle={Conference on Robot Learning},
  pages={1195--1210},
  year={2021},
  organization={PMLR}
}

@article{shafer2008tutorial,
  title={A Tutorial on Conformal Prediction.},
  author={Shafer, Glenn and Vovk, Vladimir},
  journal={Journal of Machine Learning Research},
  volume={9},
  number={3},
  year={2008}
}

@inproceedings{he2019bounding,
  title={Bounding box regression with uncertainty for accurate object detection},
  author={He, Yihui and Zhu, Chenchen and Wang, Jianren and Savvides, Marios and Zhang, Xiangyu},
  booktitle={IEEE/CVF CVPR},
  pages={2888--2897},
  year={2019}
}

@inproceedings{li2021uncertainty,
  title={Uncertainty-aware joint salient object and camouflaged object detection},
  author={Li, Aixuan and Zhang, Jing and Lv, Yunqiu and Liu, Bowen and Zhang, Tong and Dai, Yuchao},
  booktitle={IEEE/CVF CVPR},
  pages={10071--10081},
  year={2021}
}

@inproceedings{chang2019argoverse,
  title={Argoverse: 3d tracking and forecasting with rich maps},
  author={Chang, Ming-Fang and Lambert, John and Sangkloy, Patsorn and Singh, Jagjeet and Bak, Slawomir and Hartnett, Andrew and Wang, De and Carr, Peter and Lucey, Simon and Ramanan, Deva and others},
  booktitle={IEEE/CVF CVPR},
  pages={8748--8757},
  year={2019}
}

@article{feng2021review,
  title={A review and comparative study on probabilistic object detection in autonomous driving},
  author={Feng, Di and Harakeh, Ali and Waslander, Steven L and Dietmayer, Klaus},
  journal={IEEE TITS},
  volume={23},
  number={8},
  pages={9961--9980},
  year={2021},
  publisher={IEEE}
}

@inproceedings{meyer2020learning,
  title={Learning an uncertainty-aware object detector for autonomous driving},
  author={Meyer, Gregory P and Thakurdesai, Niranjan},
  booktitle={IEEE/RSJ International Conference on IROS},
  pages={10521--10527},
  year={2020}
}

@inproceedings{wang2020v2vnet,
  title={V2vnet: Vehicle-to-vehicle communication for joint perception and prediction},
  author={Wang, Tsun-Hsuan and Manivasagam, Sivabalan and Liang, Ming and Yang, Bin and Zeng, Wenyuan and Urtasun, Raquel},
  booktitle={2020 ECCV},
  pages={605--621},
  year={2020}
}

@inproceedings{liu2020when2com,
  title={When2com: Multi-agent perception via communication graph grouping},
  author={Liu, Yen-Cheng and Tian, Junjiao and Glaser, Nathaniel and Kira, Zsolt},
  booktitle={IEEE/CVF Conference on CVPR},
  pages={4106--4115},
  year={2020}
}

@inproceedings{xu2022v2x,
  title={V2X-ViT: Vehicle-to-everything cooperative perception with vision transformer},
  author={Xu, Runsheng and Xiang, Hao and Tu, Zhengzhong and Xia, Xin and Yang, Ming-Hsuan and Ma, Jiaqi},
  booktitle={2022 ECCV},
  year={2022}
}

@article{xu2022bridging,
  title={Bridging the domain gap for multi-agent perception},
  author={Xu, Runsheng and Li, Jinlong and Dong, Xiaoyu and Yu, Hongkai and Ma, Jiaqi},
  journal={arXiv preprint arXiv:2210.08451},
  year={2022}
}

@article{goodfellow2014explaining,
  title={Explaining and harnessing adversarial examples},
  author={Goodfellow, Ian J and Shlens, Jonathon and Szegedy, Christian},
  journal={arXiv preprint arXiv:1412.6572},
  year={2014}
}

@article{madry2017towards,
  title={Towards deep learning models resistant to adversarial attacks},
  author={Madry, Aleksander},
  journal={arXiv preprint arXiv:1706.06083},
  year={2017}
}

@inproceedings{alheeti2022lidar,
  title={LiDAR spoofing attack detection in autonomous vehicles},
  author={Alheeti, Khattab M Ali and Alzahrani, Abdulkareem and Al Dosary, Duaa},
  booktitle={2022 IEEE ICCE},
  pages={1--2},
  year={2022},
  organization={IEEE}
}

@inproceedings{hau2021shadow,
  title={Shadow-catcher: Looking into shadows to detect ghost objects in autonomous vehicle 3d sensing},
  author={Hau, Zhongyuan and Demetriou, Soteris and Mu{\~n}oz-Gonz{\'a}lez, Luis and Lupu, Emil C},
  booktitle={Computer Security--ESORICS},
  pages={691--711},
  year={2021}
}

@inproceedings{ranganathan2016spree,
  title={Spree: A spoofing resistant gps receiver},
  author={Ranganathan, Aanjhan and {\'O}lafsd{\'o}ttir, Hildur and Capkun, Srdjan},
  booktitle={MobiCom},
  pages={348--360},
  year={2016}
}

@inproceedings{sun2020towards,
  title={Towards robust $\{$LiDAR-based$\}$ perception in autonomous driving: General black-box adversarial sensor attack and countermeasures},
  author={Sun, Jiachen and Cao, Yulong and Chen, Qi Alfred and Mao, Z Morley},
  booktitle={USENIX Security 20},
  pages={877--894},
  year={2020}
}

@article{rss19,
  title={Risk Contours Map for Risk Bounded Motion Planning under Perception Uncertainties},
  author={Ashkan M. Z. Jasour and Brian Charles Williams},
  journal={Robotics: Science and Systems},
  year={2019}
}

@InProceedings{perceptionCBF_corl21,
  title = {Guaranteeing Safety of Learned Perception Modules via Measurement-Robust Control Barrier Functions},
  author={Dean, Sarah and Taylor, Andrew and Cosner, Ryan and Recht, Benjamin and Ames, Aaron},
  booktitle={CoRL},
  pages={654--670},
  year={2021},
}

@article{he2023robust,
  title={Robust Multi-Agent Reinforcement Learning with State Uncertainty},
  author={He, Sihong and Han, Songyang and Su, Sanbao and Han, Shuo and Zou, Shaofeng and Miao, Fei},
  journal={TMLR},
  year={2023}
}

@inproceedings{li2023among,
  title={Among us: Adversarially robust collaborative perception by consensus},
  author={Li, Yiming and Fang, Qi and Bai, Jiamu and Chen, Siheng and Juefei-Xu, Felix and Feng, Chen},
  booktitle={IEEE/CVF ICCV},
  pages={186--195},
  year={2023}
}

@inproceedings{miller2018dropout,
  title={Dropout sampling for robust object detection in open-set conditions},
  author={Miller, Dimity and Nicholson, Lachlan and Dayoub, Feras and S{\"u}nderhauf, Niko},
  booktitle={2018 IEEE ICRA},
  pages={3243--3249},
  year={2018},
  organization={IEEE}
}

@article{lakshminarayanan2017simple,
  title={Simple and scalable predictive uncertainty estimation using deep ensembles},
  author={Lakshminarayanan, Balaji and Pritzel, Alexander and Blundell, Charles},
  journal={Advances in neural information processing systems},
  volume={30},
  year={2017}
}

@inproceedings{lyu2020probabilistic,
  title={Probabilistic object detection via deep ensembles},
  author={Lyu, Zongyao and Gutierrez, Nolan and Rajguru, Aditya and Beksi, William J},
  booktitle={2020 ECCV},
  pages={67--75},
  year={2020},
  organization={Springer}
}

@article{ovadia2019can,
  title={Can you trust your model's uncertainty? evaluating predictive uncertainty under dataset shift},
  author={Ovadia, Yaniv and Fertig, Emily and Ren, Jie and Nado, Zachary and Sculley, David and Nowozin, Sebastian and Dillon, Joshua and Lakshminarayanan, Balaji and Snoek, Jasper},
  journal={Advances in neural information processing systems},
  volume={32},
  year={2019}
}

}

@inproceedings{Su2022uncertainty,
  author = {Su, Sanbao and Li, Yiming and He, Sihong and Han, Songyang and Feng, Chen and Ding, Caiwen and Miao, Fei},
  title = {Uncertainty Quantification of Collaborative Detection for Self-Driving},
  year={2023},
  booktitle={ICRA}
}

@article{erlygin2023uncertainty,
  title={Uncertainty estimation for time series forecasting via Gaussian process regression surrogates},
  author={Erlygin, Leonid and Zholobov, Vladimir and Baklanova, Valeriia and Sokolovskiy, Evgeny and Zaytsev, Alexey},
  journal={SIGKDD 2023},
  year={2023}
}

@inproceedings{di2021pixel,
  title={Pixel-wise anomaly detection in complex driving scenes},
  author={Di Biase, Giancarlo and Blum, Hermann and Siegwart, Roland and Cadena, Cesar},
  booktitle={IEEE/CVF CVPR},
  pages={16918--16927},
  year={2021}
}

@inproceedings{kim2022uncertainty,
  title={Uncertainty-aware text-to-program for question answering on structured electronic health records},
  author={Kim, Daeyoung and Bae, Seongsu and Kim, Seungho and Choi, Edward},
  booktitle={Conference on Health, Inference, and Learning},
  pages={138--151},
  year={2022},
  organization={PMLR}
}

@inproceedings{liu2020who2com,
  title={Who2com: Collaborative perception via learnable handshake communication},
  author={Liu, Yen-Cheng and Tian, Junjiao and Ma, Chih-Yao and Glaser, Nathan and Kuo, Chia-Wen and Kira, Zsolt},
  booktitle={2020 IEEE ICRA},
  pages={6876--6883},
  year={2020},
  organization={IEEE}
}

@article{li2024comamba,
  title={Comamba: Real-time cooperative perception unlocked with state space models},
  author={Li, Jinlong and Liu, Xinyu and Li, Baolu and Xu, Runsheng and Li, Jiachen and Yu, Hongkai and Tu, Zhengzhong},
  journal={arXiv preprint arXiv:2409.10699},
  year={2024}
}

@inproceedings{im2022adversarial,
  title={Adversarial attack and defense of yolo detectors in autonomous driving scenarios},
  author={Im Choi, Jung and Tian, Qing},
  booktitle={IEEE Intelligent Vehicles Symposium (IV)},
  pages={1011--1017},
  year={2022}
}

@inproceedings{chow2020adversarial,
  title={Adversarial objectness gradient attacks in real-time object detection systems},
  author={Chow, Ka-Ho and Liu, Ling and Loper, Margaret and Bae, Juhyun and Gursoy, Mehmet Emre and Truex, Stacey and Wei, Wenqi and Wu, Yanzhao},
  booktitle={2020 Second IEEE TPS-ISA},
  pages={263--272},
  year={2020},
  organization={IEEE}
}

@inproceedings{xie2017adversarial,
  title={Adversarial examples for semantic segmentation and object detection},
  author={Xie, Cihang and Wang, Jianyu and Zhang, Zhishuai and Zhou, Yuyin and Xie, Lingxi and Yuille, Alan},
  booktitle={IEEE/CVF ICCV},
  pages={1369--1378},
  year={2017}
}

@article{lu2017adversarial,
  title={Adversarial examples that fool detectors},
  author={Lu, Jiajun and Sibai, Hussein and Fabry, Evan},
  journal={arXiv preprint arXiv:1712.02494},
  year={2017}
}

@inproceedings{zhang2019towards,
  title={Towards adversarially robust object detection},
  author={Zhang, Haichao and Wang, Jianyu},
  booktitle={IEEE/CVF ICCV},
  pages={421--430},
  year={2019}
}

@article{mkadry2017towards,
  title={Towards deep learning models resistant to adversarial attacks},
  author={M{\k{a}}dry, Aleksander and Makelov, Aleksandar and Schmidt, Ludwig and Tsipras, Dimitris and Vladu, Adrian},
  journal={stat},
  volume={1050},
  number={9},
  year={2017}
}

@inproceedings{yin2022adc,
  title={Adc: Adversarial attacks against object detection that evade context consistency checks},
  author={Yin, Mingjun and Li, Shasha and Song, Chengyu and Asif, M Salman and Roy-Chowdhury, Amit K and Krishnamurthy, Srikanth V},
  booktitle={IEEE/CVF WACV},
  pages={3278--3287},
  year={2022}
}

@inproceedings{li2020connecting,
  title={Connecting the dots: Detecting adversarial perturbations using context inconsistency},
  author={Li, Shasha and Zhu, Shitong and Paul, Sudipta and Roy-Chowdhury, Amit and Song, Chengyu and Krishnamurthy, Srikanth and Swami, Ananthram and Chan, Kevin S},
  booktitle={ECCV 2020},
  pages={396--413},
  year={2020},
  organization={Springer}
}

@inproceedings{ma2021detecting,
  title={Detecting adversarial attacks on audiovisual speech recognition},
  author={Ma, Pingchuan and Petridis, Stavros and Pantic, Maja},
  booktitle={IEEE ICASSP},
  pages={6403--6407},
  year={2021}
}

@inproceedings{xiao2019advit,
  title={Advit: Adversarial frames identifier based on temporal consistency in videos},
  author={Xiao, Chaowei and Deng, Ruizhi and Li, Bo and Lee, Taesung and Edwards, Benjamin and Yi, Jinfeng and Song, Dawn and Liu, Mingyan and Molloy, Ian},
  booktitle={IEEE/CVF ICCV},
  pages={3968--3977},
  year={2019}
}

@inproceedings{xiao2018characterizing,
  title={Characterizing adversarial examples based on spatial consistency information for semantic segmentation},
  author={Xiao, Chaowei and Deng, Ruizhi and Li, Bo and Yu, Fisher and Liu, Mingyan and Song, Dawn},
  booktitle={ECCV 2018},
  pages={217--234},
  year={2018}
}

@inproceedings{santhosh2022using,
  title={Using Uncertainty as a Defense Against Adversarial Attacks for Tabular Datasets},
  author={Santhosh, Poornima and Gressel, Gilad and Darling, Michael C},
  booktitle={Australasian Joint Conference on Artificial Intelligence},
  pages={719--732},
  year={2022},
  organization={Springer}
}

@article{maag2023uncertainty,
  title={Uncertainty-based detection of adversarial attacks in semantic segmentation},
  author={Maag, Kira and Fischer, Asja},
  journal={arXiv preprint arXiv:2305.12825},
  year={2023}
}

@article{everett2022improving,
  title={Improving Out-of-Distribution Detection via Epistemic Uncertainty Adversarial Training},
  author={Everett, Derek and Nguyen, Andre T and Richards, Luke E and Raff, Edward},
  journal={arXiv preprint arXiv:2209.03148},
  year={2022}
}

@inproceedings{ye2024uncertainty,
  title={Uncertainty-aware sar atr: Defending against adversarial attacks via bayesian neural networks},
  author={Ye, Tian and Kannan, Rajgopal and Prasanna, Viktor and Busart, Carl},
  booktitle={2024 IEEE Radar Conference},
  pages={1--6},
  year={2024},
  organization={IEEE}
}

@inproceedings{zhou2022hivt,
  title={Hivt: Hierarchical vector transformer for multi-agent motion prediction},
  author={Zhou, Zikang and Ye, Luyao and Wang, Jianping and Wu, Kui and Lu, Kejie},
  booktitle={IEEE/CVF CVPR},
  pages={8823--8833},
  year={2022}
}


@article{smith2018understanding,
  title={Understanding measures of uncertainty for adversarial example detection},
  author={Smith, Lewis and Gal, Yarin},
  journal={arXiv preprint arXiv:1803.08533},
  year={2018}
}

@inproceedings{li2017dropout,
  title={Dropout inference in bayesian neural networks with alpha-divergences},
  author={Li, Yingzhen and Gal, Yarin},
  booktitle={ICML},
  pages={2052--2061},
  year={2017},
  organization={PMLR}
}

@article{rawat2017adversarial,
  title={Adversarial phenomenon in the eyes of Bayesian deep learning},
  author={Rawat, Ambrish and Wistuba, Martin and Nicolae, Maria-Irina},
  journal={arXiv preprint arXiv:1711.08244},
  year={2017}
}

@article{feinman2017detecting,
  title={Detecting adversarial samples from artifacts},
  author={Feinman, Reuben and Curtin, Ryan R and Shintre, Saurabh and Gardner, Andrew B},
  journal={arXiv preprint arXiv:1703.00410},
  year={2017}
}


@inproceedings{zhu2023improving,
  title={Improving generalization of adversarial training via robust critical fine-tuning},
  author={Zhu, Kaijie and Hu, Xixu and Wang, Jindong and Xie, Xing and Yang, Ge},
  booktitle={IEEE/CVF ICCV},
  pages={4424--4434},
  year={2023}
}

@article{angelopoulos2023conformal,
  title={Conformal pid control for time series prediction},
  author={Angelopoulos, Anastasios N and Candes, Emmanuel J and Tibshirani, Ryan J},
  journal={arXiv preprint arXiv:2307.16895},
  year={2023}
}










