% robust trajectory planning and control of autocars based on 

@inproceedings{Dosovitskiy17,
  title = { {CARLA}: {An} Open Urban Driving Simulator},
  author = {Alexey Dosovitskiy and German Ros and Felipe Codevilla and Antonio Lopez and Vladlen Koltun},
  booktitle = {Proceedings of the 1st Annual Conference on Robot Learning},
  pages = {1--16},
  year = {2017}
}

@article{han2022behavior,
  title = {A Multi-Agent Reinforcement Learning Approach For Safe and Efficient Behavior Planning Of Connected Autonomous Vehicles},
  author = {Han, Songyang and Zhou, Shanglin and Wang, Jiangwei and Pepin, Lynn and Ding, Caiwen and Fu, Jie and Miao, Fei},
  journal={arXiv:2003.04371},
  year={2022}
}

@inproceedings{han2022stable,
  title={Stable and Efficient Shapley Value-Based Reward Reallocation for Multi-Agent Reinforcement Learning of Autonomous Vehicles},
  author={Han, Songyang and Wang, He and Su, Sanbao and Shi, Yuanyuan and Miao, Fei},
  booktitle={IEEE International Conference on Robotics and Automation (ICRA)},
  pages={8765--8771},
  year={2022},
  organization={IEEE}
}

@ARTICLE{SurveyPlan_16,
  author={Paden, Brian and Čáp, Michal and Yong, Sze Zheng and Yershov, Dmitry and Frazzoli, Emilio},
  journal={IEEE Transactions on Intelligent Vehicles}, 
  title={A Survey of Motion Planning and Control Techniques for Self-Driving Urban Vehicles}, 
  year={2016},
  volume={1},
  number={1},
  pages={33-55},
  doi={10.1109/TIV.2016.2578706}}

@inproceedings{motion_icra14,
  title={Motion planning under uncertainty for on-road autonomous driving},
  author={Wenda Xu and Jia Pan and Junqing Wei and John M. Dolan},
  booktitle={2014 IEEE International Conference on Robotics and Automation (ICRA)},
  year={2014},
  pages={2507-2512}
}

@article{kurakin2016adversarial,
  title={Adversarial examples in the physical world},
  author={Kurakin, Alexey and Goodfellow, Ian and Bengio, Samy},
  journal={arXiv preprint arXiv:1607.02533},
  year={2016}
}

@article{lin2017tactics,
  title={Tactics of adversarial attack on deep reinforcement learning agents},
  author={Lin, Yen-Chen and Hong, Zhang-Wei and Liao, Yuan-Hong and Shih, Meng-Li and Liu, Ming-Yu and Sun, Min},
  journal={Proceedings of the International Joint Conference on Artificial Intelligence},
  year={2017}
}

@article{huang2017adversarial,
  title={Adversarial attacks on neural network policies},
  author={Huang, Sandy and Papernot, Nicolas and Goodfellow, Ian and Duan, Yan and Abbeel, Pieter},
  journal={The International Conference on Learning Representations},
  year={2017}
}

@inproceedings{kothandaraman2021ss,
  title={SS-SFDA: Self-supervised source-free domain adaptation for road segmentation in hazardous environments},
  author={Kothandaraman, Divya and Chandra, Rohan and Manocha, Dinesh},
  booktitle={Proceedings of the IEEE/CVF International Conference on Computer Vision},
  pages={3049--3059},
  year={2021}
}

@article{liu2021robust,
  title={Robust target recognition and tracking of self-driving cars with radar and camera information fusion under severe weather conditions},
  author={Liu, Ze and Cai, Yingfeng and Wang, Hai and Chen, Long and Gao, Hongbo and Jia, Yunyi and Li, Yicheng},
  journal={IEEE Transactions on Intelligent Transportation Systems},
  year={2021},
  publisher={IEEE}
}

@article{feng2021review,
  title={A review and comparative study on probabilistic object detection in autonomous driving},
  author={Feng, Di and Harakeh, Ali and Waslander, Steven L and Dietmayer, Klaus},
  journal={IEEE Transactions on Intelligent Transportation Systems},
  year={2021},
  publisher={IEEE}
}

@inproceedings{meyer2020learning,
  title={Learning an uncertainty-aware object detector for autonomous driving},
  author={Meyer, Gregory P and Thakurdesai, Niranjan},
  booktitle={2020 IEEE/RSJ International Conference on Intelligent Robots and Systems (IROS)},
  pages={10521--10527},
  year={2020},
  organization={IEEE}
}

@inproceedings{he2019bounding,
  title={Bounding box regression with uncertainty for accurate object detection},
  author={He, Yihui and Zhu, Chenchen and Wang, Jianren and Savvides, Marios and Zhang, Xiangyu},
  booktitle={Proceedings of the IEEE/CVF Conference on Computer Vision and Pattern Recognition},
  pages={2888--2897},
  year={2019}
}

@article{lakshminarayanan2017simple,
  title={Simple and scalable predictive uncertainty estimation using deep ensembles},
  author={Lakshminarayanan, Balaji and Pritzel, Alexander and Blundell, Charles},
  journal={Advances in neural information processing systems},
  volume={30},
  year={2017}
}

@article{li2022v2x,
  title = {V2X-Sim: Multi-Agent Collaborative Perception Dataset and Benchmark for Autonomous Driving},
    author = {Li, Yiming and Ma, Dekun and An, Ziyan and Wang, Zixun and Zhong, Yiqi and Chen, Siheng and Feng, Chen},
    journal = {IEEE Robotics and Automation Letters},
    year = {2022}
}

@inproceedings{hall2020probabilistic,
  title={Probabilistic object detection: Definition and evaluation},
  author={Hall, David and Dayoub, Feras and Skinner, John and Zhang, Haoyang and Miller, Dimity and Corke, Peter and Carneiro, Gustavo and Angelova, Anelia and S{\"u}nderhauf, Niko},
  booktitle={Proceedings of the IEEE/CVF Winter Conference on Applications of Computer Vision},
  pages={1031--1040},
  year={2020}
}

@inproceedings{chiu2021probabilistic,
  title={Probabilistic 3d multi-modal, multi-object tracking for autonomous driving},
  author={Chiu, Hsu-kuang and Li, Jie and Ambru{\c{s}}, Rare{\c{s}} and Bohg, Jeannette},
  booktitle={2021 IEEE International Conference on Robotics and Automation (ICRA)},
  pages={14227--14233},
  year={2021},
  organization={IEEE}
}

@article{luiten2021hota,
  title={Hota: A higher order metric for evaluating multi-object tracking},
  author={Luiten, Jonathon and Osep, Aljosa and Dendorfer, Patrick and Torr, Philip and Geiger, Andreas and Leal-Taix{\'e}, Laura and Leibe, Bastian},
  journal={International journal of computer vision},
  volume={129},
  number={2},
  pages={548--578},
  year={2021},
  publisher={Springer}
}

@inproceedings{gustafsson2020evaluating,
  title={Evaluating scalable bayesian deep learning methods for robust computer vision},
  author={Gustafsson, Fredrik K and Danelljan, Martin and Schon, Thomas B},
  booktitle={Proceedings of the IEEE/CVF conference on computer vision and pattern recognition workshops},
  pages={318--319},
  year={2020}
}

@article{lahiri1999theoretical,
  title={Theoretical comparisons of block bootstrap methods},
  author={Lahiri, Soumendra N},
  journal={Annals of Statistics},
  pages={386--404},
  year={1999},
  publisher={JSTOR}
}

@inproceedings{kumar2020luvli,
  title={Luvli face alignment: Estimating landmarks' location, uncertainty, and visibility likelihood},
  author={Kumar, Abhinav and Marks, Tim K and Mou, Wenxuan and Wang, Ye and Jones, Michael and Cherian, Anoop and Koike-Akino, Toshiaki and Liu, Xiaoming and Feng, Chen},
  booktitle={Proceedings of the IEEE/CVPR Conference on Computer Vision and Pattern Recognition},
  pages={8236--8246},
  year={2020}
}

@inproceedings{lin2017focal,
  title={Focal loss for dense object detection},
  author={Lin, Tsung-Yi and Goyal, Priya and Girshick, Ross and He, Kaiming and Doll{\'a}r, Piotr},
  booktitle={Proceedings of the IEEE international conference on computer vision},
  pages={2980--2988},
  year={2017}
}

@inproceedings{nuscenes,
  title={nuScenes: A multimodal dataset for autonomous driving},
  author={Holger Caesar and Varun Bankiti and Alex H. Lang and Sourabh Vora and 
          Venice Erin Liong and Qiang Xu and Anush Krishnan and Yu Pan and 
          Giancarlo Baldan and Oscar Beijbom}, 
  booktitle={CVPR},
  year=2020
}

@inproceedings{sun2020scalability,
  title={Scalability in perception for autonomous driving: Waymo open dataset},
  author={Sun, Pei and Kretzschmar, Henrik and Dotiwalla, Xerxes and Chouard, Aurelien and Patnaik, Vijaysai and Tsui, Paul and Guo, James and Zhou, Yin and Chai, Yuning and Caine, Benjamin and others},
  booktitle={Proceedings of the IEEE/CVF conference on computer vision and pattern recognition},
  pages={2446--2454},
  year={2020}
}

@inproceedings{wu2020motionnet,
  title={Motionnet: Joint perception and motion prediction for autonomous driving based on bird's eye view maps},
  author={Wu, Pengxiang and Chen, Siheng and Metaxas, Dimitris N},
  booktitle={Proceedings of the IEEE/CVF conference on computer vision and pattern recognition},
  pages={11385--11395},
  year={2020}
}

@article{li2021learning,
  title={Learning distilled collaboration graph for multi-agent perception},
  author={Li, Yiming and Ren, Shunli and Wu, Pengxiang and Chen, Siheng and Feng, Chen and Zhang, Wenjun},
  journal={Advances in Neural Information Processing Systems},
  volume={},
  pages={29541--29552},
  year={2021}
}

@inproceedings{luo2018fast,
  title={Fast and furious: Real time end-to-end 3d detection, tracking and motion forecasting with a single convolutional net},
  author={Luo, Wenjie and Yang, Bin and Urtasun, Raquel},
  booktitle={Proceedings of the IEEE conference on Computer Vision and Pattern Recognition},
  pages={3569--3577},
  year={2018}
}

@inproceedings{wang2020v2vnet,
  title={V2vnet: Vehicle-to-vehicle communication for joint perception and prediction},
  author={Wang, Tsun-Hsuan and Manivasagam, Sivabalan and Liang, Ming and Yang, Bin and Zeng, Wenyuan and Urtasun, Raquel},
  booktitle={Proceedings of the European Conference on Computer Vision (ECCV)},
  pages={605--621},
  year={2020}
}

@inproceedings{vadivelu2020learning,
  title={Learning to Communicate and Correct Pose Errors},
  author={Vadivelu, Nicholas and Ren, Mengye and Tu, James and Wang, Jingkang and Urtasun, Raquel},
  booktitle={Conference on Robot Learning},
  year={2020}
}

@inproceedings{Chen2019CooperCP,
  title={Cooper: Cooperative Perception for Connected Autonomous Vehicles Based on 3D Point Clouds},
  author={Qi Chen and Sihai Tang and Q. Yang and Song Fu},
  booktitle={ IEEE 39th International Conference on Distributed Computing Systems (ICDCS)},
  year={2019},
  pages={514-524}
}

@inproceedings{xu2022v2x,
  title={V2X-ViT: Vehicle-to-everything cooperative perception with vision transformer},
  author={Xu, Runsheng and Xiang, Hao and Tu, Zhengzhong and Xia, Xin and Yang, Ming-Hsuan and Ma, Jiaqi},
  booktitle={Proceedings of the European Conference on Computer Vision (ECCV)},
  year={2022}
}

@inproceedings{boris2022propagating,
  title={Propagating State Uncertainty Through Trajectory Forecasting},
  author={Boris, Ivanovic and Yifeng, Lin and Shubham, Shrivastava and Punarjay, Chakravarty and Marco, Pavone},
  booktitle={2022 IEEE International Conference on Robotics and Automation (ICRA)},
  year={2022},
  organization={IEEE}
}

@article{hullermeier2021aleatoric,
  title={Aleatoric and epistemic uncertainty in machine learning: An introduction to concepts and methods},
  author={H{\"u}llermeier, Eyke and Waegeman, Willem},
  journal={Machine Learning},
  volume={110},
  number={3},
  pages={457--506},
  year={2021},
  publisher={Springer}
}

@article{arnold2020cooperative,
  title={Cooperative perception for 3D object detection in driving scenarios using infrastructure sensors},
  author={Arnold, Eduardo and Dianati, Mehrdad and de Temple, Robert and Fallah, Saber},
  journal={IEEE Transactions on Intelligent Transportation Systems},
  year={2020},
  publisher={IEEE}
}

@inproceedings{miller2018dropout,
  title={Dropout sampling for robust object detection in open-set conditions},
  author={Miller, Dimity and Nicholson, Lachlan and Dayoub, Feras and S{\"u}nderhauf, Niko},
  booktitle={2018 IEEE International Conference on Robotics and Automation (ICRA)},
  pages={3243--3249},
  year={2018},
  organization={IEEE}
}

@inproceedings{miller2019evaluating,
  title={Evaluating merging strategies for sampling-based uncertainty techniques in object detection},
  author={Miller, Dimity and Dayoub, Feras and Milford, Michael and S{\"u}nderhauf, Niko},
  booktitle={2019 International Conference on Robotics and Automation (ICRA)},
  pages={2348--2354},
  year={2019},
  organization={IEEE}
}

@inproceedings{ali2020bayesod,
  title={BayesOD: A Bayesian approach for uncertainty estimation in deep object detectors},
  author={Ali, Harakeh and Michael, Smart and Steven L., Waslander},
  booktitle={2020 International Conference on Robotics and Automation (ICRA)},
  pages={87--93},
  year={2020},
  organization={IEEE}
}

@inproceedings{meyer2019lasernet,
  title={Lasernet: An efficient probabilistic 3d object detector for autonomous driving},
  author={Meyer, Gregory P and Laddha, Ankit and Kee, Eric and Vallespi-Gonzalez, Carlos and Wellington, Carl K},
  booktitle={Proceedings of the IEEE/CVF Conference on Computer Vision and Pattern Recognition},
  pages={12677--12686},
  year={2019}
}

@inproceedings{lee2022trust,
  title={Trust your robots! predictive uncertainty estimation of neural networks with sparse gaussian processes},
  author={Lee, Jongseok and Feng, Jianxiang and Humt, Matthias and M{\"u}ller, Marcus Gerhard and Triebel, Rudolph},
  booktitle={Conference on Robot Learning},
  pages={1168--1179},
  year={2022},
  organization={PMLR}
}

@article{qian20223d,
  title={3D object detection for autonomous driving: a survey},
  author={Qian, Rui and Lai, Xin and Li, Xirong},
  journal={Pattern Recognition},
  pages={108796},
  year={2022},
  publisher={Elsevier}
}

@misc{gal2017concrete,
    title={Concrete Dropout},
    author={Yarin Gal and Jiri Hron and Alex Kendall},
    year={2017},
    eprint={1705.07832},
    archivePrefix={arXiv},
    primaryClass={stat.ML}
}

@article{kendall2017uncertainties,
  title={What uncertainties do we need in bayesian deep learning for computer vision?},
  author={Kendall, Alex and Gal, Yarin},
  journal={Advances in neural information processing systems},
  volume={30},
  year={2017}
}

@inproceedings{feng2019leveraging,
  title={Leveraging heteroscedastic aleatoric uncertainties for robust real-time lidar 3d object detection},
  author={Feng, Di and Rosenbaum, Lars and Timm, Fabian and Dietmayer, Klaus},
  booktitle={IEEE Intelligent Vehicles Symposium (IV)},
  pages={1280--1287},
  year={2019}
}

@inproceedings{feng2018towards,
  title={Towards safe autonomous driving: Capture uncertainty in the deep neural network for lidar 3d vehicle detection},
  author={Feng, Di and Rosenbaum, Lars and Dietmayer, Klaus},
  booktitle={2018 21st international conference on intelligent transportation systems (ITSC)},
  pages={3266--3273},
  year={2018},
  organization={IEEE}
}

@inproceedings{lyu2020probabilistic,
  title={Probabilistic object detection via deep ensembles},
  author={Lyu, Zongyao and Gutierrez, Nolan and Rajguru, Aditya and Beksi, William J},
  booktitle={European Conference on Computer Vision},
  pages={67--75},
  year={2020},
  organization={Springer}
}

@article{ovadia2019can,
  title={Can you trust your model's uncertainty? evaluating predictive uncertainty under dataset shift},
  author={Ovadia, Yaniv and Fertig, Emily and Ren, Jie and Nado, Zachary and Sculley, David and Nowozin, Sebastian and Dillon, Joshua and Lakshminarayanan, Balaji and Snoek, Jasper},
  journal={Advances in neural information processing systems},
  volume={32},
  year={2019}
}

@book{murphy2012machine,
  title={Machine learning: a probabilistic perspective},
  author={Murphy, Kevin P},
  year={2012},
  publisher={MIT press}
}

@article{kunsch1989jackknife,
  title={The jackknife and the bootstrap for general stationary observations},
  author={Kunsch, Hans R},
  journal={The annals of Statistics},
  pages={1217--1241},
  year={1989},
  publisher={JSTOR}
}

@inproceedings{harakeh2021estimating,
title={Estimating and Evaluating Regression Predictive Uncertainty in Deep Object Detectors},
author={Ali Harakeh and Steven L. Waslander},
booktitle={International Conference on Learning Representations},
year={2021}
}

@inproceedings{he2020deep,
  title={Deep mixture density network for probabilistic object detection},
  author={He, Yihui and Wang, Jianren},
  booktitle={2020 IEEE/RSJ International Conference on Intelligent Robots and Systems (IROS)},
  pages={10550--10555},
  year={2020},
  organization={IEEE}
}

@article{xu2022bridging,
  title={Bridging the domain gap for multi-agent perception},
  author={Xu, Runsheng and Li, Jinlong and Dong, Xiaoyu and Yu, Hongkai and Ma, Jiaqi},
  journal={arXiv preprint arXiv:2210.08451},
  year={2022}
}

@article{chen2022model,
  title={Model-agnostic multi-agent perception framework},
  author={Chen, Weizhe and Xu, Runsheng and Xiang, Hao and Liu, Lantao and Ma, Jiaqi},
  journal={arXiv preprint arXiv:2203.13168},
  year={2022}
}

@article{xiang2022v2xp,
  title={V2XP-ASG: Generating Adversarial Scenes for Vehicle-to-Everything Perception},
  author={Xiang, Hao and Xu, Runsheng and Xia, Xin and Zheng, Zhaoliang and Zhou, Bolei and Ma, Jiaqi},
  journal={arXiv preprint arXiv:2209.13679},
  year={2022}
}

@article{cai2022analyzing,
  title={Analyzing Infrastructure LiDAR Placement with Realistic LiDAR},
  author={Cai, Xinyu and Jiang, Wentao and Xu, Runsheng and Zhao, Wenquan and Ma, Jiaqi and Liu, Si and Li, Yikang},
  journal={arXiv preprint arXiv:2211.15975},
  year={2022}
} 

@inproceedings{li2022multi,
  title={Multi-robot scene completion: Towards task-agnostic collaborative perception},
  author={Li, Yiming and Zhang, Juexiao and Ma, Dekun and Wang, Yue and Feng, Chen},
  booktitle={6th Annual Conference on Robot Learning},
  year={2022}
}

@inproceedings{zhu2023improving,
  title={Improving generalization of adversarial training via robust critical fine-tuning},
  author={Zhu, Kaijie and Hu, Xixu and Wang, Jindong and Xie, Xing and Yang, Ge},
  booktitle={Proceedings of the IEEE/CVF International Conference on Computer Vision},
  pages={4424--4434},
  year={2023}
}