


@inproceedings{wu2021track,
  title={Track to detect and segment: An online multi-object tracker},
  author={Wu, Jialian and Cao, Jiale and Song, Liangchen and Wang, Yu and Yang, Ming and Yuan, Junsong},
  booktitle={Proceedings of the IEEE/CVF conference on computer vision and pattern recognition},
  pages={12352--12361},
  year={2021}
}

@article{sun2020transtrack,
  title={Transtrack: Multiple object tracking with transformer},
  author={Sun, Peize and Cao, Jinkun and Jiang, Yi and Zhang, Rufeng and Xie, Enze and Yuan, Zehuan and Wang, Changhu and Luo, Ping},
  journal={arXiv preprint arXiv:2012.15460},
  year={2020}
}


@inproceedings{julier1997new,
  title={New extension of the Kalman filter to nonlinear systems},
  author={Julier, Simon J and Uhlmann, Jeffrey K},
  booktitle={Signal processing, sensor fusion, and target recognition VI},
  volume={3068},
  pages={182--193},
  year={1997},
  organization={Spie}
}

@book{smith1962application,
  title={Application of statistical filter theory to the optimal estimation of position and velocity on board a circumlunar vehicle},
  author={Smith, Gerald L and Schmidt, Stanley F and McGee, Leonard A},
  volume={135},
  year={1962},
  publisher={National Aeronautics and Space Administration}
}

@article{rabiner1986introduction,
  title={An introduction to hidden Markov models},
  author={Rabiner, Lawrence and Juang, Biinghwang},
  journal={ieee assp magazine},
  volume={3},
  number={1},
  pages={4--16},
  year={1986},
  publisher={IEEE}
}

@article{kalman1960contributions,
  title={Contributions to the theory of optimal control},
  author={Kalman, Rudolf Emil and others},
  journal={Bol. soc. mat. mexicana},
  volume={5},
  number={2},
  pages={102--119},
  year={1960}
}

@book{lehmann2006theory,
  title={Theory of point estimation},
  author={Lehmann, Erich L and Casella, George},
  year={2006},
  publisher={Springer Science \& Business Media}
}

@inproceedings{zhou2020tracking,
  title={Tracking objects as points},
  author={Zhou, Xingyi and Koltun, Vladlen and Kr{\"a}henb{\"u}hl, Philipp},
  booktitle={ECCV},
  pages={474--490},
  year={2020},
  organization={Springer}
}

@inproceedings{wojke2017simple,
  title={Simple online and realtime tracking with a deep association metric},
  author={Wojke, Nicolai and Bewley, Alex and Paulus, Dietrich},
  booktitle={ICIP},
  year={2017}
}

@inproceedings{choi2015near,
  title={Near-online multi-target tracking with aggregated local flow descriptor},
  author={Choi, Wongun},
  booktitle={ICCV},
  pages={3029--3037},
  year={2015}
}

% robust path planning and control of robotics and autocars based on perception uncertainty
@article{rss19,
  title={Risk Contours Map for Risk Bounded Motion Planning under Perception Uncertainties},
  author={Ashkan M. Z. Jasour and Brian Charles Williams},
  journal={Robotics: Science and Systems},
  year={2019}
}


@InProceedings{perceptionCBF_corl21,
  title = 	 {Guaranteeing Safety of Learned Perception Modules via Measurement-Robust Control Barrier Functions},
  author={Dean, Sarah and Taylor, Andrew and Cosner, Ryan and Recht, Benjamin and Ames, Aaron},
  booktitle={CoRL},
  pages={654--670},
  year={2021},
}

@INPROCEEDINGS{mpUncertain_icra14,
  author={Xu, Wenda and Pan, Jia and Wei, Junqing and Dolan, John M.},
  booktitle={ICRA}, 
  title={Motion planning under uncertainty for on-road autonomous driving}, 
  year={2014},
  doi={10.1109/ICRA.2014.6907209}}
  
@inproceedings{Dosovitskiy17,
  title = { {CARLA}: {An} Open Urban Driving Simulator},
  author = {Alexey Dosovitskiy and German Ros and Felipe Codevilla and Antonio Lopez and Vladlen Koltun},
  booktitle = {CoRL},
  pages = {1--16},
  year = {2017}
}

@article{han2022behavior,
  title={A Multi-Agent Reinforcement Learning Approach for Safe and Efficient Behavior Planning of Connected Autonomous Vehicles},
  author={Han, Songyang and Zhou, Shanglin and Wang, Jiangwei and Pepin, Lynn and Ding, Caiwen and Fu, Jie and Miao, Fei},
  journal={IEEE Transactions on Intelligent Transportation Systems},
  year={2023},
  publisher={IEEE}
}


@inproceedings{han2022stable,
  title={Stable and Efficient Shapley Value-Based Reward Reallocation for Multi-Agent Reinforcement Learning of Autonomous Vehicles},
  author={Han, Songyang and Wang, He and Su, Sanbao and Shi, Yuanyuan and Miao, Fei},
  booktitle={ICRA},
  year={2022},
  organization={IEEE}
}

@ARTICLE{SurveyPlan_16,
  author={Paden, Brian and Čáp, Michal and Yong, Sze Zheng and Yershov, Dmitry and Frazzoli, Emilio},
  journal={IEEE Transactions on Intelligent Vehicles}, 
  title={A Survey of Motion Planning and Control Techniques for Self-Driving Urban Vehicles}, 
  year={2016},
  volume={1},
  number={1},
  pages={33-55},
  doi={10.1109/TIV.2016.2578706}}

@inproceedings{motion_icra14,
  title={Motion planning under uncertainty for on-road autonomous driving},
  author={Wenda Xu and Jia Pan and Junqing Wei and John M. Dolan},
  booktitle={ICRA},
  year={2014},
  pages={2507-2512}
}

@article{kurakin2016adversarial,
  title={Adversarial examples in the physical world},
  author={Kurakin, Alexey and Goodfellow, Ian and Bengio, Samy},
  journal={arXiv preprint arXiv:1607.02533},
  year={2016}
}

@article{lin2017tactics,
  title={Tactics of adversarial attack on deep reinforcement learning agents},
  author={Lin, Yen-Chen and Hong, Zhang-Wei and Liao, Yuan-Hong and Shih, Meng-Li and Liu, Ming-Yu and Sun, Min},
  journal={Proceedings of the International Joint Conference on Artificial Intelligence},
  year={2017}
}

@article{huang2017adversarial,
  title={Adversarial attacks on neural network policies},
  author={Huang, Sandy and Papernot, Nicolas and Goodfellow, Ian and Duan, Yan and Abbeel, Pieter},
  journal={The International Conference on Learning Representations},
  year={2017}
}

@inproceedings{kothandaraman2021ss,
  title={SS-SFDA: Self-supervised source-free domain adaptation for road segmentation in hazardous environments},
  author={Kothandaraman, Divya and Chandra, Rohan and Manocha, Dinesh},
  booktitle={Proceedings of the IEEE/CVF International Conference on Computer Vision},
  pages={3049--3059},
  year={2021}
}

@article{liu2021robust,
  title={Robust target recognition and tracking of self-driving cars with radar and camera information fusion under severe weather conditions},
  author={Liu, Ze and Cai, Yingfeng and Wang, Hai and Chen, Long and Gao, Hongbo and Jia, Yunyi and Li, Yicheng},
  journal={IEEE Transactions on Intelligent Transportation Systems},
  year={2021},
  publisher={IEEE}
}

@article{feng2021review,
  title={A review and comparative study on probabilistic object detection in autonomous driving},
  author={Feng, Di and Harakeh, Ali and Waslander, Steven L and Dietmayer, Klaus},
  journal={IEEE TITS},
  year={2021},
  publisher={IEEE}
}

@inproceedings{meyer2020learning,
  title={Learning an uncertainty-aware object detector for autonomous driving},
  author={Meyer, Gregory P and Thakurdesai, Niranjan},
  booktitle={IROS},
  year={2020}
}

@inproceedings{he2019bounding,
  title={Bounding box regression with uncertainty for accurate object detection},
  author={He, Yihui and Zhu, Chenchen and Wang, Jianren and Savvides, Marios and Zhang, Xiangyu},
  booktitle={CVPR},
  pages={2888--2897},
  year={2019}
}

@article{lakshminarayanan2017simple,
  title={Simple and scalable predictive uncertainty estimation using deep ensembles},
  author={Lakshminarayanan, Balaji and Pritzel, Alexander and Blundell, Charles},
  journal={NeurIPS},
  volume={30},
  pages={6405--6416},
  year={2017}
}

@article{li2022v2x,
  title = {V2X-Sim: Multi-Agent Collaborative Perception Dataset and Benchmark for Autonomous Driving},
    author = {Li, Yiming and Ma, Dekun and An, Ziyan and Wang, Zixun and Zhong, Yiqi and Chen, Siheng and Feng, Chen},
    journal = {IEEE RA-L},
    year = {2022}
}

@inproceedings{hall2020probabilistic,
  title={Probabilistic object detection: Definition and evaluation},
  author={Hall, David and Dayoub, Feras and Skinner, John and Zhang, Haoyang and Miller, Dimity and Corke, Peter and Carneiro, Gustavo and Angelova, Anelia and S{\"u}nderhauf, Niko},
  booktitle={Proceedings of the IEEE/CVF Winter Conference on Applications of Computer Vision},
  pages={1031--1040},
  year={2020}
}

@inproceedings{chiu2021probabilistic,
  title={Probabilistic 3d multi-modal, multi-object tracking for autonomous driving},
  author={Chiu, Hsu-kuang and Li, Jie and Ambru{\c{s}}, Rare{\c{s}} and Bohg, Jeannette},
  booktitle={2021 IEEE International Conference on Robotics and Automation (ICRA)},
  pages={14227--14233},
  year={2021},
  organization={IEEE}
}

@article{luiten2021hota,
  title={Hota: A higher order metric for evaluating multi-object tracking},
  author={Luiten, Jonathon and Osep, Aljosa and Dendorfer, Patrick and Torr, Philip and Geiger, Andreas and Leal-Taix{\'e}, Laura and Leibe, Bastian},
  journal={IJCV},
  volume={129},
  number={2},
  pages={548--578},
  year={2021},
  publisher={Springer}
}

@inproceedings{gustafsson2020evaluating,
  title={Evaluating scalable bayesian deep learning methods for robust computer vision},
  author={Gustafsson, Fredrik K and Danelljan, Martin and Schon, Thomas B},
  booktitle={Proceedings of the IEEE/CVF conference on computer vision and pattern recognition workshops},
  pages={318--319},
  year={2020}
}

@article{lahiri1999theoretical,
  title={Theoretical comparisons of block bootstrap methods},
  author={Lahiri, Soumendra N},
  journal={Annals of Statistics},
  pages={386--404},
  year={1999},
  publisher={JSTOR}
}

@inproceedings{kumar2020luvli,
  title={Luvli face alignment: Estimating landmarks' location, uncertainty, and visibility likelihood},
  author={Kumar, Abhinav and Marks, Tim K and Mou, Wenxuan and Wang, Ye and Jones, Michael and Cherian, Anoop and Koike-Akino, Toshiaki and Liu, Xiaoming and Feng, Chen},
  booktitle={Proceedings of the IEEE/CVPR Conference on Computer Vision and Pattern Recognition},
  pages={8236--8246},
  year={2020}
}

@inproceedings{lin2017focal,
  title={Focal loss for dense object detection},
  author={Lin, Tsung-Yi and Goyal, Priya and Girshick, Ross and He, Kaiming and Doll{\'a}r, Piotr},
  booktitle={Proceedings of the IEEE international conference on computer vision},
  pages={2980--2988},
  year={2017}
}

@inproceedings{nuscenes,
  title={nuScenes: A multimodal dataset for autonomous driving},
  author={Holger Caesar and Varun Bankiti and Alex H. Lang and Sourabh Vora and 
          Venice Erin Liong and Qiang Xu and Anush Krishnan and Yu Pan and 
          Giancarlo Baldan and Oscar Beijbom}, 
  booktitle={CVPR},
  year=2020
}

@inproceedings{sun2020scalability,
  title={Scalability in perception for autonomous driving: Waymo open dataset},
  author={Sun, Pei and Kretzschmar, Henrik and Dotiwalla, Xerxes and Chouard, Aurelien and Patnaik, Vijaysai and Tsui, Paul and Guo, James and Zhou, Yin and Chai, Yuning and Caine, Benjamin and others},
  booktitle={Proceedings of the IEEE/CVF conference on computer vision and pattern recognition},
  pages={2446--2454},
  year={2020}
}

@inproceedings{wu2020motionnet,
  title={Motionnet: Joint perception and motion prediction for autonomous driving based on bird's eye view maps},
  author={Wu, Pengxiang and Chen, Siheng and Metaxas, Dimitris N},
  booktitle={Proceedings of the IEEE/CVF conference on computer vision and pattern recognition},
  pages={11385--11395},
  year={2020}
}

@article{li2021learning,
  title={Learning distilled collaboration graph for multi-agent perception},
  author={Li, Yiming and Ren, Shunli and Wu, Pengxiang and Chen, Siheng and Feng, Chen and Zhang, Wenjun},
  journal={NeurIPS},
  pages={29541--29552},
  year={2021}
}

@inproceedings{luo2018fast,
  title={Fast and furious: Real time end-to-end 3d detection, tracking and motion forecasting with a single convolutional net},
  author={Luo, Wenjie and Yang, Bin and Urtasun, Raquel},
  booktitle={Proceedings of the IEEE conference on Computer Vision and Pattern Recognition},
  pages={3569--3577},
  year={2018}
}

@inproceedings{wang2020v2vnet,
  title={V2vnet: Vehicle-to-vehicle communication for joint perception and prediction},
  author={Wang, Tsun-Hsuan and Manivasagam, Sivabalan and Liang, Ming and Yang, Bin and Zeng, Wenyuan and Urtasun, Raquel},
  booktitle={Proceedings of the European Conference on Computer Vision (ECCV)},
  pages={605--621},
  year={2020}
}

@inproceedings{vadivelu2020learning,
  title={Learning to Communicate and Correct Pose Errors},
  author={Vadivelu, Nicholas and Ren, Mengye and Tu, James and Wang, Jingkang and Urtasun, Raquel},
  booktitle={Conference on Robot Learning},
  year={2020}
}

@inproceedings{Chen2019CooperCP,
  title={Cooper: Cooperative Perception for Connected Autonomous Vehicles Based on 3D Point Clouds},
  author={Qi Chen and Sihai Tang and Q. Yang and Song Fu},
  booktitle={ICDCS},
  year={2019},
  pages={514-524}
}

@inproceedings{xu2022v2x,
  title={V2X-ViT: Vehicle-to-everything cooperative perception with vision transformer},
  author={Xu, Runsheng and Xiang, Hao and Tu, Zhengzhong and Xia, Xin and Yang, Ming-Hsuan and Ma, Jiaqi},
  booktitle={ECCV},
  year={2022}
}

@inproceedings{boris2022propagating,
  title={Propagating State Uncertainty Through Trajectory Forecasting},
  author={Boris, Ivanovic and Yifeng, Lin and Shubham, Shrivastava and Punarjay, Chakravarty and Marco, Pavone},
  booktitle={ICRA},
  year={2022}
}

@article{hullermeier2021aleatoric,
  title={Aleatoric and epistemic uncertainty in machine learning: An introduction to concepts and methods},
  author={H{\"u}llermeier, Eyke and Waegeman, Willem},
  journal={Machine Learning},
  volume={110},
  number={3},
  pages={457--506},
  year={2021},
  publisher={Springer}
}

@article{arnold2020cooperative,
  title={Cooperative perception for 3D object detection in driving scenarios using infrastructure sensors},
  author={Arnold, Eduardo and Dianati, Mehrdad and de Temple, Robert and Fallah, Saber},
  journal={IEEE TITS},
  year={2020},
  publisher={IEEE}
}

@inproceedings{miller2018dropout,
  title={Dropout sampling for robust object detection in open-set conditions},
  author={Miller, Dimity and Nicholson, Lachlan and Dayoub, Feras and S{\"u}nderhauf, Niko},
  booktitle={ICRA},
  pages={3243--3249},
  year={2018},
  organization={IEEE}
}

@inproceedings{miller2019evaluating,
  title={Evaluating merging strategies for sampling-based uncertainty techniques in object detection},
  author={Miller, Dimity and Dayoub, Feras and Milford, Michael and S{\"u}nderhauf, Niko},
  booktitle={2019 International Conference on Robotics and Automation (ICRA)},
  pages={2348--2354},
  year={2019},
  organization={IEEE}
}

@inproceedings{ali2020bayesod,
  title={BayesOD: A Bayesian approach for uncertainty estimation in deep object detectors},
  author={Ali, Harakeh and Michael, Smart and Steven L., Waslander},
  booktitle={2020 International Conference on Robotics and Automation (ICRA)},
  pages={87--93},
  year={2020},
  organization={IEEE}
}

@inproceedings{meyer2019lasernet,
  title={Lasernet: An efficient probabilistic 3d object detector for autonomous driving},
  author={Meyer, Gregory P and Laddha, Ankit and Kee, Eric and Vallespi-Gonzalez, Carlos and Wellington, Carl K},
  booktitle={CVPR},
  pages={12677--12686},
  year={2019}
}

@inproceedings{lee2022trust,
  title={Trust your robots! predictive uncertainty estimation of neural networks with sparse gaussian processes},
  author={Lee, Jongseok and Feng, Jianxiang and Humt, Matthias and M{\"u}ller, Marcus Gerhard and Triebel, Rudolph},
  booktitle={Conference on Robot Learning},
  pages={1168--1179},
  year={2022},
  organization={PMLR}
}

@article{qian20223d,
  title={3D object detection for autonomous driving: a survey},
  author={Qian, Rui and Lai, Xin and Li, Xirong},
  journal={Pattern Recognition},
  pages={108796},
  year={2022},
  publisher={Elsevier}
}

@misc{gal2017concrete,
    title={Concrete Dropout},
    author={Yarin Gal and Jiri Hron and Alex Kendall},
    year={2017},
    eprint={1705.07832},
    archivePrefix={arXiv},
    primaryClass={stat.ML}
}

@article{kendall2017uncertainties,
  title={What uncertainties do we need in bayesian deep learning for computer vision?},
  author={Kendall, Alex and Gal, Yarin},
  journal={Advances in neural information processing systems},
  volume={30},
  year={2017}
}

@inproceedings{feng2019leveraging,
  title={Leveraging heteroscedastic aleatoric uncertainties for robust real-time lidar 3d object detection},
  author={Feng, Di and Rosenbaum, Lars and Timm, Fabian and Dietmayer, Klaus},
  booktitle={2019 IEEE Intelligent Vehicles Symposium (IV)},
  pages={1280--1287},
  year={2019},
  organization={IEEE}
}

@inproceedings{feng2018towards,
  title={Towards safe autonomous driving: Capture uncertainty in the deep neural network for lidar 3d vehicle detection},
  author={Feng, Di and Rosenbaum, Lars and Dietmayer, Klaus},
  booktitle={2018 21st international conference on intelligent transportation systems (ITSC)},
  pages={3266--3273},
  year={2018},
  organization={IEEE}
}

@inproceedings{lyu2020probabilistic,
  title={Probabilistic object detection via deep ensembles},
  author={Lyu, Zongyao and Gutierrez, Nolan and Rajguru, Aditya and Beksi, William J},
  booktitle={ECCV},
  pages={67--75},
  year={2020},
  organization={Springer}
}

@article{ovadia2019can,
  title={Can you trust your model's uncertainty? evaluating predictive uncertainty under dataset shift},
  author={Ovadia, Yaniv and Fertig, Emily and Ren, Jie and Nado, Zachary and Sculley, David and Nowozin, Sebastian and Dillon, Joshua and Lakshminarayanan, Balaji and Snoek, Jasper},
  journal={NeurIPS},
  volume={32},
  year={2019}
}

@book{murphy2012machine,
  title={Machine learning: a probabilistic perspective},
  author={Murphy, Kevin P},
  year={2012},
  publisher={MIT Press}
}

@article{kunsch1989jackknife,
  title={The jackknife and the bootstrap for general stationary observations},
  author={Kunsch, Hans R},
  journal={The annals of Statistics},
  pages={1217--1241},
  year={1989},
  publisher={JSTOR}
}

@inproceedings{harakeh2021estimating,
title={Estimating and Evaluating Regression Predictive Uncertainty in Deep Object Detectors},
author={Ali Harakeh and Steven L. Waslander},
booktitle={ICLR},
year={2021}
}

@inproceedings{he2020deep,
  title={Deep mixture density network for probabilistic object detection},
  author={He, Yihui and Wang, Jianren},
  booktitle={2020 IEEE/RSJ International Conference on Intelligent Robots and Systems (IROS)},
  pages={10550--10555},
  year={2020},
  organization={IEEE}
}

@article{xu2022bridging,
  title={Bridging the domain gap for multi-agent perception},
  author={Xu, Runsheng and Li, Jinlong and Dong, Xiaoyu and Yu, Hongkai and Ma, Jiaqi},
  journal={arXiv preprint arXiv:2210.08451},
  year={2022}
}

@article{chen2022model,
  title={Model-agnostic multi-agent perception framework},
  author={Chen, Weizhe and Xu, Runsheng and Xiang, Hao and Liu, Lantao and Ma, Jiaqi},
  journal={arXiv preprint arXiv:2203.13168},
  year={2022}
}

@article{xiang2022v2xp,
  title={V2XP-ASG: Generating Adversarial Scenes for Vehicle-to-Everything Perception},
  author={Xiang, Hao and Xu, Runsheng and Xia, Xin and Zheng, Zhaoliang and Zhou, Bolei and Ma, Jiaqi},
  journal={arXiv preprint arXiv:2209.13679},
  year={2022}
}

@inproceedings{cai2022analyzing,
  title={Analyzing infrastructure lidar placement with realistic lidar simulation library},
  author={Cai, Xinyu and Jiang, Wentao and Xu, Runsheng and Zhao, Wenquan and Ma, Jiaqi and Liu, Si and Li, Yikang},
  booktitle={ICRA},
  pages={5581--5587},
  year={2023}
}


@inproceedings{li2022multi,
  title={Multi-robot scene completion: Towards task-agnostic collaborative perception},
  author={Li, Yiming and Zhang, Juexiao and Ma, Dekun and Wang, Yue and Feng, Chen},
  booktitle={CoRL},
  year={2022}
}

@inproceedings{bergmann2019tracking,
  title={Tracking without bells and whistles},
  author={Bergmann, Philipp and Meinhardt, Tim and Leal-Taixe, Laura},
  booktitle={Proceedings of the IEEE international conference on computer vision},
  pages={941--951},
  year={2019}
}

@inproceedings{bewley2016simple,
  title={Simple online and realtime tracking},
  author={Bewley, Alex and Ge, Zongyuan and Ott, Lionel and Ramos, Fabio and Upcroft, Ben},
  booktitle={ICIP},
  pages={3464--3468},
  year={2016}
}


@inproceedings{pang2021quasi,
  title={Quasi-dense similarity learning for multiple object tracking},
  author={Pang, Jiangmiao and Qiu, Linlu and Li, Xia and Chen, Haofeng and Li, Qi and Darrell, Trevor and Yu, Fisher},
  booktitle={CVPR},
  year={2021}
}

@inproceedings{zhang2021bytetrack,
  title={ByteTrack: Multi-Object Tracking by Associating Every Detection Box},
  author={Zhang, Yifu and Sun, Peize and Jiang, Yi and Yu, Dongdong and Yuan, Zehuan and Luo, Ping and Liu, Wenyu and Wang, Xinggang},
  booktitle={arXiv preprint arXiv:2110.06864},
  year={2021}
}

@article{cao2022observation,
  title={Observation-Centric SORT: Rethinking SORT for Robust Multi-Object Tracking},
  author={Cao, Jinkun and Weng, Xinshuo and Khirodkar, Rawal and Pang, Jiangmiao and Kitani, Kris},
  journal={arXiv preprint arXiv:2203.14360},
  year={2022}
}

@inproceedings{renNIPS15fasterrcnn,
    Author = {Shaoqing Ren and Kaiming He and Ross Girshick and Jian Sun},
    Title = {Faster {R-CNN}: Towards Real-Time Object Detection
             with Region Proposal Networks},
    Booktitle = {Advances in Neural Information Processing Systems ({NIPS})},
    Year = {2015}
}

@inproceedings{Su2022uncertainty,
      author    = {Su, Sanbao and Li, Yiming and He, Sihong and Han, Songyang and Feng, Chen and Ding, Caiwen and Miao, Fei},
      title     = {Uncertainty Quantification of Collaborative Detection for Self-Driving},
      year={2023},
      booktitle={ICRA}
  }

@article{angelopoulos2021gentle,
  title={A gentle introduction to conformal prediction and distribution-free uncertainty quantification},
  author={Angelopoulos, Anastasios N and Bates, Stephen},
  journal={ArXiv},
  volume={2107.07511},
  year={2021}
}

@inproceedings{v2019online,
  title={Online learning with continuous ranked probability score},
  author={V’yugin, Vladimir V and Trunov, Vladimir G},
  booktitle={COPA},
  pages={163--177},
  year={2019}
}

@INPROCEEDINGS{weng22error,
  author={Weng, Xinshuo and Ivanovic, Boris and Pavone, Marco},
  booktitle={2022 IEEE Intelligent Vehicles Symposium (IV)}, 
  title={MTP: Multi-hypothesis Tracking and Prediction for Reduced Error Propagation}, 
  year={2022},
  volume={},
  number={},
  pages={1218-1225},
  doi={10.1109/IV51971.2022.9827273}}

@inproceedings{xu2022opencood,
 author = {Runsheng Xu and Hao Xiang and Xin Xia and Xu Han and Jinlong Li and Jiaqi Ma},
 title = {OPV2V: An Open Benchmark Dataset and Fusion Pipeline for Perception with Vehicle-to-Vehicle Communication},
 booktitle = {ICRA},
 year = {2022}}

 @InProceedings{Luo_2021_ICCV,
    author    = {Luo, Chenxu and Yang, Xiaodong and Yuille, Alan},
    title     = {Exploring Simple 3D Multi-Object Tracking for Autonomous Driving},
    booktitle = {ICCV},
    year      = {2021},
    pages     = {10488-10497}
}

@article{kalman1960new,
  title={A new approach to linear filtering and prediction problems},
  author={Kalman, Rudolph Emil},
  journal={Journal of basic Engineering},
  volume={82},
  pages={35--45},
  year={1960}
}


@article{bernardin2008evaluating,
  title={Evaluating multiple object tracking performance: the clear mot metrics},
  author={Bernardin, Keni and Stiefelhagen, Rainer},
  journal={JIVP},
  volume={2008},
  pages={1--10},
  year={2008},
  publisher={Springer}
}

@article{chung2021uncertainty,
  title={Uncertainty Toolbox: an Open-Source Library for Assessing, Visualizing, and Improving Uncertainty Quantification},
  author={Youngseog Chung and Ian Char and Han Guo and Jeff G. Schneider and Willie Neiswanger},
  journal={ArXiv},
  year={2021},
  volume={2109.10254}
}


@InProceedings{korotin20a,
  title = 	 {Mixing past predictions},
  author={Korotin, Alexander and V’yugin, Vladimir and Burnaev, Evgeny},
  booktitle={COPA},
  pages={171--188},
  year={2020}
}

@article{kuhn1955hungarian,
  title={The Hungarian method for the assignment problem},
  author={Kuhn, Harold W},
  journal={Naval Research Logistics Quarterly},
  volume={2},
  number={1-2},
  pages={83--97},
  year={1955},
  publisher={Wiley Online Library}
}

@book{numerical3,
author = {Press, William H. and Teukolsky, Saul A. and Vetterling, William T. and Flannery, Brian P.},
title = {Numerical Recipes 3rd Edition: The Art of Scientific Computing},
year = {2007},
isbn = {0521880688},
publisher = {Cambridge University Press},
}

@inproceedings{jiang2023polarformer,
  title={Polarformer: Multi-camera 3d object detection with polar transformer},
  author={Jiang, Yanqin and Zhang, Li and Miao, Zhenwei and Zhu, Xiatian and Gao, Jin and Hu, Weiming and Jiang, Yu-Gang},
  booktitle={AAAI},
  volume={37},
  number={1},
  pages={1042--1050},
  year={2023}
}

@article{hu2022where2comm,
  title={Where2comm: Communication-efficient collaborative perception via spatial confidence maps},
  author={Hu, Yue and Fang, Shaoheng and Lei, Zixing and Zhong, Yiqi and Chen, Siheng},
  journal={NeurIPS},
  volume={35},
  pages={4874--4886},
  year={2022}
}

@article{he2023robust,
  title={Robust Multi-Agent Reinforcement Learning with State Uncertainty},
  author={He, Sihong and Han, Songyang and Su, Sanbao and Han, Shuo and Zou, Shaofeng and Miao, Fei},
  journal={TMLR},
  year={2023}
}

@article{han2022solution,
  title={What is the solution for state adversarial multi-agent reinforcement learning?},
  author={Han, Songyang and Su, Sanbao and He, Sihong and Han, Shuo and Yang, Haizhao and Miao, Fei},
  journal={TMLR},
  year={2024}
}

@article{cox1993review,
  title={A review of statistical data association techniques for motion correspondence},
  author={Cox, Ingemar J},
  journal={International Journal of Computer Vision},
  volume={10},
  number={1},
  pages={53--66},
  year={1993},
  publisher={Springer}
}

@inproceedings{bertozzi2004pedestrian,
  title={Pedestrian localization and tracking system with Kalman filtering},
  author={Bertozzi, M and Broggi, A and Fascioli, A and Tibaldi, A and Chapuis, R and Chausse, F},
  booktitle={IV},
  pages={584--589},
  year={2004},
  organization={IEEE}
}

@inproceedings{altendorfer2016association,
  title={Why the association log-likelihood distance should be used for measurement-to-track association},
  author={Altendorfer, Richard and Wirkert, Sebastian},
  booktitle={2016 IEEE intelligent vehicles symposium (IV)},
  pages={258--265},
  year={2016},
  organization={IEEE}
}

@inproceedings{bai2022re,
  title={Re-identification Loss in Combination Spaces for Multiple Object Tracking},
  author={Bai, Guangming and Deng, Chunhua},
  booktitle={2022 26th International Conference on Pattern Recognition (ICPR)},
  pages={3550--3556},
  year={2022},
  organization={IEEE}
}