@article{cai2024medusa,
  title={Medusa: Simple llm inference acceleration framework with multiple decoding heads},
  author={Cai, Tianle and Li, Yuhong and Geng, Zhengyang and Peng, Hongwu and Lee, Jason D and Chen, Deming and Dao, Tri},
  journal={arXiv preprint arXiv:2401.10774},
  year={2024}
}

@article{chen2023accelerating,
  title={Accelerating large language model decoding with speculative sampling},
  author={Chen, Charlie and Borgeaud, Sebastian and Irving, Geoffrey and Lespiau, Jean-Baptiste and Sifre, Laurent and Jumper, John},
  journal={arXiv preprint arXiv:2302.01318},
  year={2023}
}

@article{elhoushi2024layer,
  title={Layer skip: Enabling early exit inference and self-speculative decoding},
  author={Elhoushi, Mostafa and Shrivastava, Akshat and Liskovich, Diana and Hosmer, Basil and Wasti, Bram and Lai, Liangzhen and Mahmoud, Anas and Acun, Bilge and Agarwal, Saurabh and Roman, Ahmed and others},
  journal={arXiv preprint arXiv:2404.16710},
  year={2024}
}

@inproceedings{fubreak,
  title={Break the Sequential Dependency of LLM Inference Using Lookahead Decoding},
  author={Fu, Yichao and Bailis, Peter and Stoica, Ion and Zhang, Hao},
  booktitle={Forty-first International Conference on Machine Learning}
}

@article{he2023rest,
  title={Rest: Retrieval-based speculative decoding},
  author={He, Zhenyu and Zhong, Zexuan and Cai, Tianle and Lee, Jason D and He, Di},
  journal={arXiv preprint arXiv:2311.08252},
  year={2023}
}

@inproceedings{miao2024specinfer,
  title={Specinfer: Accelerating large language model serving with tree-based speculative inference and verification},
  author={Miao, Xupeng and Oliaro, Gabriele and Zhang, Zhihao and Cheng, Xinhao and Wang, Zeyu and Zhang, Zhengxin and Wong, Rae Ying Yee and Zhu, Alan and Yang, Lijie and Shi, Xiaoxiang and others},
  booktitle={Proceedings of the 29th ACM International Conference on Architectural Support for Programming Languages and Operating Systems, Volume 3},
  pages={932--949},
  year={2024}
}

@article{zhang2023draft,
  title={Draft \& verify: Lossless large language model acceleration via self-speculative decoding},
  author={Zhang, Jun and Wang, Jue and Li, Huan and Shou, Lidan and Chen, Ke and Chen, Gang and Mehrotra, Sharad},
  journal={arXiv preprint arXiv:2309.08168},
  year={2023}
}

