@article{kim2024speculative,
  title={Speculative decoding with big little decoder},
  author={Kim, Sehoon and Mangalam, Karttikeya and Moon, Suhong and Malik, Jitendra and Mahoney, Michael W and Gholami, Amir and Keutzer, Kurt},
  journal={Advances in Neural Information Processing Systems},
  volume={36},
  year={2024}
}

@inproceedings{leviathan2023fast,
  title={Fast inference from transformers via speculative decoding},
  author={Leviathan, Yaniv and Kalman, Matan and Matias, Yossi},
  booktitle={International Conference on Machine Learning},
  pages={19274--19286},
  year={2023},
  organization={PMLR}
}

@article{hinton2015distilling,
  title={Distilling the Knowledge in a Neural Network},
  author={Hinton, Geoffrey},
  journal={arXiv preprint arXiv:1503.02531},
  year={2015}
}
@inproceedings{kim2021bert,
  title={I-bert: Integer-only bert quantization},
  author={Kim, Sehoon and Gholami, Amir and Yao, Zhewei and Mahoney, Michael W and Keutzer, Kurt},
  booktitle={International conference on machine learning},
  pages={5506--5518},
  year={2021},
  organization={PMLR}
}
@article{gu2023mamba,
  title={Mamba: Linear-time sequence modeling with selective state spaces},
  author={Gu, Albert and Dao, Tri},
  journal={arXiv preprint arXiv:2312.00752},
  year={2023}
}


@article{achiam2023gpt,
  title={Gpt-4 technical report},
  author={Achiam, Josh and Adler, Steven and Agarwal, Sandhini and Ahmad, Lama and Akkaya, Ilge and Aleman, Florencia Leoni and Almeida, Diogo and Altenschmidt, Janko and Altman, Sam and Anadkat, Shyamal and others},
  journal={arXiv preprint arXiv:2303.08774},
  year={2023}
}

@article{chen2023accelerating,
  title={Accelerating large language model decoding with speculative sampling},
  author={Chen, Charlie and Borgeaud, Sebastian and Irving, Geoffrey and Lespiau, Jean-Baptiste and Sifre, Laurent and Jumper, John},
  journal={arXiv preprint arXiv:2302.01318},
  year={2023}
}

@article{cai2024medusa,
  title={Medusa: Simple llm inference acceleration framework with multiple decoding heads},
  author={Cai, Tianle and Li, Yuhong and Geng, Zhengyang and Peng, Hongwu and Lee, Jason D and Chen, Deming and Dao, Tri},
  journal={arXiv preprint arXiv:2401.10774},
  year={2024}
}

@inproceedings{fubreak,
  title={Break the Sequential Dependency of LLM Inference Using Lookahead Decoding},
  author={Fu, Yichao and Bailis, Peter and Stoica, Ion and Zhang, Hao},
  booktitle={Forty-first International Conference on Machine Learning}
}

@article{vaswani2017attention,
  title={Attention is all you need},
  author={Vaswani, A},
  journal={Advances in Neural Information Processing Systems},
  year={2017}
}

@article{dubey2024llama,
  title={The llama 3 herd of models},
  author={Dubey, Abhimanyu and Jauhri, Abhinav and Pandey, Abhinav and Kadian, Abhishek and Al-Dahle, Ahmad and Letman, Aiesha and Mathur, Akhil and Schelten, Alan and Yang, Amy and Fan, Angela and others},
  journal={arXiv preprint arXiv:2407.21783},
  year={2024}
}

@article{yang2024qwen2,
  title={Qwen2. 5 Technical Report},
  author={Yang, An and Yang, Baosong and Zhang, Beichen and Hui, Binyuan and Zheng, Bo and Yu, Bowen and Li, Chengyuan and Liu, Dayiheng and Huang, Fei and Wei, Haoran and others},
  journal={arXiv preprint arXiv:2412.15115},
  year={2024}
}

@misc{yang2024qwen2technicalreport,
      title={Qwen2 Technical Report}, 
      author={An Yang and Baosong Yang and Binyuan Hui and Bo Zheng and Bowen Yu and Chang Zhou and Chengpeng Li and Chengyuan Li and Dayiheng Liu and Fei Huang and Guanting Dong and Haoran Wei and Huan Lin and Jialong Tang and Jialin Wang and Jian Yang and Jianhong Tu and Jianwei Zhang and Jianxin Ma and Jianxin Yang and Jin Xu and Jingren Zhou and Jinze Bai and Jinzheng He and Junyang Lin and Kai Dang and Keming Lu and Keqin Chen and Kexin Yang and Mei Li and Mingfeng Xue and Na Ni and Pei Zhang and Peng Wang and Ru Peng and Rui Men and Ruize Gao and Runji Lin and Shijie Wang and Shuai Bai and Sinan Tan and Tianhang Zhu and Tianhao Li and Tianyu Liu and Wenbin Ge and Xiaodong Deng and Xiaohuan Zhou and Xingzhang Ren and Xinyu Zhang and Xipin Wei and Xuancheng Ren and Xuejing Liu and Yang Fan and Yang Yao and Yichang Zhang and Yu Wan and Yunfei Chu and Yuqiong Liu and Zeyu Cui and Zhenru Zhang and Zhifang Guo and Zhihao Fan},
      year={2024},
      eprint={2407.10671},
      archivePrefix={arXiv},
      primaryClass={cs.CL},
      url={https://arxiv.org/abs/2407.10671}, 
}

@article{kim2023squeezellm,
  title={Squeezellm: Dense-and-sparse quantization},
  author={Kim, Sehoon and Hooper, Coleman and Gholami, Amir and Dong, Zhen and Li, Xiuyu and Shen, Sheng and Mahoney, Michael W and Keutzer, Kurt},
  journal={arXiv preprint arXiv:2306.07629},
  year={2023}
}

@article{shoeybi2019megatron,
  title={Megatron-lm: Training multi-billion parameter language models using model parallelism},
  author={Shoeybi, Mohammad and Patwary, Mostofa and Puri, Raul and LeGresley, Patrick and Casper, Jared and Catanzaro, Bryan},
  journal={arXiv preprint arXiv:1909.08053},
  year={2019}
}

@misc{hui2024qwen25codertechnicalreport,
      title={Qwen2.5-Coder Technical Report}, 
      author={Binyuan Hui and Jian Yang and Zeyu Cui and Jiaxi Yang and Dayiheng Liu and Lei Zhang and Tianyu Liu and Jiajun Zhang and Bowen Yu and Keming Lu and Kai Dang and Yang Fan and Yichang Zhang and An Yang and Rui Men and Fei Huang and Bo Zheng and Yibo Miao and Shanghaoran Quan and Yunlong Feng and Xingzhang Ren and Xuancheng Ren and Jingren Zhou and Junyang Lin},
      year={2024},
      eprint={2409.12186},
      archivePrefix={arXiv},
      primaryClass={cs.CL},
      url={https://arxiv.org/abs/2409.12186}, 
}

@article{xia2024unlocking,
  title={Unlocking efficiency in large language model inference: A comprehensive survey of speculative decoding},
  author={Xia, Heming and Yang, Zhe and Dong, Qingxiu and Wang, Peiyi and Li, Yongqi and Ge, Tao and Liu, Tianyu and Li, Wenjie and Sui, Zhifang},
  journal={arXiv preprint arXiv:2401.07851},
  year={2024}
}

@inproceedings{miao2024specinfer,
  title={Specinfer: Accelerating large language model serving with tree-based speculative inference and verification},
  author={Miao, Xupeng and Oliaro, Gabriele and Zhang, Zhihao and Cheng, Xinhao and Wang, Zeyu and Zhang, Zhengxin and Wong, Rae Ying Yee and Zhu, Alan and Yang, Lijie and Shi, Xiaoxiang and others},
  booktitle={Proceedings of the 29th ACM International Conference on Architectural Support for Programming Languages and Operating Systems, Volume 3},
  pages={932--949},
  year={2024}
}

@article{li2024eagle,
  title={Eagle: Speculative sampling requires rethinking feature uncertainty},
  author={Li, Yuhui and Wei, Fangyun and Zhang, Chao and Zhang, Hongyang},
  journal={arXiv preprint arXiv:2401.15077},
  year={2024}
}

@article{li2024eagle2,
  title={Eagle-2: Faster inference of language models with dynamic draft trees},
  author={Li, Yuhui and Wei, Fangyun and Zhang, Chao and Zhang, Hongyang},
  journal={arXiv preprint arXiv:2406.16858},
  year={2024}
}

@inproceedings{lee2024infinigen,
  title={InfiniGen: Efficient generative inference of large language models with dynamic KV cache management},
  author={Lee, Wonbeom and Lee, Jungi and Seo, Junghwan and Sim, Jaewoong},
  booktitle={18th USENIX Symposium on Operating Systems Design and Implementation (OSDI 24)},
  pages={155--172},
  year={2024}
}

@article{elhoushi2024layer,
  title={Layer skip: Enabling early exit inference and self-speculative decoding},
  author={Elhoushi, Mostafa and Shrivastava, Akshat and Liskovich, Diana and Hosmer, Basil and Wasti, Bram and Lai, Liangzhen and Mahmoud, Anas and Acun, Bilge and Agarwal, Saurabh and Roman, Ahmed and others},
  journal={arXiv preprint arXiv:2404.16710},
  year={2024}
}

@article{zhang2023draft,
  title={Draft \& verify: Lossless large language model acceleration via self-speculative decoding},
  author={Zhang, Jun and Wang, Jue and Li, Huan and Shou, Lidan and Chen, Ke and Chen, Gang and Mehrotra, Sharad},
  journal={arXiv preprint arXiv:2309.08168},
  year={2023}
}

@article{he2023rest,
  title={Rest: Retrieval-based speculative decoding},
  author={He, Zhenyu and Zhong, Zexuan and Cai, Tianle and Lee, Jason D and He, Di},
  journal={arXiv preprint arXiv:2311.08252},
  year={2023}
}

% Benchmarks
@article{hendrycks2020measuring,
  title={Measuring massive multitask language understanding},
  author={Hendrycks, Dan and Burns, Collin and Basart, Steven and Zou, Andy and Mazeika, Mantas and Song, Dawn and Steinhardt, Jacob},
  journal={arXiv preprint arXiv:2009.03300},
  year={2020}
}
@article{chen2021evaluating,
  title={Evaluating large language models trained on code},
  author={Chen, Mark and Tworek, Jerry and Jun, Heewoo and Yuan, Qiming and Pinto, Henrique Ponde De Oliveira and Kaplan, Jared and Edwards, Harri and Burda, Yuri and Joseph, Nicholas and Brockman, Greg and others},
  journal={arXiv preprint arXiv:2107.03374},
  year={2021}
}
@article{hendrycks2021measuring,
  title={Measuring mathematical problem solving with the math dataset},
  author={Hendrycks, Dan and Burns, Collin and Kadavath, Saurav and Arora, Akul and Basart, Steven and Tang, Eric and Song, Dawn and Steinhardt, Jacob},
  journal={arXiv preprint arXiv:2103.03874},
  year={2021}
}
@article{zhou2023instruction,
  title={Instruction-following evaluation for large language models},
  author={Zhou, Jeffrey and Lu, Tianjian and Mishra, Swaroop and Brahma, Siddhartha and Basu, Sujoy and Luan, Yi and Zhou, Denny and Hou, Le},
  journal={arXiv preprint arXiv:2311.07911},
  year={2023}
}
@article{shi2022language,
  title={Language models are multilingual chain-of-thought reasoners},
  author={Shi, Freda and Suzgun, Mirac and Freitag, Markus and Wang, Xuezhi and Srivats, Suraj and Vosoughi, Soroush and Chung, Hyung Won and Tay, Yi and Ruder, Sebastian and Zhou, Denny and others},
  journal={arXiv preprint arXiv:2210.03057},
  year={2022}
}

@article{paszke2019pytorch,
  title={Pytorch: An imperative style, high-performance deep learning library},
  author={Paszke, Adam and Gross, Sam and Massa, Francisco and Lerer, Adam and Bradbury, James and Chanan, Gregory and Killeen, Trevor and Lin, Zeming and Gimelshein, Natalia and Antiga, Luca and others},
  journal={Advances in neural information processing systems},
  volume={32},
  year={2019}
}