
@InProceedings{pmlr-v54-mcmahan17a,
  title = 	 {{Communication-Efficient Learning of Deep Networks from Decentralized Data}},
  author = 	 {McMahan, Brendan and Moore, Eider and Ramage, Daniel and Hampson, Seth and Arcas, Blaise Aguera y},
  booktitle = 	 {Proceedings of the 20th International Conference on Artificial Intelligence and Statistics},
  pages = 	 {1273--1282},
  year = 	 {2017},
  volume = 	 {54},
  series = 	 {Proceedings of Machine Learning Research}
}

@article{hallaji2024decentralized,
      title={Decentralized Federated Learning: A Survey on Security and Privacy}, 
      author={Ehsan Hallaji and Roozbeh Razavi-Far and Mehrdad Saif and Boyu Wang and Qiang Yang},
      year={2024},
      journal={IEEE Transactions on Big Data},
      eprint={2401.17319},
      archivePrefix={arXiv},
      primaryClass={cs.CR}
}

@misc{fung2020mitigating,
      title={Mitigating Sybils in Federated Learning Poisoning}, 
      author={Clement Fung and Chris J. M. Yoon and Ivan Beschastnikh},
      year={2020},
      note={arXiv:1808.04866},
      archivePrefix={arXiv},
      primaryClass={cs.LG}
}


@InProceedings{pmlr-v80-yin18a,
  title = 	 {{B}yzantine-Robust Distributed Learning: Towards Optimal Statistical Rates},
  author =       {Yin, Dong and Chen, Yudong and Kannan, Ramchandran and Bartlett, Peter},
  booktitle = 	 {Proceedings of the 35th International Conference on Machine Learning},
  pages = 	 {5650--5659},
  year = 	 {2018},
  volume = 	 {80},
  series = 	 {Proceedings of Machine Learning Research}
}

@inproceedings{NIPS2017_f4b9ec30,
 author = {Blanchard, Peva and El Mhamdi, El Mahdi and Guerraoui, Rachid and Stainer, Julien},
 booktitle = {Advances in Neural Information Processing Systems},
 pages = {},
 title = {Machine Learning with Adversaries: Byzantine Tolerant Gradient Descent},
 volume = {30},
 year = {2017}
}


@InProceedings{pmlr-v80-mhamdi18a,
  title = 	 {The Hidden Vulnerability of Distributed Learning in {B}yzantium},
  author =       {El Mhamdi, El Mahdi and Guerraoui, Rachid and Rouault, S{\'e}bastien},
  booktitle = 	 {Proceedings of the 35th International Conference on Machine Learning},
  pages = 	 {3521--3530},
  year = 	 {2018},
  editor = 	 {Dy, Jennifer and Krause, Andreas},
  volume = 	 {80},
  series = 	 {Proceedings of Machine Learning Research}
}

@inproceedings{10.5555/3489212.3489304,
author = {Fang, Minghong and Cao, Xiaoyu and Jia, Jinyuan and Gong, Neil Zhenqiang},
title = {Local model poisoning attacks to byzantine-robust federated learning},
year = {2020},
isbn = {978-1-939133-17-5},
publisher = {USENIX Association},
booktitle = {Proceedings of the 29th USENIX Conference on Security Symposium},
articleno = {92},
numpages = {18},
series = {SEC'20}
}

@inproceedings{10.1145/3133956.3133982,
author = {Bonawitz, Keith and Ivanov, Vladimir and Kreuter, Ben and Marcedone, Antonio and McMahan, H. Brendan and Patel, Sarvar and Ramage, Daniel and Segal, Aaron and Seth, Karn},
title = {Practical Secure Aggregation for Privacy-Preserving Machine Learning},
year = {2017},
isbn = {9781450349468},
booktitle = {Proceedings of the ACM SIGSAC Conference on Computer and Communications Security},
pages = {1175–1191},
numpages = {17}
}

@inproceedings{NEURIPS2021_91cff01a,
 author = {Andrew, Galen and Thakkar, Om and McMahan, Brendan and Ramaswamy, Swaroop},
 booktitle = {Advances in Neural Information Processing Systems},
 pages = {17455--17466},
 title = {Differentially Private Learning with Adaptive Clipping},
 volume = {34},
 year = {2021}
}

@misc{sun2019really,
      title={Can You Really Backdoor Federated Learning?}, 
      author={Ziteng Sun and Peter Kairouz and Ananda Theertha Suresh and H. Brendan McMahan},
      year={2019},
      eprint={1911.07963},
      archivePrefix={arXiv},
      primaryClass={cs.LG},
      note = {arXiv:1911.07963}
}


@ARTICLE{9721118,
  author={Pillutla, Krishna and Kakade, Sham M. and Harchaoui, Zaid},
  journal={IEEE Transactions on Signal Processing}, 
  title={Robust Aggregation for Federated Learning}, 
  year={2022},
  volume={70},
  number={},
  pages={1142-1154}}



@InProceedings{pmlr-v108-bagdasaryan20a,
  title = 	 {How To Backdoor Federated Learning},
  author =       {Bagdasaryan, Eugene and Veit, Andreas and Hua, Yiqing and Estrin, Deborah and Shmatikov, Vitaly},
  booktitle = 	 {Proceedings of the Twenty Third International Conference on Artificial Intelligence and Statistics},
  pages = 	 {2938--2948},
  year = 	 {2020},
  volume = 	 {108},
  series = 	 {Proceedings of Machine Learning Research},
  month = 	 {26--28 Aug}
}



@inproceedings{NEURIPS2023_6ad5d39b,
 author = {Zhou, Guanqiang and Xu, Ping and Wang, Yue and Tian, Zhi},
 booktitle = {Advances in Neural Information Processing Systems},
 pages = {33838--33855},
 title = {H-nobs: Achieving Certified Fairness and Robustness in Distributed Learning on Heterogeneous Datasets},
 volume = {36},
 year = {2023}
}

@INPROCEEDINGS{7966217,
  author={Cohen, Gregory and Afshar, Saeed and Tapson, Jonathan and van Schaik, André},
  booktitle={International Joint Conference on Neural Networks}, 
  title={{EMNIST}: Extending {MNIST} to handwritten letters}, 
  year={2017},
  volume={},
  number={},
  pages={2921-2926}}

@inproceedings{NEURIPS2020_b8ffa41d,
 author = {Wang, Hongyi and Sreenivasan, Kartik and Rajput, Shashank and Vishwakarma, Harit and Agarwal, Saurabh and Sohn, Jy-yong and Lee, Kangwook and Papailiopoulos, Dimitris},
 booktitle = {Advances in Neural Information Processing Systems},
 pages = {16070--16084},
 publisher = {Curran Associates, Inc.},
 title = {Attack of the Tails: Yes, You Really Can Backdoor Federated Learning},
 volume = {33},
 year = {2020}
}



@InProceedings{pmlr-v97-bhagoji19a,
  title = 	 {Analyzing Federated Learning through an Adversarial Lens},
  author =       {Bhagoji, Arjun Nitin and Chakraborty, Supriyo and Mittal, Prateek and Calo, Seraphin},
  booktitle = 	 {Proceedings of the 36th International Conference on Machine Learning},
  pages = 	 {634--643},
  year = 	 {2019},
  volume = 	 {97},
  series = 	 {Proceedings of Machine Learning Research},
  month = 	 {09--15 Jun}
}

@inproceedings {247652,
author = {Minghong Fang and Xiaoyu Cao and Jinyuan Jia and Neil Gong},
title = {Local Model Poisoning Attacks to {Byzantine-Robust} Federated Learning},
booktitle = {29th USENIX Security Symposium (USENIX Security 20)},
year = {2020},
isbn = {978-1-939133-17-5},
pages = {1605--1622},
}


@InProceedings{pmlr-v202-zhu23j,
  title = 	 {{L}ead{FL}: Client Self-Defense against Model Poisoning in Federated Learning},
  author =       {Zhu, Chaoyi and Roos, Stefanie and Chen, Lydia Y.},
  booktitle = 	 {Proceedings of the 40th International Conference on Machine Learning},
  pages = 	 {43158--43180},
  year = 	 {2023},
  volume = 	 {202},
  month = 	 {23--29 Jul}
}

@inproceedings{NEURIPS2021_692baebe,
 author = {Sun, Jingwei and Li, Ang and DiValentin, Louis and Hassanzadeh, Amin and Chen, Yiran and Li, Hai},
 booktitle = {Advances in Neural Information Processing Systems},
 pages = {12613--12624},
 publisher = {Curran Associates, Inc.},
 title = {FL-WBC: Enhancing Robustness against Model Poisoning Attacks in Federated Learning from a Client Perspective},
 volume = {34},
 year = {2021}
}


@InProceedings{pmlr-v139-xie21a,
  title = 	 {CRFL: Certifiably Robust Federated Learning against Backdoor Attacks},
  author =       {Xie, Chulin and Chen, Minghao and Chen, Pin-Yu and Li, Bo},
  booktitle = 	 {Proceedings of the 38th International Conference on Machine Learning},
  pages = 	 {11372--11382},
  year = 	 {2021},
  volume = 	 {139},
  month = 	 {18--24 Jul}
}

@inproceedings{NEURIPS2023_2376f25e,
 author = {Huang, Tiansheng and Hu, Sihao and Chow, Ka-Ho and Ilhan, Fatih and Tekin, Selim and Liu, Ling},
 booktitle = {Advances in Neural Information Processing Systems},
 pages = {10876--10896},
 publisher = {Curran Associates, Inc.},
 title = {Lockdown: Backdoor Defense for Federated Learning  with Isolated Subspace Training},
 volume = {36},
 year = {2023}
}

@inproceedings {280048,
author = {Thien Duc Nguyen and Phillip Rieger and Huili Chen and Hossein Yalame and Helen M{\"o}llering and Hossein Fereidooni and Samuel Marchal and Markus Miettinen and Azalia Mirhoseini and Shaza Zeitouni and Farinaz Koushanfar and Ahmad-Reza Sadeghi and Thomas Schneider},
title = {{FLAME}: Taming Backdoors in Federated Learning},
booktitle = {31st USENIX Security Symposium (USENIX Security 22)},
year = {2022},
isbn = {978-1-939133-31-1},
address = {Boston, MA},
pages = {1415--1432},
}


@misc{li2019abnormal,
      title={Abnormal Client Behavior Detection in Federated Learning}, 
      author={Suyi Li and Yong Cheng and Yang Liu and Wei Wang and Tianjian Chen},
      year={2019},
      eprint={1910.09933},
      archivePrefix={arXiv},
      primaryClass={cs.LG},
      note = {arXiv:1910.09933}
}


@misc{li2020learning,
      title={Learning to Detect Malicious Clients for Robust Federated Learning}, 
      author={Suyi Li and Yong Cheng and Wei Wang and Yang Liu and Tianjian Chen},
      year={2020},
      eprint={2002.00211},
      archivePrefix={arXiv},
      primaryClass={cs.LG},
      note={arXiv:2002.00211}
}


@inproceedings {291249,
author = {Viktor Valadi and Xinchi Qiu and Pedro Porto Buarque de Gusm{\~a}o and Nicholas D. Lane and Mina Alibeigi},
title = {{FedVal}: Different good or different bad in federated learning},
booktitle = {32nd USENIX Security Symposium (USENIX Security 23)},
year = {2023},
isbn = {978-1-939133-37-3},
address = {Anaheim, CA},
pages = {6365--6380},
month = aug
}


@inproceedings{cao2022fltrust,
      title={{FLTrust}: Byzantine-robust Federated Learning via Trust Bootstrapping}, 
      author={Xiaoyu Cao and Minghong Fang and Jia Liu and Neil Zhenqiang Gong},
      year={2021},
      booktitle = {Proceedings of the Network and Distributed Systems Security Symposium (NDSS)},
      isbn = { 1-891562-66-5},
      month = feb
}

@inproceedings{naseri2022local,
      title={Local and Central Differential Privacy for Robustness and Privacy in Federated Learning}, 
      author={Mohammad Naseri and Jamie Hayes and Emiliano De Cristofaro},
      year={2022},
      booktitle = {Proceedings of the the 29th Network and Distributed Systems Security Symposium (NDSS)},
      isbn = {1-891562-74-6},
      month = apr
}

@inproceedings{NEURIPS2020_fc4ddc15,
 author = {Jagielski, Matthew and Ullman, Jonathan and Oprea, Alina},
 booktitle = {Advances in Neural Information Processing Systems},
 pages = {22205--22216},
 title = {Auditing Differentially Private Machine Learning: How Private is Private SGD?},
 volume = {33},
 year = {2020}
}

@inproceedings{ijcai2019p657,
  title     = {Data Poisoning against Differentially-Private Learners: Attacks and Defenses},
  author    = {Ma, Yuzhe and Zhu, Xiaojin and Hsu, Justin},
  booktitle = {Proceedings of the Twenty-Eighth International Joint Conference on
               Artificial Intelligence, {IJCAI-19}},
  pages     = {4732--4738},
  year      = {2019},
  month     = {7}
}


@INPROCEEDINGS{9833647,
  author={Shejwalkar, Virat and Houmansadr, Amir and Kairouz, Peter and Ramage, Daniel},
  booktitle={IEEE Symposium on Security and Privacy (SP)}, 
  title={Back to the Drawing Board: A Critical Evaluation of Poisoning Attacks on Production Federated Learning}, 
  year={2022},
  volume={},
  number={},
  pages={1354-1371}}


@inproceedings{NEURIPS2022_e2ef0cae,
 author = {Li, Henger and Sun, Xiaolin and Zheng, Zizhan},
 booktitle = {Advances in Neural Information Processing Systems},
 pages = {35007--35020},
 title = {Learning to Attack Federated Learning: A Model-based Reinforcement Learning Attack Framework},
 volume = {35},
 year = {2022}
}

@inproceedings {259745,
author = {Clement Fung and Chris J. M. Yoon and Ivan Beschastnikh},
title = {The Limitations of Federated Learning in Sybil Settings},
booktitle = {23rd International Symposium on Research in Attacks, Intrusions and Defenses (RAID 2020)},
year = {2020},
isbn = {978-1-939133-18-2},
address = {San Sebastian},
pages = {301--316},
month = oct
}

@InProceedings{Cao_2022_CVPR,
    author    = {Cao, Xiaoyu and Gong, Neil Zhenqiang},
    title     = {MPAF: Model Poisoning Attacks to Federated Learning Based on Fake Clients},
    booktitle = {Proceedings of the IEEE/CVF Conference on Computer Vision and Pattern Recognition (CVPR) Workshops},
    month     = {June},
    year      = {2022},
    pages     = {3396-3404}
}


@ARTICLE{10518175,
  author={Li, Kai and Yuan, Xin and Zheng, Jingjing and Ni, Wei and Dressler, Falko and Jamalipour, Abbas},
  journal={IEEE Transactions on Neural Networks and Learning Systems}, 
  title={Leverage Variational Graph Representation for Model Poisoning on Federated Learning}, 
  year={2024},
  volume={},
  number={},
  pages={1-13},
  doi={10.1109/TNNLS.2024.3394252}}

@ARTICLE{10420449,
  author={Hallaji, Ehsan and Razavi-Far, Roozbeh and Saif, Mehrdad and Wang, Boyu and Yang, Qiang},
  journal={IEEE Transactions on Big Data}, 
  title={Decentralized Federated Learning: A Survey on Security and Privacy}, 
  year={2024},
  volume={10},
  number={2},
  pages={194-213}}


@article{HALLAJI2023110384,
title = {Label noise analysis meets adversarial training: A defense against label poisoning in federated learning},
journal = {Knowledge-Based Systems},
volume = {266},
pages = {110384},
year = {2023},
issn = {0950-7051},
author = {Ehsan Hallaji and Roozbeh Razavi-Far and Mehrdad Saif and Enrique Herrera-Viedma}
}



@article{9464278,
year = {2021},
volume = {14},
journal = {Foundations and Trends\textregistered~in Machine Learning},
title = {Advances and Open Problems in Federated Learning},
issn = {1935-8237},
number = {1–2},
pages = {1-210},
author = {Peter Kairouz and H. Brendan McMahan and Brendan Avent and Aurélien Bellet and Mehdi Bennis and Arjun Nitin Bhagoji and Kallista Bonawitz and Zachary Charles and Graham Cormode and Rachel Cummings and Rafael G. L. D’Oliveira and Hubert Eichner and Salim El Rouayheb and David Evans and Josh Gardner and Zachary Garrett and Adrià Gascón and Badih Ghazi and Phillip B. Gibbons and Marco Gruteser and Zaid Harchaoui and Chaoyang He and Lie He and Zhouyuan Huo and Ben Hutchinson and Justin Hsu and Martin Jaggi and Tara Javidi and Gauri Joshi and Mikhail Khodak and Jakub Konecný and Aleksandra Korolova and Farinaz Koushanfar and Sanmi Koyejo and Tancrède Lepoint and Yang Liu and Prateek Mittal and Mehryar Mohri and Richard Nock and Ayfer Özgür and Rasmus Pagh and Hang Qi and Daniel Ramage and Ramesh Raskar and Mariana Raykova and Dawn Song and Weikang Song and Sebastian U. Stich and Ziteng Sun and Ananda Theertha Suresh and Florian Tramèr and Praneeth Vepakomma and Jianyu Wang and Li Xiong and Zheng Xu and Qiang Yang and Felix X. Yu and Han Yu and Sen Zhao}
}



@article{9210138,
	author = {Zhou, Sicong and Huang, Huawei and Chen, Wuhui and Zhou, Pan and Zheng, Zibin and Guo, Song},
	journal = {IEEE Network},
	number = {6},
	pages = {84-91},
	title = {PIRATE: A Blockchain-Based Secure Framework of Distributed Machine Learning in 5G Networks},
	volume = {34},
	year = {2020}}

@article{9293091,
	author = {Li, Yuzheng and Chen, Chuan and Liu, Nan and Huang, Huawei and Zheng, Zibin and Yan, Qiang},
	journal = {IEEE Network},
	number = {1},
	pages = {234-241},
	title = {A Blockchain-Based Decentralized Federated Learning Framework with Committee Consensus},
	volume = {35},
	year = {2021}}

@misc{DBLP:journals/corr/abs-2202-02817,
	author = {Arup Mondal and Harpreet Virk and Debayan Gupta},
	journal = {The Third AAAI Workshop on Privacy-Preserving Artificial Intelligence},
	note = {arXiv:2202.02817},
	title = {{BEAS:} Blockchain Enabled Asynchronous {\&} Secure Federated Machine Learning},
	year = {2022}}


@misc{xiao2017fashionmnist,
  author    = {Han Xiao and
               Kashif Rasul and
               Roland Vollgraf},
  title     = {{Fashion-MNIST}: a Novel Image Dataset for Benchmarking Machine Learning
               Algorithms},
  note = {	arXiv:1708.07747},
  year      = {2017}
}

@incollection{Hallaji2023,
	author="Hallaji, Ehsan and Razavi-Far, Roozbeh and Saif, Mehrdad",
	title="Federated and Transfer Learning: A Survey on Adversaries and Defense Mechanisms",
	bookTitle="Federated and Transfer Learning",
	year="2023",
	publisher="Springer International Publishing",
	address="Cham",
	pages="29--55",
	isbn="978-3-031-11748-0"
}

@InProceedings{10.1145/2991079.2991125,
  author    = {Shen, Shiqi and Tople, Shruti and Saxena, Prateek},
  booktitle = {Proceedings of the 32nd Annual Conference on Computer Security Applications},
  title     = {A<span class="smallcaps SmallerCapital">uror</span>: Defending against Poisoning Attacks in Collaborative Deep Learning Systems},
  year      = {2016},
  pages     = {508–519},
  series    = {ACSAC '16},
  isbn      = {9781450347716},
  numpages  = {12}
}


@Article{DBLP:journals/corr/abs-1910-09933,
  author        = {Suyi Li and Yong Cheng and Yang Liu and Wei Wang and Tianjian Chen},
  title         = {Abnormal Client Behavior Detection in Federated Learning},
  year          = {2019},
  note          = {arXiv:1910.09933},
  volume        = {abs/1910.09933},
  archiveprefix = {arXiv}
}

@ARTICLE{9802938,
  author={Li, Yiming and Jiang, Yong and Li, Zhifeng and Xia, Shu-Tao},
  journal={IEEE Transactions on Neural Networks and Learning Systems}, 
  title={Backdoor Learning: A Survey}, 
  year={2024},
  volume={35},
  number={1},
  pages={5-22}}

@ARTICLE{9945997,
  author={Lyu, Lingjuan and Yu, Han and Ma, Xingjun and Chen, Chen and Sun, Lichao and Zhao, Jun and Yang, Qiang and Yu, Philip S.},
  journal={IEEE Transactions on Neural Networks and Learning Systems}, 
  title={Privacy and Robustness in Federated Learning: Attacks and Defenses}, 
  year={2024},
  volume={35},
  number={7},
  pages={8726-8746}}

@ARTICLE{9970402,
  author={Liu, Guanxiong and Khreishah, Abdallah and Sharadgah, Fatima and Khalil, Issa},
  journal={IEEE Transactions on Neural Networks and Learning Systems}, 
  title={An Adaptive Black-Box Defense Against Trojan Attacks (TrojDef)}, 
  year={2024},
  volume={35},
  number={4},
  pages={5367-5381}}

@ARTICLE{9925189,
  author={Jebreel, Najeeb Moharram and Domingo-Ferrer, Josep and Blanco-Justicia, Alberto and Sánchez, David},
  journal={IEEE Transactions on Neural Networks and Learning Systems}, 
  title={Enhanced Security and Privacy via Fragmented Federated Learning}, 
  year={2024},
  volume={35},
  number={5},
  pages={6703-6717}}


