@inproceedings{aseniero2020activity,
  title={Activity river: Visualizing planned and logged personal activities for reflection},
  author={Aseniero, Bon Adriel and Perin, Charles and Willett, Wesley and Tang, Anthony and Carpendale, Sheelagh},
  booktitle={Proceedings of the International Conference on Advanced Visual Interfaces},
  pages={1--9},
  year={2020}
}

@inproceedings{ayobi2018flexible,
  title={Flexible and mindful self-tracking: Design implications from paper bullet journals},
  author={Ayobi, Amid and Sonne, Tobias and Marshall, Paul and Cox, Anna L},
  booktitle={Proceedings of the 2018 CHI conference on human factors in computing systems},
  pages={1--14},
  year={2018}
}

@inproceedings{benjamin2021machine,
  title={Machine learning uncertainty as a design material: A post-phenomenological inquiry},
  author={Benjamin, Jesse Josua and Berger, Arne and Merrill, Nick and Pierce, James},
  booktitle={Proceedings of the 2021 CHI conference on human factors in computing systems},
  pages={1--14},
  year={2021}
}

@article{bentvelzen2022revisiting,
  title={Revisiting reflection in hci: Four design resources for technologies that support reflection},
  author={Bentvelzen, Marit and Wo{\'z}niak, Pawe{\l} W and Herbes, Pia SF and Stefanidi, Evropi and Niess, Jasmin},
  journal={Proceedings of the ACM on Interactive, Mobile, Wearable and Ubiquitous Technologies},
  volume={6},
  number={1},
  pages={1--27},
  year={2022},
  publisher={ACM New York, NY, USA}
}

@inproceedings{brand2021design,
  title={A design inquiry into introspective AI: surfacing opportunities, issues, and paradoxes},
  author={Brand, Nico and Odom, William and Barnett, Samuel},
  booktitle={Proceedings of the 2021 ACM Designing Interactive Systems Conference},
  pages={1603--1618},
  year={2021}
}

@inproceedings{cho2023areca,
  title={ARECA: a design speculation on everyday products having minds},
  author={Cho, Hyungjun and Lee, Jiyeon and Ku, Bonhee and Jeong, Yunwoo and Yadgarova, Shakhnozakhon and Nam, Tek-Jin},
  booktitle={Proceedings of the 2023 ACM Designing Interactive Systems Conference},
  pages={31--44},
  year={2023}
}

@article{choe2015characterizing,
  title={Characterizing visualization insights from quantified selfers' personal data presentations},
  author={Choe, Eun Kyoung and Lee, Bongshin and others},
  journal={IEEE computer graphics and applications},
  volume={35},
  number={4},
  pages={28--37},
  year={2015},
  publisher={IEEE}
}

@inproceedings{choe2017understanding,
  title={Understanding self-reflection: how people reflect on personal data through visual data exploration},
  author={Choe, Eun Kyoung and Lee, Bongshin and Zhu, Haining and Riche, Nathalie Henry and Baur, Dominikus},
  booktitle={Proceedings of the 11th EAI International Conference on Pervasive Computing Technologies for Healthcare},
  pages={173--182},
  year={2017}
}

@inproceedings{consolvo2008activity,
  title={Activity sensing in the wild: a field trial of ubifit garden},
  author={Consolvo, Sunny and McDonald, David W and Toscos, Tammy and Chen, Mike Y and Froehlich, Jon and Harrison, Beverly and Klasnja, Predrag and LaMarca, Anthony and LeGrand, Louis and Libby, Ryan and others},
  booktitle={Proceedings of the SIGCHI conference on human factors in computing systems},
  pages={1797--1806},
  year={2008}
}

@inproceedings{dalsgaard2008designing,
  title={Designing for inquisitive use},
  author={Dalsgaard, Peter},
  booktitle={Proceedings of the 7th ACM conference on Designing interactive systems},
  pages={21--30},
  year={2008}
}

@book{deardata,
  title={Dear Data},
  author={Giorgia Lupi and Stefanie Posavec},
  year={2016},
  publisher={Chronicle Books}
}

@inproceedings{durrant2018admixed,
  title={Admixed portrait: Design to understand facebook portrayals in new parenthood},
  author={Durrant, Abigail C and Kirk, David S and Trujillo-Pisanty, Diego and Martindale, Sarah},
  booktitle={Proceedings of the 2018 CHI Conference on Human Factors in Computing Systems},
  pages={1--14},
  year={2018}
}

@inproceedings{epstein2014taming,
  title={Taming data complexity in lifelogs: exploring visual cuts of personal informatics data},
  author={Epstein, Daniel and Cordeiro, Felicia and Bales, Elizabeth and Fogarty, James and Munson, Sean},
  booktitle={Proceedings of the 2014 conference on Designing interactive systems},
  pages={667--676},
  year={2014}
}

@inproceedings{fan2012spark,
  title={A spark of activity: exploring informative art as visualization for physical activity},
  author={Fan, Chloe and Forlizzi, Jodi and Dey, Anind K},
  booktitle={Proceedings of the 2012 ACM Conference on Ubiquitous Computing},
  pages={81--84},
  year={2012}
}

@inproceedings{fan2024contextcam,
  title={ContextCam: Bridging Context Awareness with Creative Human-AI Image Co-Creation},
  author={Fan, Xianzhe and Wu, Zihan and Yu, Chun and Rao, Fenggui and Shi, Weinan and Tu, Teng},
  booktitle={Proceedings of the CHI Conference on Human Factors in Computing Systems},
  pages={1--17},
  year={2024}
}

@inproceedings{friske2020entangling,
  title={Entangling the roles of maker and interpreter in interpersonal data narratives: Explorations in yarn and sound},
  author={Friske, Mikhaila and Wirfs-Brock, Jordan and Devendorf, Laura},
  booktitle={Proceedings of the 2020 ACM Designing Interactive Systems Conference},
  pages={297--310},
  year={2020}
}

@inproceedings{gorichanaz2020engaging,
  title={Engaging with public art: An exploration of the design space},
  author={Gorichanaz, Tim},
  booktitle={Proceedings of the 2020 CHI Conference on Human Factors in Computing Systems},
  pages={1--14},
  year={2020}
}

@article{huang2017field,
  title={A field study of on-calendar visualizations},
  author={Huang, Dandan and Tory, Melanie and Bartram, Lyn},
  journal={arXiv preprint arXiv:1706.01123},
  year={2017}
}

@inproceedings{huh2007use,
  title={The use of aesthetics in HCI systems},
  author={Huh, Jina and Ackerman, Mark S and Douglas, Robert},
  booktitle={CHI'07 extended abstracts on Human factors in computing systems},
  pages={2441--2446},
  year={2007}
}

@inproceedings{jansen2015opportunities,
  title={Opportunities and challenges for data physicalization},
  author={Jansen, Yvonne and Dragicevic, Pierre and Isenberg, Petra and Alexander, Jason and Karnik, Abhijit and Kildal, Johan and Subramanian, Sriram and Hornb{\ae}k, Kasper},
  booktitle={proceedings of the 33rd annual acm conference on human factors in computing systems},
  pages={3227--3236},
  year={2015}
}

@inproceedings{kang2017fostering,
  title={Fostering user engagement: Improving sense of identity through cosmetic customization in wearable trackers},
  author={Kang, Jin and Binda, Jomara and Agarwal, Pratik and Saconi, Bruno and Choe, Eun Kyoung},
  booktitle={Proceedings of the 11th EAI international conference on pervasive computing technologies for healthcare},
  pages={11--20},
  year={2017}
}

@inproceedings{kang2024design,
  title={On the Design of Quologue: Uncovering Opportunities and Challenges with Generative AI as a Resource for Creating a Self-Morphing E-book Metadata Archive},
  author={Kang, Sol and Odom, William},
  booktitle={Extended Abstracts of the CHI Conference on Human Factors in Computing Systems},
  pages={1--16},
  year={2024}
}

@inproceedings{karyda2021data,
  title={Data agents: Promoting reflection through meaningful representations of personal data in everyday life},
  author={Karyda, Maria and Mekler, Elisa D and Lucero, Andr{\'e}s},
  booktitle={Proceedings of the 2021 CHI Conference on Human Factors in Computing Systems},
  pages={1--11},
  year={2021}
}

@inproceedings{kim2019dataselfie,
  title={Dataselfie: Empowering people to design personalized visuals to represent their data},
  author={Kim, Nam Wook and Im, Hyejin and Henry Riche, Nathalie and Wang, Alicia and Gajos, Krzysztof and Pfister, Hanspeter},
  booktitle={Proceedings of the 2019 CHI conference on human factors in computing systems},
  pages={1--12},
  year={2019}
}

@inproceedings{li2010stage,
  title={A stage-based model of personal informatics systems},
  author={Li, Ian and Dey, Anind and Forlizzi, Jodi},
  booktitle={Proceedings of the SIGCHI conference on human factors in computing systems},
  pages={557--566},
  year={2010}
}

@inproceedings{lindstrom2006affective,
  title={Affective diary: designing for bodily expressiveness and self-reflection},
  author={Lindstr{\"o}m, Madelene and St{\aa}hl, Anna and H{\"o}{\"o}k, Kristina and Sundstr{\"o}m, Petra and Laaksolathi, Jarmo and Combetto, Marco and Taylor, Alex and Bresin, Roberto},
  booktitle={CHI'06 extended abstracts on Human factors in computing systems},
  pages={1037--1042},
  year={2006}
}

@inproceedings{mcduff2012affectaura,
  title={AffectAura: an intelligent system for emotional memory},
  author={McDuff, Daniel and Karlson, Amy and Kapoor, Ashish and Roseway, Asta and Czerwinski, Mary},
  booktitle={Proceedings of the SIGCHI conference on human factors in computing systems},
  pages={849--858},
  year={2012}
}

@inproceedings{mols2016technologies,
  title={Technologies for everyday life reflection: Illustrating a design space},
  author={Mols, Ine and Van Den Hoven, Elise and Eggen, Berry},
  booktitle={Proceedings of the TEI'16: Tenth International Conference on Tangible, Embedded, and Embodied Interaction},
  pages={53--61},
  year={2016}
}

@inproceedings{murnane2020designing,
  title={Designing ambient narrative-based interfaces to reflect and motivate physical activity},
  author={Murnane, Elizabeth L and Jiang, Xin and Kong, Anna and Park, Michelle and Shi, Weili and Soohoo, Connor and Vink, Luke and Xia, Iris and Yu, Xin and Yang-Sammataro, John and others},
  booktitle={Proceedings of the 2020 CHI Conference on Human Factors in Computing Systems},
  pages={1--14},
  year={2020}
}

@inproceedings{nunez2014aesthetic,
  title={Aesthetic resources for technology-mediated bodily self-reflection: The case of eloquent robes},
  author={N{\'u}{\~n}ez-Pacheco, Claudia and Loke, Lian},
  booktitle={Proceedings of the 26th Australian Computer-Human Interaction Conference on Designing Futures: The Future of Design},
  pages={1--10},
  year={2014}
}

@article{pousman2007casual,
  title={Casual information visualization: Depictions of data in everyday life},
  author={Pousman, Zachary and Stasko, John and Mateas, Michael},
  journal={IEEE transactions on visualization and computer graphics},
  volume={13},
  number={6},
  pages={1145--1152},
  year={2007},
  publisher={IEEE}
}

@misc{qself,
author = {Gary Wolf},
title = {Know Thyself: Tracking Every Facet of Life, from Sleep to Mood to Pain},
howpublished = {\url{http://www.wired.com/medtech/health/magazine/17-07/lbnp_knowthyself?currentPage=all}},
year = {2009},
note = {[Accessed 13-09-2024]},
}

@inproceedings{rajcic2020mirror,
  title={Mirror ritual: An affective interface for emotional self-reflection},
  author={Rajcic, Nina and McCormack, Jon},
  booktitle={Proceedings of the 2020 CHI conference on human factors in computing systems},
  pages={1--13},
  year={2020}
}

@inproceedings{rajcic2023message,
  title={Message ritual: a posthuman account of living with lamp},
  author={Rajcic, Nina and McCormack, Jon},
  booktitle={Proceedings of the 2023 CHI Conference on Human Factors in Computing Systems},
  pages={1--16},
  year={2023}
}

@inproceedings{sivertsen2024machine,
  title={Machine Learning Processes as Sources of Ambiguity: Insights from AI Art},
  author={Sivertsen, Christian and Salimbeni, Guido and L{\o}vlie, Anders Sundnes and Benford, Steven David and Zhu, Jichen},
  booktitle={Proceedings of the CHI Conference on Human Factors in Computing Systems},
  pages={1--14},
  year={2024}
}

@inproceedings{thudt2018self,
  title={Self-reflection and personal physicalization construction},
  author={Thudt, Alice and Hinrichs, Uta and Huron, Samuel and Carpendale, Sheelagh},
  booktitle={Proceedings of the 2018 CHI conference on human factors in computing systems},
  pages={1--13},
  year={2018}
}

@inproceedings{trujillo2014admixed,
  title={Admixed portrait: reflections on being online as a new parent},
  author={Trujillo-Pisanty, Diego and Durrant, Abigail and Martindale, Sarah and James, Stuart and Collomosse, John},
  booktitle={Proceedings of the 2014 conference on Designing interactive systems},
  pages={503--512},
  year={2014}
}

@inproceedings{wan2024metamorpheus,
  title={Metamorpheus: Interactive, Affective, and Creative Dream Narration Through Metaphorical Visual Storytelling},
  author={Wan, Qian and Feng, Xin and Bei, Yining and Gao, Zhiqi and Lu, Zhicong},
  booktitle={Proceedings of the CHI Conference on Human Factors in Computing Systems},
  pages={1--16},
  year={2024}
}

@article{wang2015design,
  title={Design and effects of personal visualizations},
  author={Wang, Shimin and Tanahashi, Yuzuru and Leaf, Nick and Ma, Kwan-Liu},
  journal={IEEE Computer Graphics and Applications},
  volume={35},
  number={4},
  pages={82--93},
  year={2015},
  publisher={IEEE}
}

@inproceedings{yurman2022drawing,
  title={Drawing Conversations Mediated by AI},
  author={Yurman, Paulina and Reddy, Anuradha Venugopal},
  booktitle={Proceedings of the 14th Conference on Creativity and Cognition},
  pages={56--70},
  year={2022}
}

