@article{elsden2016quantified,
  title={A quantified past: Toward design for remembering with personal informatics},
  author={Elsden, Chris and Kirk, David S and Durrant, Abigail C},
  journal={Human--Computer Interaction},
  volume={31},
  number={6},
  pages={518--557},
  year={2016},
  publisher={Taylor \& Francis}
}

@article{cocskun2023data,
  title={Data sensemaking in self-tracking: Towards a new generation of self-tracking tools},
  author={Co{\c{s}}kun, Aykut and Karahano{\u{g}}lu, Arma{\u{g}}an},
  journal={International Journal of Human--Computer Interaction},
  volume={39},
  number={12},
  pages={2339--2360},
  year={2023},
  publisher={Taylor \& Francis}
}

@article{elsden2016fitter,
  title={Fitter, happier, more productive: what to ask of a data-driven life},
  author={Elsden, Chris and Selby, Mark and Durrant, Abigail and Kirk, David},
  journal={Interactions},
  volume={23},
  number={5},
  pages={45--45},
  year={2016},
  publisher={ACM New York, NY, USA}
}

@inproceedings{desjardins2023making,
  title={On the Making of Alternative Data Encounters: The Odd Interpreters},
  author={Desjardins, Audrey and McWhirter, Jena and Petelka, Justin and Simon, Chandler and Shin, Yuna and Peven, Ruby K and Widjaja, Philbert},
  booktitle={Proceedings of the 2023 CHI Conference on Human Factors in Computing Systems},
  pages={1--20},
  year={2023}
}

@inproceedings{lee2023data,
  title={Data as a material for design: alternative narratives, divergent pathways, and future directions},
  author={Lee-Smith, Matthew L and Benjamin, Jesse Josua and Desjardins, Audrey and Funk, Mathias and Odom, William and Oogjes, Doenja and Park, Young-Woo and Pierce, James and Sanches, Pedro and Tsaknaki, Vasiliki},
  booktitle={Extended Abstracts of the 2023 CHI Conference on Human Factors in Computing Systems},
  pages={1--5},
  year={2023}
}


@inproceedings{desjardins2020iot,
  title={IoT data in the home: Observing entanglements and drawing new encounters},
  author={Desjardins, Audrey and Biggs, Heidi R and Key, Cayla and Viny, Jeremy E},
  booktitle={Proceedings of the 2020 CHI Conference on Human Factors in Computing Systems},
  pages={1--13},
  year={2020}
}

@inproceedings{wirfs2019recipes,
  title={Recipes for Breaking Data Free: Alternative Interactions for Experiencing Personal Data},
  author={Wirfs-Brock, Jordan},
  booktitle={Companion Publication of the 2019 on Designing Interactive Systems Conference 2019 Companion},
  pages={325--330},
  year={2019}
}

@inproceedings{jansen2015opportunities,
  title={Opportunities and challenges for data physicalization},
  author={Jansen, Yvonne and Dragicevic, Pierre and Isenberg, Petra and Alexander, Jason and Karnik, Abhijit and Kildal, Johan and Subramanian, Sriram and Hornb{\ae}k, Kasper},
  booktitle={proceedings of the 33rd annual acm conference on human factors in computing systems},
  pages={3227--3236},
  year={2015}
}

@inproceedings{thudt2018self,
  title={Self-reflection and personal physicalization construction},
  author={Thudt, Alice and Hinrichs, Uta and Huron, Samuel and Carpendale, Sheelagh},
  booktitle={Proceedings of the 2018 CHI conference on human factors in computing systems},
  pages={1--13},
  year={2018}
}

@inproceedings{benabdallah2023notebook,
  title={A notebook of data imaginaries},
  author={Benabdallah, Gabrielle and Kaneko, Maya A and Desjardins, Audrey},
  booktitle={Proceedings of the 2023 ACM Designing Interactive Systems Conference},
  pages={431--445},
  year={2023}
}

@inproceedings{muller2024genaichi,
  title={GenAICHI 2024: Generative AI and HCI at CHI 2024},
  author={Muller, Michael and Kantosalo, Anna and Maher, Mary Lou and Martin, Charles Patrick and Walsh, Greg},
  booktitle={Extended Abstracts of the CHI Conference on Human Factors in Computing Systems},
  pages={1--7},
  year={2024}
}

@inproceedings{rajcic2020mirror,
  title={Mirror ritual: An affective interface for emotional self-reflection},
  author={Rajcic, Nina and McCormack, Jon},
  booktitle={Proceedings of the 2020 CHI conference on human factors in computing systems},
  pages={1--13},
  year={2020}
}

@inproceedings{rajcic2023message,
  title={Message ritual: a posthuman account of living with lamp},
  author={Rajcic, Nina and McCormack, Jon},
  booktitle={Proceedings of the 2023 CHI Conference on Human Factors in Computing Systems},
  pages={1--16},
  year={2023}
}

@inproceedings{brand2021design,
  title={A design inquiry into introspective AI: surfacing opportunities, issues, and paradoxes},
  author={Brand, Nico and Odom, William and Barnett, Samuel},
  booktitle={Proceedings of the 2021 ACM Designing Interactive Systems Conference},
  pages={1603--1618},
  year={2021}
}

@inproceedings{brand2023envisioning,
  title={Envisioning and Understanding Orientations to Introspective AI: Exploring a Design Space with Meta. Aware},
  author={Brand, Nico and Odom, William and Barnett, Samuel},
  booktitle={Proceedings of the 2023 CHI Conference on Human Factors in Computing Systems},
  pages={1--18},
  year={2023}
}


@inproceedings{huh2007use,
  title={The use of aesthetics in HCI systems},
  author={Huh, Jina and Ackerman, Mark S and Douglas, Robert},
  booktitle={CHI'07 extended abstracts on Human factors in computing systems},
  pages={2441--2446},
  year={2007}
}

@inproceedings{dalsgaard2008designing,
  title={Designing for inquisitive use},
  author={Dalsgaard, Peter},
  booktitle={Proceedings of the 7th ACM conference on Designing interactive systems},
  pages={21--30},
  year={2008}
}

@inproceedings{fan2012spark,
  title={A spark of activity: exploring informative art as visualization for physical activity},
  author={Fan, Chloe and Forlizzi, Jodi and Dey, Anind K},
  booktitle={Proceedings of the 2012 ACM Conference on Ubiquitous Computing},
  pages={81--84},
  year={2012}
}

@inproceedings{gaver2007enhancing,
  title={Enhancing ubiquitous computing with user interpretation: field testing the home health horoscope},
  author={Gaver, William and Sengers, Phoebe and Kerridge, Tobie and Kaye, Joseph and Bowers, John},
  booktitle={Proceedings of the SIGCHI conference on Human factors in computing systems},
  pages={537--546},
  year={2007}
}

@inproceedings{desjardins2021data,
  title={Data epics: Embarking on literary journeys of home internet of things data},
  author={Desjardins, Audrey and Biggs, Heidi R},
  booktitle={Proceedings of the 2021 CHI Conference on Human Factors in Computing Systems},
  pages={1--17},
  year={2021}
}

@inproceedings{desjardins2018revealing,
  title={Revealing tensions in autobiographical design in HCI},
  author={Desjardins, Audrey and Ball, Aubree},
  booktitle={proceedings of the 2018 designing interactive systems conference},
  pages={753--764},
  year={2018}
}

@inproceedings{neustaedter2012autobiographical,
  title={Autobiographical design in HCI research: designing and learning through use-it-yourself},
  author={Neustaedter, Carman and Sengers, Phoebe},
  booktitle={Proceedings of the Designing Interactive Systems Conference},
  pages={514--523},
  year={2012}
}

@inproceedings{hutchinson2003technology,
  title={Technology probes: inspiring design for and with families},
  author={Hutchinson, Hilary and Mackay, Wendy and Westerlund, Bo and Bederson, Benjamin B and Druin, Allison and Plaisant, Catherine and Beaudouin-Lafon, Michel and Conversy, St{\'e}phane and Evans, Helen and Hansen, Heiko and others},
  booktitle={Proceedings of the SIGCHI conference on Human factors in computing systems},
  pages={17--24},
  year={2003}
}

@inproceedings{jung2020search,
  title={In Search of Forms for Evocative and Generative Reflection: Exploratory Studies and a Design Proposal},
  author={Jung, Heekyoung},
  booktitle={Proceedings of the 2020 CHI Conference on Human Factors in Computing Systems},
  pages={1--13},
  year={2020}
}

@inproceedings{fan2024contextcam,
  title={ContextCam: Bridging Context Awareness with Creative Human-AI Image Co-Creation},
  author={Fan, Xianzhe and Wu, Zihan and Yu, Chun and Rao, Fenggui and Shi, Weinan and Tu, Teng},
  booktitle={Proceedings of the CHI Conference on Human Factors in Computing Systems},
  pages={1--17},
  year={2024}
}

@article{choe2015characterizing,
  title={Characterizing visualization insights from quantified selfers' personal data presentations},
  author={Choe, Eun Kyoung and Lee, Bongshin and others},
  journal={IEEE computer graphics and applications},
  volume={35},
  number={4},
  pages={28--37},
  year={2015},
  publisher={IEEE}
}

@inproceedings{choe2017understanding,
  title={Understanding self-reflection: how people reflect on personal data through visual data exploration},
  author={Choe, Eun Kyoung and Lee, Bongshin and Zhu, Haining and Riche, Nathalie Henry and Baur, Dominikus},
  booktitle={Proceedings of the 11th EAI International Conference on Pervasive Computing Technologies for Healthcare},
  pages={173--182},
  year={2017}
}

@inproceedings{aseniero2020activity,
  title={Activity river: Visualizing planned and logged personal activities for reflection},
  author={Aseniero, Bon Adriel and Perin, Charles and Willett, Wesley and Tang, Anthony and Carpendale, Sheelagh},
  booktitle={Proceedings of the International Conference on Advanced Visual Interfaces},
  pages={1--9},
  year={2020}
}

@article{huang2017field,
  title={A field study of on-calendar visualizations},
  author={Huang, Dandan and Tory, Melanie and Bartram, Lyn},
  journal={arXiv preprint arXiv:1706.01123},
  year={2017}
}

@inproceedings{mcduff2012affectaura,
  title={AffectAura: an intelligent system for emotional memory},
  author={McDuff, Daniel and Karlson, Amy and Kapoor, Ashish and Roseway, Asta and Czerwinski, Mary},
  booktitle={Proceedings of the SIGCHI conference on human factors in computing systems},
  pages={849--858},
  year={2012}
}

@inproceedings{epstein2014taming,
  title={Taming data complexity in lifelogs: exploring visual cuts of personal informatics data},
  author={Epstein, Daniel and Cordeiro, Felicia and Bales, Elizabeth and Fogarty, James and Munson, Sean},
  booktitle={Proceedings of the 2014 conference on Designing interactive systems},
  pages={667--676},
  year={2014}
}

@inproceedings{consolvo2008activity,
  title={Activity sensing in the wild: a field trial of ubifit garden},
  author={Consolvo, Sunny and McDonald, David W and Toscos, Tammy and Chen, Mike Y and Froehlich, Jon and Harrison, Beverly and Klasnja, Predrag and LaMarca, Anthony and LeGrand, Louis and Libby, Ryan and others},
  booktitle={Proceedings of the SIGCHI conference on human factors in computing systems},
  pages={1797--1806},
  year={2008}
}

@article{pousman2007casual,
  title={Casual information visualization: Depictions of data in everyday life},
  author={Pousman, Zachary and Stasko, John and Mateas, Michael},
  journal={IEEE transactions on visualization and computer graphics},
  volume={13},
  number={6},
  pages={1145--1152},
  year={2007},
  publisher={IEEE}
}

@inproceedings{murnane2020designing,
  title={Designing ambient narrative-based interfaces to reflect and motivate physical activity},
  author={Murnane, Elizabeth L and Jiang, Xin and Kong, Anna and Park, Michelle and Shi, Weili and Soohoo, Connor and Vink, Luke and Xia, Iris and Yu, Xin and Yang-Sammataro, John and others},
  booktitle={Proceedings of the 2020 CHI Conference on Human Factors in Computing Systems},
  pages={1--14},
  year={2020}
}

@inproceedings{ayobi2018flexible,
  title={Flexible and mindful self-tracking: Design implications from paper bullet journals},
  author={Ayobi, Amid and Sonne, Tobias and Marshall, Paul and Cox, Anna L},
  booktitle={Proceedings of the 2018 CHI conference on human factors in computing systems},
  pages={1--14},
  year={2018}
}

@inproceedings{kim2019dataselfie,
  title={Dataselfie: Empowering people to design personalized visuals to represent their data},
  author={Kim, Nam Wook and Im, Hyejin and Henry Riche, Nathalie and Wang, Alicia and Gajos, Krzysztof and Pfister, Hanspeter},
  booktitle={Proceedings of the 2019 CHI conference on human factors in computing systems},
  pages={1--12},
  year={2019}
}

@inproceedings{karyda2021data,
  title={Data agents: Promoting reflection through meaningful representations of personal data in everyday life},
  author={Karyda, Maria and Mekler, Elisa D and Lucero, Andr{\'e}s},
  booktitle={Proceedings of the 2021 CHI Conference on Human Factors in Computing Systems},
  pages={1--11},
  year={2021}
}

@inproceedings{friske2020entangling,
  title={Entangling the roles of maker and interpreter in interpersonal data narratives: Explorations in yarn and sound},
  author={Friske, Mikhaila and Wirfs-Brock, Jordan and Devendorf, Laura},
  booktitle={Proceedings of the 2020 ACM Designing Interactive Systems Conference},
  pages={297--310},
  year={2020}
}

@article{wang2015design,
  title={Design and effects of personal visualizations},
  author={Wang, Shimin and Tanahashi, Yuzuru and Leaf, Nick and Ma, Kwan-Liu},
  journal={IEEE Computer Graphics and Applications},
  volume={35},
  number={4},
  pages={82--93},
  year={2015},
  publisher={IEEE}
}


@inproceedings{kang2017fostering,
  title={Fostering user engagement: Improving sense of identity through cosmetic customization in wearable trackers},
  author={Kang, Jin and Binda, Jomara and Agarwal, Pratik and Saconi, Bruno and Choe, Eun Kyoung},
  booktitle={Proceedings of the 11th EAI international conference on pervasive computing technologies for healthcare},
  pages={11--20},
  year={2017}
}

@article{bentvelzen2022revisiting,
  title={Revisiting reflection in hci: Four design resources for technologies that support reflection},
  author={Bentvelzen, Marit and Wo{\'z}niak, Pawe{\l} W and Herbes, Pia SF and Stefanidi, Evropi and Niess, Jasmin},
  journal={Proceedings of the ACM on Interactive, Mobile, Wearable and Ubiquitous Technologies},
  volume={6},
  number={1},
  pages={1--27},
  year={2022},
  publisher={ACM New York, NY, USA}
}

@inproceedings{nunez2014aesthetic,
  title={Aesthetic resources for technology-mediated bodily self-reflection: The case of eloquent robes},
  author={N{\'u}{\~n}ez-Pacheco, Claudia and Loke, Lian},
  booktitle={Proceedings of the 26th Australian Computer-Human Interaction Conference on Designing Futures: The Future of Design},
  pages={1--10},
  year={2014}
}

@inproceedings{lindstrom2006affective,
  title={Affective diary: designing for bodily expressiveness and self-reflection},
  author={Lindstr{\"o}m, Madelene and St{\aa}hl, Anna and H{\"o}{\"o}k, Kristina and Sundstr{\"o}m, Petra and Laaksolathi, Jarmo and Combetto, Marco and Taylor, Alex and Bresin, Roberto},
  booktitle={CHI'06 extended abstracts on Human factors in computing systems},
  pages={1037--1042},
  year={2006}
}

@inproceedings{trujillo2014admixed,
  title={Admixed portrait: reflections on being online as a new parent},
  author={Trujillo-Pisanty, Diego and Durrant, Abigail and Martindale, Sarah and James, Stuart and Collomosse, John},
  booktitle={Proceedings of the 2014 conference on Designing interactive systems},
  pages={503--512},
  year={2014}
}

@inproceedings{durrant2018admixed,
  title={Admixed portrait: Design to understand facebook portrayals in new parenthood},
  author={Durrant, Abigail C and Kirk, David S and Trujillo-Pisanty, Diego and Martindale, Sarah},
  booktitle={Proceedings of the 2018 CHI Conference on Human Factors in Computing Systems},
  pages={1--14},
  year={2018}
}

@inproceedings{pousman2008living,
  title={Living with tableau machine: a longitudinal investigation of a curious domestic intelligence},
  author={Pousman, Zachary and Romero, Mario and Smith, Adam and Mateas, Michael},
  booktitle={Proceedings of the 10th international conference on Ubiquitous computing},
  pages={370--379},
  year={2008}
}

@inproceedings{benjamin2021machine,
  title={Machine learning uncertainty as a design material: A post-phenomenological inquiry},
  author={Benjamin, Jesse Josua and Berger, Arne and Merrill, Nick and Pierce, James},
  booktitle={Proceedings of the 2021 CHI conference on human factors in computing systems},
  pages={1--14},
  year={2021}
}

@inproceedings{sivertsen2024machine,
  title={Machine Learning Processes as Sources of Ambiguity: Insights from AI Art},
  author={Sivertsen, Christian and Salimbeni, Guido and L{\o}vlie, Anders Sundnes and Benford, Steven David and Zhu, Jichen},
  booktitle={Proceedings of the CHI Conference on Human Factors in Computing Systems},
  pages={1--14},
  year={2024}
}

@inproceedings{yurman2022drawing,
  title={Drawing Conversations Mediated by AI},
  author={Yurman, Paulina and Reddy, Anuradha Venugopal},
  booktitle={Proceedings of the 14th Conference on Creativity and Cognition},
  pages={56--70},
  year={2022}
}

@inproceedings{kang2024design,
  title={On the Design of Quologue: Uncovering Opportunities and Challenges with Generative AI as a Resource for Creating a Self-Morphing E-book Metadata Archive},
  author={Kang, Sol and Odom, William},
  booktitle={Extended Abstracts of the CHI Conference on Human Factors in Computing Systems},
  pages={1--16},
  year={2024}
}

@inproceedings{cho2023areca,
  title={ARECA: a design speculation on everyday products having minds},
  author={Cho, Hyungjun and Lee, Jiyeon and Ku, Bonhee and Jeong, Yunwoo and Yadgarova, Shakhnozakhon and Nam, Tek-Jin},
  booktitle={Proceedings of the 2023 ACM Designing Interactive Systems Conference},
  pages={31--44},
  year={2023}
}

@inproceedings{wan2024metamorpheus,
  title={Metamorpheus: Interactive, Affective, and Creative Dream Narration Through Metaphorical Visual Storytelling},
  author={Wan, Qian and Feng, Xin and Bei, Yining and Gao, Zhiqi and Lu, Zhicong},
  booktitle={Proceedings of the CHI Conference on Human Factors in Computing Systems},
  pages={1--16},
  year={2024}
}

@article{oppenlaender2023taxonomy,
  title={A taxonomy of prompt modifiers for text-to-image generation},
  author={Oppenlaender, Jonas},
  journal={Behaviour \& Information Technology},
  pages={1--14},
  year={2023},
  publisher={Taylor \& Francis}
}

@inproceedings{li2010stage,
  title={A stage-based model of personal informatics systems},
  author={Li, Ian and Dey, Anind and Forlizzi, Jodi},
  booktitle={Proceedings of the SIGCHI conference on human factors in computing systems},
  pages={557--566},
  year={2010}
}

@inproceedings{epstein2015lived,
  title={A lived informatics model of personal informatics},
  author={Epstein, Daniel A and Ping, An and Fogarty, James and Munson, Sean A},
  booktitle={Proceedings of the 2015 ACM international joint conference on pervasive and ubiquitous computing},
  pages={731--742},
  year={2015}
}

@article{kersten2017personal,
  title={Personal informatics, self-insight, and behavior change: a critical review of current literature},
  author={Kersten-van Dijk, Elisabeth T and Westerink, Joyce HDM and Beute, Femke and IJsselsteijn, Wijnand A},
  journal={Human--Computer Interaction},
  volume={32},
  number={5-6},
  pages={268--296},
  year={2017},
  publisher={Taylor \& Francis}
}

@article{epstein2020mapping,
  title={Mapping and taking stock of the personal informatics literature},
  author={Epstein, Daniel A and Caldeira, Clara and Figueiredo, Mayara Costa and Lu, Xi and Silva, Lucas M and Williams, Lucretia and Lee, Jong Ho and Li, Qingyang and Ahuja, Simran and Chen, Qiuer and others},
  journal={Proceedings of the ACM on Interactive, Mobile, Wearable and Ubiquitous Technologies},
  volume={4},
  number={4},
  pages={1--38},
  year={2020},
  publisher={ACM New York, NY, USA}
}

@inproceedings{cho2022reflection,
  title={Reflection in theory and reflection in practice: an exploration of the gaps in reflection support among personal informatics apps},
  author={Cho, Janghee and Xu, Tian and Zimmermann-Niefield, Abigail and Voida, Stephen},
  booktitle={Proceedings of the 2022 CHI Conference on Human Factors in Computing Systems},
  pages={1--23},
  year={2022}
}

@article{edwards2024sketch2prototype,
  title={Sketch2Prototype: rapid conceptual design exploration and prototyping with generative AI},
  author={Edwards, Kristen M and Man, Brandon and Ahmed, Faez},
  journal={Proceedings of the Design Society},
  volume={4},
  pages={1989--1998},
  year={2024},
  publisher={Cambridge University Press}
}

@inproceedings{lustig2022explainability,
  title={From explainability to ineffability? ML tarot and the possibility of inspiriting design},
  author={Lustig, Caitlin and Rosner, Daniela},
  booktitle={Proceedings of the 2022 ACM Designing Interactive Systems Conference},
  pages={123--136},
  year={2022}
}

@inproceedings{liu20233dall,
  title={3DALL-E: Integrating text-to-image AI in 3D design workflows},
  author={Liu, Vivian and Vermeulen, Jo and Fitzmaurice, George and Matejka, Justin},
  booktitle={Proceedings of the 2023 ACM designing interactive systems conference},
  pages={1955--1977},
  year={2023}
}

@article{white2023prompt,
  title={A prompt pattern catalog to enhance prompt engineering with chatgpt},
  author={White, Jules and Fu, Quchen and Hays, Sam and Sandborn, Michael and Olea, Carlos and Gilbert, Henry and Elnashar, Ashraf and Spencer-Smith, Jesse and Schmidt, Douglas C},
  journal={arXiv preprint arXiv:2302.11382},
  year={2023}
}

@inproceedings{liu2022design,
  title={Design guidelines for prompt engineering text-to-image generative models},
  author={Liu, Vivian and Chilton, Lydia B},
  booktitle={Proceedings of the 2022 CHI conference on human factors in computing systems},
  pages={1--23},
  year={2022}
}

@article{temsah2024art,
  title={Art or artifact: evaluating the accuracy, appeal, and educational value of AI-generated imagery in DALL{\textperiodcentered} E 3 for illustrating congenital heart diseases},
  author={Temsah, Mohamad-Hani and Alhuzaimi, Abdullah N and Almansour, Mohammed and Aljamaan, Fadi and Alhasan, Khalid and Batarfi, Munirah A and Altamimi, Ibraheem and Alharbi, Amani and Alsuhaibani, Adel Abdulaziz and Alwakeel, Leena and others},
  journal={Journal of Medical Systems},
  volume={48},
  number={1},
  pages={54},
  year={2024},
  publisher={Springer}
}

@book{boyatzis1998transforming,
  title={Transforming qualitative information: Thematic analysis and code development},
  author={Boyatzis, Richard E},
  year={1998},
  publisher={Sage}
}

@article{luhmann1993deconstruction,
  title={Deconstruction as second-order observing},
  author={Luhmann, Niklas},
  journal={New literary history},
  volume={24},
  number={4},
  pages={763--782},
  year={1993},
  publisher={JSTOR}
}

@article{odom2010reciprocity,
  title={Reciprocity, deep storage, and letting go: opportunities for designing interactions with inherited digital materials},
  author={Odom, William and Banks, Richard and Kirk, Dave},
  journal={Interactions},
  volume={17},
  number={5},
  pages={31--34},
  year={2010},
  publisher={ACM New York, NY, USA}
}

@inproceedings{odom2011teenagers,
  title={Teenagers and their virtual possessions: design opportunities and issues},
  author={Odom, William and Zimmerman, John and Forlizzi, Jodi},
  booktitle={Proceedings of the SIGCHI conference on Human Factors in computing systems},
  pages={1491--1500},
  year={2011}
}

@inproceedings{romero2005preliminary,
  title={A preliminary investigation of Alien Presence},
  author={Romero, Mario and Mateas, Michael},
  booktitle={Human-Computer Interaction International (HCII 2005), Las Vegas, NV, USA, July 2005},
  year={2005},
  organization={HCII}
}

@article{romero2008alien,
  title={Alien presence in the home: the design of Tableau Machine},
  author={Romero, Mario and Pousman, Zachary and Mateas, Michael},
  journal={Personal and Ubiquitous Computing},
  volume={12},
  pages={373--382},
  year={2008},
  publisher={Springer}
}

@inproceedings{pousman2008living,
  title={Living with tableau machine: a longitudinal investigation of a curious domestic intelligence},
  author={Pousman, Zachary and Romero, Mario and Smith, Adam and Mateas, Michael},
  booktitle={Proceedings of the 10th international conference on Ubiquitous computing},
  pages={370--379},
  year={2008}
}

@article{weisz2023toward,
  title={Toward general design principles for generative AI applications},
  author={Weisz, Justin D and Muller, Michael and He, Jessica and Houde, Stephanie},
  journal={arXiv preprint arXiv:2301.05578},
  year={2023}
}

@inproceedings{weisz2024design,
  title={Design Principles for Generative AI Applications},
  author={Weisz, Justin D and He, Jessica and Muller, Michael and Hoefer, Gabriela and Miles, Rachel and Geyer, Werner},
  booktitle={Proceedings of the CHI Conference on Human Factors in Computing Systems},
  pages={1--22},
  year={2024}
}

@article{bell2005making,
  title={Making by making strange: Defamiliarization and the design of domestic technologies},
  author={Bell, Genevieve and Blythe, Mark and Sengers, Phoebe},
  journal={ACM Transactions on Computer-Human Interaction (TOCHI)},
  volume={12},
  number={2},
  pages={149--173},
  year={2005},
  publisher={ACM New York, NY, USA}
}

@inproceedings{gaver2003ambiguity,
  title={Ambiguity as a resource for design},
  author={Gaver, William W and Beaver, Jacob and Benford, Steve},
  booktitle={Proceedings of the SIGCHI conference on Human factors in computing systems},
  pages={233--240},
  year={2003}
}

@inproceedings{g2021reflection,
  title={From reflection to action: Combining machine learning with expert knowledge for nutrition goal recommendations},
  author={G. Mitchell, Elliot and M. Heitkemper, Elizabeth and Burgermaster, Marissa and E. Levine, Matthew and Miao, Yishen and L. Hwang, Maria and M. Desai, Pooja and Cassells, Andrea and N. Tobin, Jonathan and G. Tabak, Esteban and others},
  booktitle={Proceedings of the 2021 CHI conference on human factors in computing systems},
  pages={1--17},
  year={2021}
}

@inproceedings{sengers2005reflective,
  title={Reflective design},
  author={Sengers, Phoebe and Boehner, Kirsten and David, Shay and Kaye, Joseph'Jofish'},
  booktitle={Proceedings of the 4th decennial conference on Critical computing: between sense and sensibility},
  pages={49--58},
  year={2005}
}

@incollection{sweller2011cognitive,
  title={Cognitive load theory},
  author={Sweller, John},
  booktitle={Psychology of learning and motivation},
  volume={55},
  pages={37--76},
  year={2011},
  publisher={Elsevier}
}

@article{lin2024make,
  title={Make Me Happier: Evoking Emotions Through Image Diffusion Models},
  author={Lin, Qing and Zhang, Jingfeng and Ong, Yew Soon and Zhang, Mengmi},
  journal={arXiv preprint arXiv:2403.08255},
  year={2024}
}

@inproceedings{yang2024emogen,
  title={EmoGen: Emotional Image Content Generation with Text-to-Image Diffusion Models},
  author={Yang, Jingyuan and Feng, Jiawei and Huang, Hui},
  booktitle={Proceedings of the IEEE/CVF Conference on Computer Vision and Pattern Recognition},
  pages={6358--6368},
  year={2024}
}

@article{gross2015emotion,
  title={Emotion regulation: Current status and future prospects},
  author={Gross, James J},
  journal={Psychological inquiry},
  volume={26},
  number={1},
  pages={1--26},
  year={2015},
  publisher={Taylor \& Francis}
}

@inproceedings{zhang2021designing,
  title={Designing for emotional well-being: integrating persuasion and customization into mental health technologies},
  author={Zhang, Renwen and E. Ringland, Kathryn and Paan, Melina and C. Mohr, David and Reddy, Madhu},
  booktitle={Proceedings of the 2021 CHI Conference on Human Factors in Computing Systems},
  pages={1--13},
  year={2021}
}

@article{hofmann2012efficacy,
  title={The efficacy of cognitive behavioral therapy: A review of meta-analyses},
  author={Hofmann, Stefan G and Asnaani, Anu and Vonk, Imke JJ and Sawyer, Alice T and Fang, Angela},
  journal={Cognitive therapy and research},
  volume={36},
  pages={427--440},
  year={2012},
  publisher={Springer}
}

@article{hollis2017does,
  title={What does all this data mean for my future mood? Actionable analytics and targeted reflection for emotional well-being},
  author={Hollis, Victoria and Konrad, Artie and Springer, Aaron and Antoun, Matthew and Antoun, Christopher and Martin, Rob and Whittaker, Steve},
  journal={Human--Computer Interaction},
  volume={32},
  number={5-6},
  pages={208--267},
  year={2017},
  publisher={Taylor \& Francis}
}

@article{rohani2020recommending,
  title={Recommending activities for mental health and well-being: Insights from two user studies},
  author={Rohani, Darius A and Springer, Aaron and Hollis, Victoria and Bardram, Jakob E and Whittaker, Steve},
  journal={IEEE Transactions on Emerging Topics in Computing},
  volume={9},
  number={3},
  pages={1183--1193},
  year={2020},
  publisher={IEEE}
}

@inproceedings{van2023objective,
  title={Objective Portrait: A practice-based inquiry to explore Al as a reflective design partner},
  author={van der Burg, Vera and de Boer, Gijs and Akdag Salah, Alkim Almila and Chandrasegaran, Senthil and Lloyd, Peter},
  booktitle={Proceedings of the 2023 ACM Designing Interactive Systems Conference},
  pages={387--400},
  year={2023}
}

@inproceedings{van2022ceci,
  title={Ceci n’est pas une Chaise:: Emerging Practices in Designer-AI Collaboration},
  author={van der Burg, Vera and Salah, AA Akdag and Chandrasegaran, RSK and Lloyd, PA},
  booktitle={DRS 2022},
  year={2022},
  organization={Design Research Society}
}

@inproceedings{sengers2006staying,
  title={Staying open to interpretation: engaging multiple meanings in design and evaluation},
  author={Sengers, Phoebe and Gaver, Bill},
  booktitle={Proceedings of the 6th conference on Designing Interactive systems},
  pages={99--108},
  year={2006}
}

@inproceedings{niess2020exploring,
  title={Exploring fitness tracker visualisations to avoid rumination},
  author={Niess, Jasmin and Knaving, Kristina and Kolb, Alina and Wo{\'z}niak, Pawe{\l} W},
  booktitle={22nd International Conference on Human-Computer Interaction with Mobile Devices and Services},
  pages={1--11},
  year={2020}
}

@inproceedings{spiel2018fitter,
  title={Fitter, happier, more productive? The normative ontology of fitness trackers},
  author={Spiel, Katta and Kayali, Fares and Horvath, Louise and Penkler, Michael and Harrer, Sabine and Sicart, Miguel and Hammer, Jessica},
  booktitle={Extended abstracts of the 2018 CHI conference on human factors in computing systems},
  pages={1--10},
  year={2018}
}

@inproceedings{stromel2024narrating,
  title={Narrating Fitness: Leveraging Large Language Models for Reflective Fitness Tracker Data Interpretation},
  author={Str{\"o}mel, Konstantin R and Henry, Stanislas and Johansson, Tim and Niess, Jasmin and Wo{\'z}niak, Pawe{\l} W},
  booktitle={Proceedings of the CHI Conference on Human Factors in Computing Systems},
  pages={1--16},
  year={2024}
}

@book{schon2017reflective,
  title={The reflective practitioner: How professionals think in action},
  author={Sch{\"o}n, Donald A},
  year={2017},
  publisher={Routledge}
}

@article{andalibi2018testing,
  title={Testing waters, sending clues: Indirect disclosures of socially stigmatized experiences on social media},
  author={Andalibi, Nazanin and Morris, Margaret E and Forte, Andrea},
  journal={Proceedings of the ACM on Human-Computer Interaction},
  volume={2},
  number={CSCW},
  pages={1--23},
  year={2018},
  publisher={ACM New York, NY, USA}
}

@inproceedings{andalibi2017sensitive,
  title={Sensitive self-disclosures, responses, and social support on Instagram: The case of\# depression},
  author={Andalibi, Nazanin and Ozturk, Pinar and Forte, Andrea},
  booktitle={Proceedings of the 2017 ACM conference on computer supported cooperative work and social computing},
  pages={1485--1500},
  year={2017}
}

@inproceedings{hua2024generative,
  title={Generative AI in User-Generated Content},
  author={Hua, Yiqing and Niu, Shuo and Cai, Jie and Chilton, Lydia B and Heuer, Hendrik and Wohn, Donghee Yvette},
  booktitle={Extended Abstracts of the CHI Conference on Human Factors in Computing Systems},
  pages={1--7},
  year={2024}
}

@incollection{brave1997intouch,
  title={inTouch: a medium for haptic interpersonal communication},
  author={Brave, Scott and Dahley, Andrew},
  booktitle={CHI'97 extended abstracts on human factors in computing systems},
  pages={363--364},
  year={1997}
}

@inproceedings{gaver2023living,
  title={Living with light touch: An autoethnography of a simple communication device in long-term use},
  author={Gaver, William and Gaver, Frances},
  booktitle={Proceedings of the 2023 CHI Conference on Human Factors in Computing Systems},
  pages={1--14},
  year={2023}
}

@inproceedings{strong1996feather,
  title={Feather, scent and shaker: supporting simple intimacy},
  author={Strong, Rob and Gaver, Bill and others},
  booktitle={Proceedings of CSCW},
  volume={96},
  number={96},
  pages={29--30},
  year={1996}
}

@inproceedings{elsden2016metadating,
  title={Metadating: exploring the romance and future of personal data},
  author={Elsden, Chris and Nissen, Bettina and Garbett, Andrew and Chatting, David and Kirk, David and Vines, John},
  booktitle={Proceedings of the 2016 chi conference on human factors in computing systems},
  pages={685--698},
  year={2016}
}

@inproceedings{kim2024mindfuldiary,
  title={MindfulDiary: Harnessing Large Language Model to Support Psychiatric Patients' Journaling},
  author={Kim, Taewan and Bae, Seolyeong and Kim, Hyun Ah and Lee, Su-woo and Hong, Hwajung and Yang, Chanmo and Kim, Young-Ho},
  booktitle={Proceedings of the CHI Conference on Human Factors in Computing Systems},
  pages={1--20},
  year={2024}
}

@inproceedings{dib2010sonic,
  title={Sonic souvenirs: exploring the paradoxes of recorded sound for family remembering},
  author={Dib, Lina and Petrelli, Daniela and Whittaker, Steve},
  booktitle={Proceedings of the 2010 ACM conference on Computer supported cooperative work},
  pages={391--400},
  year={2010}
}

@article{petrelli2010family,
  title={Family memories in the home: contrasting physical and digital mementos},
  author={Petrelli, Daniela and Whittaker, Steve},
  journal={Personal and Ubiquitous Computing},
  volume={14},
  pages={153--169},
  year={2010},
  publisher={Springer}
}

@inproceedings{elsden2017designing,
  title={Designing documentary informatics},
  author={Elsden, Chris and Durrant, Abigail C and Chatting, David and Kirk, David S},
  booktitle={Proceedings of the 2017 Conference on Designing Interactive Systems},
  pages={649--661},
  year={2017}
}

@article{staahl2014evocative,
  title={Evocative balance: Designing for interactional empowerment},
  author={St{\aa}hl, Anna and L{\"o}wgren, Jonas and H{\"o}{\"o}k, Kristina},
  journal={International journal of Design},
  volume={8},
  number={1},
  pages={43--57},
  year={2014},
  publisher={Chinese Institute of Design}
}

@inproceedings{capel2024studying,
  title={Studying Self-Care with Generative AI Tools: Lessons for Design},
  author={Capel, Tara and Ploderer, Bernd and Bircanin, Filip and Hanmer, Simon and Yates, Jamie Paige and Wang, Jiaxuan and Khor, Kai Ling and Leong, Tuck Wah and Wadley, Greg and Newcomb, Michelle},
  booktitle={Proceedings of the 2024 ACM Designing Interactive Systems Conference},
  pages={1620--1637},
  year={2024}
}

@misc{dalle,
author = {OpenAI},
title = {DALL-E 3},
year = {2024},
howpublished = {\url{https://openai.com/dall-e-3}},
year = {2024},
note = {[Accessed 13-09-2024]},
}

@misc{qself,
author = {Gary Wolf},
title = {Know Thyself: Tracking Every Facet of Life, from Sleep to Mood to Pain},
howpublished = {\url{http://www.wired.com/medtech/health/magazine/17-07/lbnp_knowthyself?currentPage=all}},
year = {2009},
note = {[Accessed 13-09-2024]},
}

@book{deardata,
  title={Dear Data},
  author={Giorgia Lupi and Stefanie Posavec},
  year={2016},
  publisher={Chronicle Books}
}

@misc{chatgpt,
	author = {OpenAI},
	title = {ChatGPT},
	howpublished = {\url{https://chat.openai.com/}},
	year = {2024},
	note = {[Accessed 13-09-2024]},
}

@misc{dalleingpt,
	author = {OpenAI},
	title = {DALL·E 3 system card},
	howpublished = {\url{https://openai.com/index/dall-e-3-system-card/}},
	year = {2023},
	note = {[Accessed 13-09-2024]},
}

@misc{figmaOnlineCollaborative,
	author = {Figma},
	title = {FigJam},
	howpublished = {\url{https://www.figma.com/figjam/}},
	year = {2024},
	note = {[Accessed 12-09-2024]},
}


@misc{gptapi,
	author = {OpenAI},
	title = {Models - GPT-4o},
	howpublished = {\url{https://platform.openai.com/docs/models/gpt-4o}},
	year = {2024},
	note = {[Accessed 13-09-2024]},
}

@misc{dalleapi,
	author = {OpenAI},
	title = {Models - DALL·E},
	howpublished = {\url{https://platform.openai.com/docs/models/dall-e}},
	year = {2024},
	note = {[Accessed 13-09-2024]},
}

@misc{promptguide,
	author = {OpenAI},
	title = {Guide - Prompt Engineering},
	howpublished = {\url{https://platform.openai.com/docs/guides/prompt-engineering}},
	year = {2024},
	note = {[Accessed 13-09-2024]},
}

@misc{notion,
	author = {Notion Labs, Inc.},
	title = {Notion},
	howpublished = {\url{https://www.notion.so/}},
	year = {2024},
	note = {[Accessed 13-09-2024]},
}

@misc{midjourney,
	author = {Midjourney},
	title = {Midjourney},
	howpublished = {\url{https://midjourney.com/}},
	year = {2024},
	note = {[Accessed 13-09-2024]},
}

@misc{stablediffusion,
	author = {Stable Diffusion},
	title = {Stable Diffusion Online},
	howpublished = {\url{https://stablediffusionweb.com/}},
	year = {2024},
	note = {[Accessed 13-09-2024]},
}

@misc{apple,
	author = {Apple Journal},
	title = {Apple launches Journal, a new app to reflect on everyday moments and life’s special events},
	howpublished = {\url{https://www.apple.com/newsroom/2023/12/apple-launches-journal-app-a-new-app-for-reflecting-on-everyday-moments/}},
	year = {2023},
	note = {[Accessed 13-09-2024]},
}

@misc{saywhat,
	author = {Google Arts \& Culture},
	title = {Say What You See},
	howpublished = {\url{https://artsandculture.google.com/experiment/saywhat-you-see/jwG3m7wQShZngw}},
	year = {2023},
	note = {[Accessed 12-09-2024]},
}

@inproceedings{baumer2014reviewing,
  title={Reviewing reflection: on the use of reflection in interactive system design},
  author={Baumer, Eric PS and Khovanskaya, Vera and Matthews, Mark and Reynolds, Lindsay and Schwanda Sosik, Victoria and Gay, Geri},
  booktitle={Proceedings of the 2014 conference on Designing interactive systems},
  pages={93--102},
  year={2014}
}

@inproceedings{baumer2015reflective,
  title={Reflective informatics: conceptual dimensions for designing technologies of reflection},
  author={Baumer, Eric PS},
  booktitle={Proceedings of the 33rd annual ACM conference on human factors in computing systems},
  pages={585--594},
  year={2015}
}

@inproceedings{mekler2019framework,
  title={A framework for the experience of meaning in human-computer interaction},
  author={Mekler, Elisa D and Hornb{\ae}k, Kasper},
  booktitle={Proceedings of the 2019 CHI conference on human factors in computing systems},
  pages={1--15},
  year={2019}
}


@inproceedings{sosa2018data,
  title={Data objects: Design principles for data physicalisation},
  author={Sosa, Ricardo and Gerrard, Victoria and Esparza, Antonio and Torres, Rebeca and Napper, Robbie},
  booktitle={International Design Conference 2018},
  pages={1685--1696},
  year={2018},
  organization={Faculty of Mechanical Engineering and Naval Architecture, Univ. of Zagreb}
}

@inproceedings{lee2015patina,
  title={Patina engraver: Visualizing activity logs as patina in fashionable trackers},
  author={Lee, Moon-Hwan and Cha, Seijin and Nam, Tek-Jin},
  booktitle={Proceedings of the 33rd Annual ACM Conference on Human Factors in Computing Systems},
  pages={1173--1182},
  year={2015}
}

@inproceedings{gorichanaz2020engaging,
  title={Engaging with public art: An exploration of the design space},
  author={Gorichanaz, Tim},
  booktitle={Proceedings of the 2020 CHI Conference on Human Factors in Computing Systems},
  pages={1--14},
  year={2020}
}

@inproceedings{mols2016technologies,
  title={Technologies for everyday life reflection: Illustrating a design space},
  author={Mols, Ine and Van Den Hoven, Elise and Eggen, Berry},
  booktitle={Proceedings of the TEI'16: Tenth International Conference on Tangible, Embedded, and Embodied Interaction},
  pages={53--61},
  year={2016}
}


@misc{David2023, 
title={OpenAI releases third version of dall-e}, url={https://www.theverge.com/2023/9/20/23881241/openai-dalle-third-version-generative-ai}, 
journal={The Verge}, 
publisher={The Verge}, 
author={David, Emilia}, 
year={2023}, 
month={Sep},
note = {[Accessed 09-12-2024]}
}


@inproceedings{consolvo2008flowers,
  title={Flowers or a robot army? Encouraging awareness \& activity with personal, mobile displays},
  author={Consolvo, Sunny and Klasnja, Predrag and McDonald, David W and Avrahami, Daniel and Froehlich, Jon and LeGrand, Louis and Libby, Ryan and Mosher, Keith and Landay, James A},
  booktitle={Proceedings of the 10th international conference on Ubiquitous computing},
  pages={54--63},
  year={2008}
}

@book{creswell2016qualitative,
title={Qualitative inquiry and research design: Choosing among five approaches},
author={Creswell, John W and Poth, Cheryl N},
year={2016},
publisher={Sage publications}
}

@article{sarkar2024ai,
  title={AI Should Challenge, Not Obey},
  author={Sarkar, Advait},
  journal={Communications of the ACM},
  volume={67},
  number={10},
  pages={18--21},
  year={2024},
  publisher={ACM New York, NY, USA}
}

@inproceedings{odom2014placelessness,
  title={Placelessness, spacelessness, and formlessness: experiential qualities of virtual possessions},
  author={Odom, William and Zimmerman, John and Forlizzi, Jodi},
  booktitle={Proceedings of the 2014 conference on Designing interactive systems},
  pages={985--994},
  year={2014}
}

@inproceedings{watkins2015digital,
  title={Digital collections and digital collecting practices},
  author={Watkins, Rebecca D and Sellen, Abigail and Lindley, Si{\^a}n E},
  booktitle={Proceedings of the 33rd annual ACM conference on human factors in computing systems},
  pages={3423--3432},
  year={2015}
}

@incollection{watkins2012attachment,
  title={Attachment to digital virtual possessions in videogames},
  author={Watkins, Rebecca and Molesworth, Mike},
  booktitle={Research in consumer behavior},
  volume={14},
  pages={153--170},
  year={2012},
  publisher={Emerald Group Publishing Limited}
}

@inproceedings{golsteijn2012towards,
  title={Towards a more cherishable digital object},
  author={Golsteijn, Connie and Van Den Hoven, Elise and Frohlich, David and Sellen, Abigail},
  booktitle={Proceedings of the designing interactive systems conference},
  pages={655--664},
  year={2012}
}

@inproceedings{elsden2016s,
  title={It's just my history isn't it? Understanding smart journaling practices},
  author={Elsden, Chris and Durrant, Abigail C and Kirk, David S},
  booktitle={Proceedings of the 2016 CHI Conference on Human Factors in Computing Systems},
  pages={2819--2831},
  year={2016}
}

@inproceedings{gulotta2015curatorial,
  title={Curatorial agents: How systems shape our understanding of personal and familial digital information},
  author={Gulotta, Rebecca and Sciuto, Alex and Kelliher, Aisling and Forlizzi, Jodi},
  booktitle={Proceedings of the 33rd Annual ACM Conference on Human Factors in Computing Systems},
  pages={3453--3462},
  year={2015}
}

@article{maraj2020digital,
  title={What is digital possession and how to study it: a conversation with Russell Belk, Rebecca Mardon, Giana M. Eckhardt, Varala Maraj, Will Odom, Massimo Airoldi, Alessandro Caliandro, Mike Molesworth and Alessandro Gandini:(ABS 2)},
  author={Maraj, Varala},
  journal={Journal of Marketing Management},
  volume={36},
  number={9-10},
  pages={942--971},
  year={2020},
  publisher={Routledge}
}

@inproceedings{odom2014designing,
  title={Designing for slowness, anticipation and re-visitation: a long term field study of the photobox},
  author={Odom, William T and Sellen, Abigail J and Banks, Richard and Kirk, David S and Regan, Tim and Selby, Mark and Forlizzi, Jodi L and Zimmerman, John},
  booktitle={Proceedings of the SIGCHI Conference on Human Factors in Computing Systems},
  pages={1961--1970},
  year={2014}
}

@inproceedings{odom2015understanding,
  title={Understanding long-term interactions with a slow technology: An investigation of experiences with FutureMe},
  author={Odom, William},
  booktitle={Proceedings of the 33rd Annual ACM Conference on Human Factors in Computing Systems},
  pages={575--584},
  year={2015}
}

@inproceedings{odom2010virtual,
  title={Virtual possessions},
  author={Odom, William and Zimmerman, John and Forlizzi, Jodi},
  booktitle={Proceedings of the 8th ACM Conference on Designing Interactive Systems},
  pages={368--371},
  year={2010}
}

@inproceedings{benford2012uncomfortable,
  title={Uncomfortable interactions},
  author={Benford, Steve and Greenhalgh, Chris and Giannachi, Gabriella and Walker, Brendan and Marshall, Joe and Rodden, Tom},
  booktitle={Proceedings of the sigchi conference on human factors in computing systems},
  pages={2005--2014},
  year={2012}
}

@inproceedings{bopp2016negative,
  title={Negative emotion, positive experience? Emotionally moving moments in digital games},
  author={Bopp, Julia Ayumi and Mekler, Elisa D and Opwis, Klaus},
  booktitle={Proceedings of the 2016 CHI conference on human factors in computing systems},
  pages={2996--3006},
  year={2016}
}

@misc{dallepolicy,
author = {OpenAI},
title = {Usage policies},
year = {2024},
howpublished = {\url{https://openai.com/policies/usage-policies/}},
year = {2024},
note = {[Accessed 09-12-2024]},
}

@inproceedings{fleck2010reflecting,
  title={Reflecting on reflection: framing a design landscape},
  author={Fleck, Rowanne and Fitzpatrick, Geraldine},
  booktitle={Proceedings of the 22nd conference of the computer-human interaction special interest group of australia on computer-human interaction},
  pages={216--223},
  year={2010}
}

@inproceedings{odom2019investigating,
  title={Investigating slowness as a frame to design longer-term experiences with personal data: A field study of olly},
  author={Odom, William and Wakkary, Ron and Hol, Jeroen and Naus, Bram and Verburg, Pepijn and Amram, Tal and Chen, Amy Yo Sue},
  booktitle={Proceedings of the 2019 CHI Conference on Human Factors in Computing Systems},
  pages={1--16},
  year={2019}
}

@article{belk2016extended,
  title={Extended self and the digital world},
  author={Belk, Russell},
  journal={Current Opinion in Psychology},
  volume={10},
  pages={50--54},
  year={2016},
  publisher={Elsevier}
}