@article{hu2016automatic,
  title={Automatic 3D liver segmentation based on deep learning and globally optimized surface evolution},
  author={Hu, Peijun and Wu, Fa and Peng, Jialin and Liang, Ping and Kong, Dexing},
  journal={Physics in Medicine \& Biology},
  volume={61},
  number={24},
  pages={8676},
  year={2016},
  publisher={IOP Publishing}
}

@article{ibragimov2017combining,
  title={Combining deep learning with anatomical analysis for segmentation of the portal vein for liver SBRT planning},
  author={Ibragimov, Bulat and Toesca, Diego and Chang, Daniel and Koong, Albert and Xing, Lei},
  journal={Physics in Medicine \& Biology},
  volume={62},
  number={23},
  pages={8943},
  year={2017},
  publisher={IOP Publishing}
}

@article{ibragimov2017segmentation,
  title={Segmentation of organs-at-risks in head and neck CT images using convolutional neural networks},
  author={Ibragimov, Bulat and Xing, Lei},
  journal={Medical physics},
  volume={44},
  number={2},
  pages={547--557},
  year={2017},
  publisher={Wiley Online Library}
}

@article{jackson2018deep,
  title={Deep learning renal segmentation for fully automated radiation dose estimation in unsealed source therapy},
  author={Jackson, Price and Hardcastle, Nicholas and Dawe, Noel and Kron, Tomas and Hofman, Michael S and Hicks, Rodney J},
  journal={Frontiers in oncology},
  volume={8},
  pages={215},
  year={2018},
  publisher={Frontiers Media SA}
}

@article{khan2023hybrid,
  title={A hybrid attention-based residual Unet for semantic segmentation of brain tumor},
  author={Khan, Wajiha Rahim and Madni, Tahir Mustafa and Janjua, Uzair Iqbal and Javed, Umer and Khan, Muhammad Attique and Alhaisoni, Majed and Tariq, Usman and Cha, Jae-Hyuk},
  journal={Computers, Materials and Continua},
  volume={76},
  number={1},
  pages={647--664},
  year={2023},
  publisher={TECH SCIENCE PRESS}
}

@article{koirala2023automated,
  title={Automated ensemble-based segmentation of adult brain tumors: A novel approach using the brats africa challenge data},
  author={Koirala, Chiranjeewee Prasad and Mohapatra, Sovesh and Gosai, Advait and Schlaug, Gottfried},
  journal={arXiv preprint arXiv:2308.07214},
  year={2023}
}

@article{liang2020emerging,
  title={The emerging roles of artificial intelligence in cancer drug development and precision therapy},
  author={Liang, Guosheng and Fan, Wenguo and Luo, Hui and Zhu, Xiao},
  journal={Biomedicine \& Pharmacotherapy},
  volume={128},
  pages={110255},
  year={2020},
  publisher={Elsevier}
}

@article{lustberg2018clinical,
  title={Clinical evaluation of atlas and deep learning based automatic contouring for lung cancer},
  author={Lustberg, Tim and van Soest, Johan and Gooding, Mark and Peressutti, Devis and Aljabar, Paul and van der Stoep, Judith and van Elmpt, Wouter and Dekker, Andre},
  journal={Radiotherapy and Oncology},
  volume={126},
  number={2},
  pages={312--317},
  year={2018},
  publisher={Elsevier}
}

@article{murali2023bringing,
  title={Bringing MRI to low-and middle-income countries: directions, challenges and potential solutions},
  author={Murali, Sanjana and Ding, Hao and Adedeji, Fope and Qin, Cathy and Obungoloch, Johnes and Asllani, Iris and Anazodo, Udunna and Ntusi, Ntobeko AB and Mammen, Regina and Niendorf, Thoralf and others},
  journal={NMR in Biomedicine},
  pages={e4992},
  year={2023},
  publisher={Wiley Online Library}
}

@article{razzak2018efficient,
  title={Efficient brain tumor segmentation with multiscale two-pathway-group conventional neural networks},
  author={Razzak, Muhammad Imran and Imran, Muhammad and Xu, Guandong},
  journal={IEEE journal of biomedical and health informatics},
  volume={23},
  number={5},
  pages={1911--1919},
  year={2018},
  publisher={IEEE}
}

@article{sun2019drrnet,
  title={DRRNet: dense residual refine networks for automatic brain tumor segmentation},
  author={Sun, Jiawei and Chen, Wei and Peng, Suting and Liu, Boqiang},
  journal={Journal of medical systems},
  volume={43},
  pages={1--9},
  year={2019},
  publisher={Springer}
}

