@inproceedings{DBLP:conf/iclr/KhandelwalLJZL20,
  author       = {Urvashi Khandelwal and
                  Omer Levy and
                  Dan Jurafsky and
                  Luke Zettlemoyer and
                  Mike Lewis},
  title        = {Generalization through Memorization: Nearest Neighbor Language Models},
  booktitle    = {8th International Conference on Learning Representations, {ICLR} 2020,
                  Addis Ababa, Ethiopia, April 26-30, 2020},
  publisher    = {OpenReview.net},
  year         = {2020},
  url          = {https://openreview.net/forum?id=HklBjCEKvH},
  timestamp    = {Thu, 07 May 2020 17:11:47 +0200},
  biburl       = {https://dblp.org/rec/conf/iclr/KhandelwalLJZL20.bib},
  bibsource    = {dblp computer science bibliography, https://dblp.org}
}
}

@inproceedings{DBLP:conf/naacl/ShiMYS0LZY24,
  author       = {Weijia Shi and
                  Sewon Min and
                  Michihiro Yasunaga and
                  Minjoon Seo and
                  Richard James and
                  Mike Lewis and
                  Luke Zettlemoyer and
                  Wen{-}tau Yih},
  editor       = {Kevin Duh and
                  Helena G{\'{o}}mez{-}Adorno and
                  Steven Bethard},
  title        = {{REPLUG:} Retrieval-Augmented Black-Box Language Models},
  booktitle    = {Proceedings of the 2024 Conference of the North American Chapter of
                  the Association for Computational Linguistics: Human Language Technologies
                  (Volume 1: Long Papers), {NAACL} 2024, Mexico City, Mexico, June 16-21,
                  2024},
  pages        = {8371--8384},
  publisher    = {Association for Computational Linguistics},
  year         = {2024},
  url          = {https://doi.org/10.18653/v1/2024.naacl-long.463},
  doi          = {10.18653/V1/2024.NAACL-LONG.463},
  timestamp    = {Thu, 29 Aug 2024 17:13:57 +0200},
  biburl       = {https://dblp.org/rec/conf/naacl/ShiMYS0LZY24.bib},
  bibsource    = {dblp computer science bibliography, https://dblp.org}
}

@inproceedings{DBLP:conf/emnlp/DengPSC23,
  author       = {Jingcheng Deng and
                  Liang Pang and
                  Huawei Shen and
                  Xueqi Cheng},
  editor       = {Houda Bouamor and
                  Juan Pino and
                  Kalika Bali},
  title        = {RegaVAE: {A} Retrieval-Augmented Gaussian Mixture Variational Auto-Encoder
                  for Language Modeling},
  booktitle    = {Findings of the Association for Computational Linguistics: {EMNLP}
                  2023, Singapore, December 6-10, 2023},
  pages        = {2500--2510},
  publisher    = {Association for Computational Linguistics},
  year         = {2023},
  url          = {https://doi.org/10.18653/v1/2023.findings-emnlp.164},
  doi          = {10.18653/V1/2023.FINDINGS-EMNLP.164},
  timestamp    = {Fri, 12 Apr 2024 13:11:46 +0200},
  biburl       = {https://dblp.org/rec/conf/emnlp/DengPSC23.bib},
  bibsource    = {dblp computer science bibliography, https://dblp.org}
}

@inproceedings{DBLP:conf/iclr/HeLGC21,
  author       = {Pengcheng He and
                  Xiaodong Liu and
                  Jianfeng Gao and
                  Weizhu Chen},
  title        = {Deberta: decoding-Enhanced Bert with Disentangled Attention},
  booktitle    = {9th International Conference on Learning Representations, {ICLR} 2021,
                  Virtual Event, Austria, May 3-7, 2021},
  publisher    = {OpenReview.net},
  year         = {2021},
  url          = {https://openreview.net/forum?id=XPZIaotutsD},
  timestamp    = {Thu, 11 Apr 2024 13:33:56 +0200},
  biburl       = {https://dblp.org/rec/conf/iclr/HeLGC21.bib},
  bibsource    = {dblp computer science bibliography, https://dblp.org}
}

@inproceedings{DBLP:conf/nips/Song0QLL20,
  author       = {Kaitao Song and
                  Xu Tan and
                  Tao Qin and
                  Jianfeng Lu and
                  Tie{-}Yan Liu},
  editor       = {Hugo Larochelle and
                  Marc'Aurelio Ranzato and
                  Raia Hadsell and
                  Maria{-}Florina Balcan and
                  Hsuan{-}Tien Lin},
  title        = {MPNet: Masked and Permuted Pre-training for Language Understanding},
  booktitle    = {Advances in Neural Information Processing Systems 33: Annual Conference
                  on Neural Information Processing Systems 2020, NeurIPS 2020, December
                  6-12, 2020, virtual},
  year         = {2020},
  url          = {https://proceedings.neurips.cc/paper/2020/hash/c3a690be93aa602ee2dc0ccab5b7b67e-Abstract.html},
  timestamp    = {Mon, 29 Jan 2024 17:56:03 +0100},
  biburl       = {https://dblp.org/rec/conf/nips/Song0QLL20.bib},
  bibsource    = {dblp computer science bibliography, https://dblp.org}
}

@inproceedings{DBLP:conf/acl/WangYHYMW24,
  author       = {Liang Wang and
                  Nan Yang and
                  Xiaolong Huang and
                  Linjun Yang and
                  Rangan Majumder and
                  Furu Wei},
  editor       = {Lun{-}Wei Ku and
                  Andre Martins and
                  Vivek Srikumar},
  title        = {Improving Text Embeddings with Large Language Models},
  booktitle    = {Proceedings of the 62nd Annual Meeting of the Association for Computational
                  Linguistics (Volume 1: Long Papers), {ACL} 2024, Bangkok, Thailand,
                  August 11-16, 2024},
  pages        = {11897--11916},
  publisher    = {Association for Computational Linguistics},
  year         = {2024},
  url          = {https://doi.org/10.18653/v1/2024.acl-long.642},
  doi          = {10.18653/V1/2024.ACL-LONG.642},
  timestamp    = {Tue, 24 Sep 2024 10:55:48 +0200},
  biburl       = {https://dblp.org/rec/conf/acl/WangYHYMW24.bib},
  bibsource    = {dblp computer science bibliography, https://dblp.org}
}

@article{DBLP:journals/corr/abs-2405-17428,
  author       = {Chankyu Lee and
                  Rajarshi Roy and
                  Mengyao Xu and
                  Jonathan Raiman and
                  Mohammad Shoeybi and
                  Bryan Catanzaro and
                  Wei Ping},
  title        = {NV-Embed: Improved Techniques for Training LLMs as Generalist Embedding
                  Models},
  journal      = {CoRR},
  volume       = {abs/2405.17428},
  year         = {2024},
  url          = {https://doi.org/10.48550/arXiv.2405.17428},
  doi          = {10.48550/ARXIV.2405.17428},
  eprinttype    = {arXiv},
  eprint       = {2405.17428},
  timestamp    = {Tue, 18 Jun 2024 16:10:22 +0200},
  biburl       = {https://dblp.org/rec/journals/corr/abs-2405-17428.bib},
  bibsource    = {dblp computer science bibliography, https://dblp.org}
}

@article{DBLP:journals/corr/abs-2404-05961,
  author       = {Parishad BehnamGhader and
                  Vaibhav Adlakha and
                  Marius Mosbach and
                  Dzmitry Bahdanau and
                  Nicolas Chapados and
                  Siva Reddy},
  title        = {LLM2Vec: Large Language Models Are Secretly Powerful Text Encoders},
  journal      = {CoRR},
  volume       = {abs/2404.05961},
  year         = {2024},
  url          = {https://doi.org/10.48550/arXiv.2404.05961},
  doi          = {10.48550/ARXIV.2404.05961},
  eprinttype    = {arXiv},
  eprint       = {2404.05961},
  timestamp    = {Wed, 15 May 2024 08:47:08 +0200},
  biburl       = {https://dblp.org/rec/journals/corr/abs-2404-05961.bib},
  bibsource    = {dblp computer science bibliography, https://dblp.org}
}

@article{DBLP:journals/corr/abs-2402-10612,
  author       = {Hanxing Ding and
                  Liang Pang and
                  Zihao Wei and
                  Huawei Shen and
                  Xueqi Cheng},
  title        = {Retrieve Only When It Needs: Adaptive Retrieval Augmentation for Hallucination
                  Mitigation in Large Language Models},
  journal      = {CoRR},
  volume       = {abs/2402.10612},
  year         = {2024},
  url          = {https://doi.org/10.48550/arXiv.2402.10612},
  doi          = {10.48550/ARXIV.2402.10612},
  eprinttype    = {arXiv},
  eprint       = {2402.10612},
  timestamp    = {Mon, 26 Feb 2024 16:52:48 +0100},
  biburl       = {https://dblp.org/rec/journals/corr/abs-2402-10612.bib},
  bibsource    = {dblp computer science bibliography, https://dblp.org}
}

@article{DBLP:journals/corr/abs-2402-09906,
  author       = {Niklas Muennighoff and
                  Hongjin Su and
                  Liang Wang and
                  Nan Yang and
                  Furu Wei and
                  Tao Yu and
                  Amanpreet Singh and
                  Douwe Kiela},
  title        = {Generative Representational Instruction Tuning},
  journal      = {CoRR},
  volume       = {abs/2402.09906},
  year         = {2024},
  url          = {https://doi.org/10.48550/arXiv.2402.09906},
  doi          = {10.48550/ARXIV.2402.09906},
  eprinttype    = {arXiv},
  eprint       = {2402.09906},
  timestamp    = {Thu, 14 Nov 2024 13:27:37 +0100},
  biburl       = {https://dblp.org/rec/journals/corr/abs-2402-09906.bib},
  bibsource    = {dblp computer science bibliography, https://dblp.org}
}

@inproceedings{DBLP:conf/sigir/MaWYWL24,
  author       = {Xueguang Ma and
                  Liang Wang and
                  Nan Yang and
                  Furu Wei and
                  Jimmy Lin},
  editor       = {Grace Hui Yang and
                  Hongning Wang and
                  Sam Han and
                  Claudia Hauff and
                  Guido Zuccon and
                  Yi Zhang},
  title        = {Fine-Tuning LLaMA for Multi-Stage Text Retrieval},
  booktitle    = {Proceedings of the 47th International {ACM} {SIGIR} Conference on
                  Research and Development in Information Retrieval, {SIGIR} 2024, Washington
                  DC, USA, July 14-18, 2024},
  pages        = {2421--2425},
  publisher    = {{ACM}},
  year         = {2024},
  url          = {https://doi.org/10.1145/3626772.3657951},
  doi          = {10.1145/3626772.3657951},
  timestamp    = {Sun, 06 Oct 2024 21:14:16 +0200},
  biburl       = {https://dblp.org/rec/conf/sigir/MaWYWL24.bib},
  bibsource    = {dblp computer science bibliography, https://dblp.org}
}

@article{DBLP:journals/corr/abs-2409-15700,
  author       = {Chaofan Li and
                  Minghao Qin and
                  Shitao Xiao and
                  Jianlyu Chen and
                  Kun Luo and
                  Yingxia Shao and
                  Defu Lian and
                  Zheng Liu},
  title        = {Making Text Embedders Few-Shot Learners},
  journal      = {CoRR},
  volume       = {abs/2409.15700},
  year         = {2024},
  url          = {https://doi.org/10.48550/arXiv.2409.15700},
  doi          = {10.48550/ARXIV.2409.15700},
  eprinttype    = {arXiv},
  eprint       = {2409.15700},
  timestamp    = {Wed, 16 Oct 2024 13:28:34 +0200},
  biburl       = {https://dblp.org/rec/journals/corr/abs-2409-15700.bib},
  bibsource    = {dblp computer science bibliography, https://dblp.org}
}

@article{DBLP:journals/corr/abs-2308-03281,
  author       = {Zehan Li and
                  Xin Zhang and
                  Yanzhao Zhang and
                  Dingkun Long and
                  Pengjun Xie and
                  Meishan Zhang},
  title        = {Towards General Text Embeddings with Multi-stage Contrastive Learning},
  journal      = {CoRR},
  volume       = {abs/2308.03281},
  year         = {2023},
  url          = {https://doi.org/10.48550/arXiv.2308.03281},
  doi          = {10.48550/ARXIV.2308.03281},
  eprinttype    = {arXiv},
  eprint       = {2308.03281},
  timestamp    = {Tue, 07 May 2024 20:16:01 +0200},
  biburl       = {https://dblp.org/rec/journals/corr/abs-2308-03281.bib},
  bibsource    = {dblp computer science bibliography, https://dblp.org}
}

@inproceedings{DBLP:conf/iclr/HuSWALWWC22,
  author       = {Edward J. Hu and
                  Yelong Shen and
                  Phillip Wallis and
                  Zeyuan Allen{-}Zhu and
                  Yuanzhi Li and
                  Shean Wang and
                  Lu Wang and
                  Weizhu Chen},
  title        = {LoRA: Low-Rank Adaptation of Large Language Models},
  booktitle    = {The Tenth International Conference on Learning Representations, {ICLR}
                  2022, Virtual Event, April 25-29, 2022},
  publisher    = {OpenReview.net},
  year         = {2022},
  url          = {https://openreview.net/forum?id=nZeVKeeFYf9},
  timestamp    = {Sat, 20 Aug 2022 01:15:42 +0200},
  biburl       = {https://dblp.org/rec/conf/iclr/HuSWALWWC22.bib},
  bibsource    = {dblp computer science bibliography, https://dblp.org}
}

@inproceedings{DBLP:conf/iclr/Dao24,
  author       = {Tri Dao},
  title        = {FlashAttention-2: Faster Attention with Better Parallelism and Work
                  Partitioning},
  booktitle    = {The Twelfth International Conference on Learning Representations,
                  {ICLR} 2024, Vienna, Austria, May 7-11, 2024},
  publisher    = {OpenReview.net},
  year         = {2024},
  url          = {https://openreview.net/forum?id=mZn2Xyh9Ec},
  timestamp    = {Wed, 07 Aug 2024 17:11:53 +0200},
  biburl       = {https://dblp.org/rec/conf/iclr/Dao24.bib},
  bibsource    = {dblp computer science bibliography, https://dblp.org}
}

@inproceedings{DBLP:conf/acl/Li0XSL24,
  author       = {Chaofan Li and
                  Zheng Liu and
                  Shitao Xiao and
                  Yingxia Shao and
                  Defu Lian},
  editor       = {Lun{-}Wei Ku and
                  Andre Martins and
                  Vivek Srikumar},
  title        = {Llama2Vec: Unsupervised Adaptation of Large Language Models for Dense
                  Retrieval},
  booktitle    = {Proceedings of the 62nd Annual Meeting of the Association for Computational
                  Linguistics (Volume 1: Long Papers), {ACL} 2024, Bangkok, Thailand,
                  August 11-16, 2024},
  pages        = {3490--3500},
  publisher    = {Association for Computational Linguistics},
  year         = {2024},
  url          = {https://doi.org/10.18653/v1/2024.acl-long.191},
  doi          = {10.18653/V1/2024.ACL-LONG.191},
  timestamp    = {Tue, 24 Sep 2024 10:55:37 +0200},
  biburl       = {https://dblp.org/rec/conf/acl/Li0XSL24.bib},
  bibsource    = {dblp computer science bibliography, https://dblp.org}
}

@inproceedings{DBLP:conf/icml/0001I20,
  author       = {Tongzhou Wang and
                  Phillip Isola},
  title        = {Understanding Contrastive Representation Learning through Alignment
                  and Uniformity on the Hypersphere},
  booktitle    = {Proceedings of the 37th International Conference on Machine Learning,
                  {ICML} 2020, 13-18 July 2020, Virtual Event},
  series       = {Proceedings of Machine Learning Research},
  volume       = {119},
  pages        = {9929--9939},
  publisher    = {{PMLR}},
  year         = {2020},
  url          = {http://proceedings.mlr.press/v119/wang20k.html},
  timestamp    = {Tue, 15 Dec 2020 17:40:19 +0100},
  biburl       = {https://dblp.org/rec/conf/icml/0001I20.bib},
  bibsource    = {dblp computer science bibliography, https://dblp.org}
}

@inproceedings{DBLP:conf/emnlp/ChevalierWAC23,
  author       = {Alexis Chevalier and
                  Alexander Wettig and
                  Anirudh Ajith and
                  Danqi Chen},
  editor       = {Houda Bouamor and
                  Juan Pino and
                  Kalika Bali},
  title        = {Adapting Language Models to Compress Contexts},
  booktitle    = {Proceedings of the 2023 Conference on Empirical Methods in Natural
                  Language Processing, {EMNLP} 2023, Singapore, December 6-10, 2023},
  pages        = {3829--3846},
  publisher    = {Association for Computational Linguistics},
  year         = {2023},
  url          = {https://doi.org/10.18653/v1/2023.emnlp-main.232},
  doi          = {10.18653/V1/2023.EMNLP-MAIN.232},
  timestamp    = {Fri, 12 Apr 2024 13:11:29 +0200},
  biburl       = {https://dblp.org/rec/conf/emnlp/ChevalierWAC23.bib},
  bibsource    = {dblp computer science bibliography, https://dblp.org}
}

@inproceedings{DBLP:conf/iclr/00010WWCW24,
  author       = {Tao Ge and
                  Jing Hu and
                  Lei Wang and
                  Xun Wang and
                  Si{-}Qing Chen and
                  Furu Wei},
  title        = {In-context Autoencoder for Context Compression in a Large Language
                  Model},
  booktitle    = {The Twelfth International Conference on Learning Representations,
                  {ICLR} 2024, Vienna, Austria, May 7-11, 2024},
  publisher    = {OpenReview.net},
  year         = {2024},
  url          = {https://openreview.net/forum?id=uREj4ZuGJE},
  timestamp    = {Wed, 07 Aug 2024 17:11:53 +0200},
  biburl       = {https://dblp.org/rec/conf/iclr/00010WWCW24.bib},
  bibsource    = {dblp computer science bibliography, https://dblp.org}
}

@inproceedings{DBLP:conf/nips/Mu0G23,
  author       = {Jesse Mu and
                  Xiang Li and
                  Noah D. Goodman},
  editor       = {Alice Oh and
                  Tristan Naumann and
                  Amir Globerson and
                  Kate Saenko and
                  Moritz Hardt and
                  Sergey Levine},
  title        = {Learning to Compress Prompts with Gist Tokens},
  booktitle    = {Advances in Neural Information Processing Systems 36: Annual Conference
                  on Neural Information Processing Systems 2023, NeurIPS 2023, New Orleans,
                  LA, USA, December 10 - 16, 2023},
  year         = {2023},
  url          = {http://papers.nips.cc/paper\_files/paper/2023/hash/3d77c6dcc7f143aa2154e7f4d5e22d68-Abstract-Conference.html},
  timestamp    = {Fri, 01 Mar 2024 16:26:20 +0100},
  biburl       = {https://dblp.org/rec/conf/nips/Mu0G23.bib},
  bibsource    = {dblp computer science bibliography, https://dblp.org}
}

@article{DBLP:journals/corr/abs-2407-16216,
  author       = {Zhichao Wang and
                  Bin Bi and
                  Shiva Kumar Pentyala and
                  Kiran Ramnath and
                  Sougata Chaudhuri and
                  Shubham Mehrotra and
                  Zixu James Zhu and
                  Xiang{-}Bo Mao and
                  Sitaram Asur and
                  Na Claire Cheng},
  title        = {A Comprehensive Survey of {LLM} Alignment Techniques: RLHF, RLAIF,
                  PPO, {DPO} and More},
  journal      = {CoRR},
  volume       = {abs/2407.16216},
  year         = {2024},
  url          = {https://doi.org/10.48550/arXiv.2407.16216},
  doi          = {10.48550/ARXIV.2407.16216},
  eprinttype    = {arXiv},
  eprint       = {2407.16216},
  timestamp    = {Mon, 30 Sep 2024 21:30:57 +0200},
  biburl       = {https://dblp.org/rec/journals/corr/abs-2407-16216.bib},
  bibsource    = {dblp computer science bibliography, https://dblp.org}
}



@inproceedings{DBLP:conf/nips/RafailovSMMEF23,
  author       = {Rafael Rafailov and
                  Archit Sharma and
                  Eric Mitchell and
                  Christopher D. Manning and
                  Stefano Ermon and
                  Chelsea Finn},
  editor       = {Alice Oh and
                  Tristan Naumann and
                  Amir Globerson and
                  Kate Saenko and
                  Moritz Hardt and
                  Sergey Levine},
  title        = {Direct Preference Optimization: Your Language Model is Secretly a
                  Reward Model},
  booktitle    = {Advances in Neural Information Processing Systems 36: Annual Conference
                  on Neural Information Processing Systems 2023, NeurIPS 2023, New Orleans,
                  LA, USA, December 10 - 16, 2023},
  year         = {2023},
  url          = {http://papers.nips.cc/paper\_files/paper/2023/hash/a85b405ed65c6477a4fe8302b5e06ce7-Abstract-Conference.html},
  timestamp    = {Fri, 01 Mar 2024 16:26:20 +0100},
  biburl       = {https://dblp.org/rec/conf/nips/RafailovSMMEF23.bib},
  bibsource    = {dblp computer science bibliography, https://dblp.org}
}

@inproceedings{DBLP:conf/uai/DavidsonFCKT18,
  author       = {Tim R. Davidson and
                  Luca Falorsi and
                  Nicola De Cao and
                  Thomas Kipf and
                  Jakub M. Tomczak},
  editor       = {Amir Globerson and
                  Ricardo Silva},
  title        = {Hyperspherical Variational Auto-Encoders},
  booktitle    = {Proceedings of the Thirty-Fourth Conference on Uncertainty in Artificial
                  Intelligence, {UAI} 2018, Monterey, California, USA, August 6-10,
                  2018},
  pages        = {856--865},
  publisher    = {{AUAI} Press},
  year         = {2018},
  url          = {http://auai.org/uai2018/proceedings/papers/309.pdf},
  timestamp    = {Wed, 09 Mar 2022 16:53:20 +0100},
  biburl       = {https://dblp.org/rec/conf/uai/DavidsonFCKT18.bib},
  bibsource    = {dblp computer science bibliography, https://dblp.org}
}

@inproceedings{DBLP:conf/emnlp/XuD18,
  author       = {Jiacheng Xu and
                  Greg Durrett},
  editor       = {Ellen Riloff and
                  David Chiang and
                  Julia Hockenmaier and
                  Jun'ichi Tsujii},
  title        = {Spherical Latent Spaces for Stable Variational Autoencoders},
  booktitle    = {Proceedings of the 2018 Conference on Empirical Methods in Natural
                  Language Processing, Brussels, Belgium, October 31 - November 4, 2018},
  pages        = {4503--4513},
  publisher    = {Association for Computational Linguistics},
  year         = {2018},
  url          = {https://aclanthology.org/D18-1480/},
  timestamp    = {Fri, 12 May 2023 16:15:35 +0200},
  biburl       = {https://dblp.org/rec/conf/emnlp/XuD18.bib},
  bibsource    = {dblp computer science bibliography, https://dblp.org}
}

@inproceedings{DBLP:conf/emnlp/Ni0LDAMZLHCY22,
  author       = {Jianmo Ni and
                  Chen Qu and
                  Jing Lu and
                  Zhuyun Dai and
                  Gustavo Hern{\'{a}}ndez {\'{A}}brego and
                  Ji Ma and
                  Vincent Y. Zhao and
                  Yi Luan and
                  Keith B. Hall and
                  Ming{-}Wei Chang and
                  Yinfei Yang},
  editor       = {Yoav Goldberg and
                  Zornitsa Kozareva and
                  Yue Zhang},
  title        = {Large Dual Encoders Are Generalizable Retrievers},
  booktitle    = {Proceedings of the 2022 Conference on Empirical Methods in Natural
                  Language Processing, {EMNLP} 2022, Abu Dhabi, United Arab Emirates,
                  December 7-11, 2022},
  pages        = {9844--9855},
  publisher    = {Association for Computational Linguistics},
  year         = {2022},
  url          = {https://doi.org/10.18653/v1/2022.emnlp-main.669},
  doi          = {10.18653/V1/2022.EMNLP-MAIN.669},
  timestamp    = {Thu, 10 Aug 2023 12:35:29 +0200},
  biburl       = {https://dblp.org/rec/conf/emnlp/Ni0LDAMZLHCY22.bib},
  bibsource    = {dblp computer science bibliography, https://dblp.org}
}


@article{DBLP:journals/corr/abs-2112-00861,
  author       = {Amanda Askell and
                  Yuntao Bai and
                  Anna Chen and
                  Dawn Drain and
                  Deep Ganguli and
                  Tom Henighan and
                  Andy Jones and
                  Nicholas Joseph and
                  Benjamin Mann and
                  Nova DasSarma and
                  Nelson Elhage and
                  Zac Hatfield{-}Dodds and
                  Danny Hernandez and
                  Jackson Kernion and
                  Kamal Ndousse and
                  Catherine Olsson and
                  Dario Amodei and
                  Tom B. Brown and
                  Jack Clark and
                  Sam McCandlish and
                  Chris Olah and
                  Jared Kaplan},
  title        = {A General Language Assistant as a Laboratory for Alignment},
  journal      = {CoRR},
  volume       = {abs/2112.00861},
  year         = {2021},
  url          = {https://arxiv.org/abs/2112.00861},
  eprinttype    = {arXiv},
  eprint       = {2112.00861},
  timestamp    = {Tue, 07 Dec 2021 12:15:54 +0100},
  biburl       = {https://dblp.org/rec/journals/corr/abs-2112-00861.bib},
  bibsource    = {dblp computer science bibliography, https://dblp.org}
}

@article{DBLP:journals/corr/abs-2209-15189,
  author       = {Charlie Snell and
                  Dan Klein and
                  Ruiqi Zhong},
  title        = {Learning by Distilling Context},
  journal      = {CoRR},
  volume       = {abs/2209.15189},
  year         = {2022},
  url          = {https://doi.org/10.48550/arXiv.2209.15189},
  doi          = {10.48550/ARXIV.2209.15189},
  eprinttype    = {arXiv},
  eprint       = {2209.15189},
  timestamp    = {Thu, 06 Oct 2022 14:41:30 +0200},
  biburl       = {https://dblp.org/rec/journals/corr/abs-2209-15189.bib},
  bibsource    = {dblp computer science bibliography, https://dblp.org}
}

@inproceedings{DBLP:conf/emnlp/WingateSS22,
  author       = {David Wingate and
                  Mohammad Shoeybi and
                  Taylor Sorensen},
  editor       = {Yoav Goldberg and
                  Zornitsa Kozareva and
                  Yue Zhang},
  title        = {Prompt Compression and Contrastive Conditioning for Controllability
                  and Toxicity Reduction in Language Models},
  booktitle    = {Findings of the Association for Computational Linguistics: {EMNLP}
                  2022, Abu Dhabi, United Arab Emirates, December 7-11, 2022},
  pages        = {5621--5634},
  publisher    = {Association for Computational Linguistics},
  year         = {2022},
  url          = {https://doi.org/10.18653/v1/2022.findings-emnlp.412},
  doi          = {10.18653/V1/2022.FINDINGS-EMNLP.412},
  timestamp    = {Thu, 10 Aug 2023 12:35:38 +0200},
  biburl       = {https://dblp.org/rec/conf/emnlp/WingateSS22.bib},
  bibsource    = {dblp computer science bibliography, https://dblp.org}
}

@inproceedings{DBLP:conf/icml/QinD23,
  author       = {Guanghui Qin and
                  Benjamin Van Durme},
  editor       = {Andreas Krause and
                  Emma Brunskill and
                  Kyunghyun Cho and
                  Barbara Engelhardt and
                  Sivan Sabato and
                  Jonathan Scarlett},
  title        = {Nugget: Neural Agglomerative Embeddings of Text},
  booktitle    = {International Conference on Machine Learning, {ICML} 2023, 23-29 July
                  2023, Honolulu, Hawaii, {USA}},
  series       = {Proceedings of Machine Learning Research},
  volume       = {202},
  pages        = {28337--28350},
  publisher    = {{PMLR}},
  year         = {2023},
  url          = {https://proceedings.mlr.press/v202/qin23a.html},
  timestamp    = {Mon, 28 Aug 2023 17:23:08 +0200},
  biburl       = {https://dblp.org/rec/conf/icml/QinD23.bib},
  bibsource    = {dblp computer science bibliography, https://dblp.org}
}


@inproceedings{DBLP:conf/emnlp/ReimersG19,
  author       = {Nils Reimers and
                  Iryna Gurevych},
  editor       = {Kentaro Inui and
                  Jing Jiang and
                  Vincent Ng and
                  Xiaojun Wan},
  title        = {Sentence-BERT: Sentence Embeddings using Siamese BERT-Networks},
  booktitle    = {Proceedings of the 2019 Conference on Empirical Methods in Natural
                  Language Processing and the 9th International Joint Conference on
                  Natural Language Processing, {EMNLP-IJCNLP} 2019, Hong Kong, China,
                  November 3-7, 2019},
  pages        = {3980--3990},
  publisher    = {Association for Computational Linguistics},
  year         = {2019},
  url          = {https://doi.org/10.18653/v1/D19-1410},
  doi          = {10.18653/V1/D19-1410},
  timestamp    = {Thu, 07 Apr 2022 09:14:07 +0200},
  biburl       = {https://dblp.org/rec/conf/emnlp/ReimersG19.bib},
  bibsource    = {dblp computer science bibliography, https://dblp.org}
}

@inproceedings{DBLP:conf/emnlp/GaoYC21,
  author       = {Tianyu Gao and
                  Xingcheng Yao and
                  Danqi Chen},
  editor       = {Marie{-}Francine Moens and
                  Xuanjing Huang and
                  Lucia Specia and
                  Scott Wen{-}tau Yih},
  title        = {SimCSE: Simple Contrastive Learning of Sentence Embeddings},
  booktitle    = {Proceedings of the 2021 Conference on Empirical Methods in Natural
                  Language Processing, {EMNLP} 2021, Virtual Event / Punta Cana, Dominican
                  Republic, 7-11 November, 2021},
  pages        = {6894--6910},
  publisher    = {Association for Computational Linguistics},
  year         = {2021},
  url          = {https://doi.org/10.18653/v1/2021.emnlp-main.552},
  doi          = {10.18653/V1/2021.EMNLP-MAIN.552},
  timestamp    = {Thu, 17 Oct 2024 17:26:42 +0200},
  biburl       = {https://dblp.org/rec/conf/emnlp/GaoYC21.bib},
  bibsource    = {dblp computer science bibliography, https://dblp.org}
}

@inproceedings{DBLP:conf/emnlp/LiZHWYL20,
  author       = {Bohan Li and
                  Hao Zhou and
                  Junxian He and
                  Mingxuan Wang and
                  Yiming Yang and
                  Lei Li},
  editor       = {Bonnie Webber and
                  Trevor Cohn and
                  Yulan He and
                  Yang Liu},
  title        = {On the Sentence Embeddings from Pre-trained Language Models},
  booktitle    = {Proceedings of the 2020 Conference on Empirical Methods in Natural
                  Language Processing, {EMNLP} 2020, Online, November 16-20, 2020},
  pages        = {9119--9130},
  publisher    = {Association for Computational Linguistics},
  year         = {2020},
  url          = {https://doi.org/10.18653/v1/2020.emnlp-main.733},
  doi          = {10.18653/V1/2020.EMNLP-MAIN.733},
  timestamp    = {Tue, 20 Aug 2024 07:54:43 +0200},
  biburl       = {https://dblp.org/rec/conf/emnlp/LiZHWYL20.bib},
  bibsource    = {dblp computer science bibliography, https://dblp.org}
}

@article{DBLP:journals/corr/abs-2103-15316,
  author       = {Jianlin Su and
                  Jiarun Cao and
                  Weijie Liu and
                  Yangyiwen Ou},
  title        = {Whitening Sentence Representations for Better Semantics and Faster
                  Retrieval},
  journal      = {CoRR},
  volume       = {abs/2103.15316},
  year         = {2021},
  url          = {https://arxiv.org/abs/2103.15316},
  eprinttype    = {arXiv},
  eprint       = {2103.15316},
  timestamp    = {Tue, 04 Oct 2022 16:42:32 +0200},
  biburl       = {https://dblp.org/rec/journals/corr/abs-2103-15316.bib},
  bibsource    = {dblp computer science bibliography, https://dblp.org}
}

@article{DBLP:journals/corr/abs-2212-03533,
  author       = {Liang Wang and
                  Nan Yang and
                  Xiaolong Huang and
                  Binxing Jiao and
                  Linjun Yang and
                  Daxin Jiang and
                  Rangan Majumder and
                  Furu Wei},
  title        = {Text Embeddings by Weakly-Supervised Contrastive Pre-training},
  journal      = {CoRR},
  volume       = {abs/2212.03533},
  year         = {2022},
  url          = {https://doi.org/10.48550/arXiv.2212.03533},
  doi          = {10.48550/ARXIV.2212.03533},
  eprinttype    = {arXiv},
  eprint       = {2212.03533},
  timestamp    = {Sat, 27 Jul 2024 13:40:52 +0200},
  biburl       = {https://dblp.org/rec/journals/corr/abs-2212-03533.bib},
  bibsource    = {dblp computer science bibliography, https://dblp.org}
}

@inproceedings{DBLP:conf/acl/SuSKWHOYSZ023,
  author       = {Hongjin Su and
                  Weijia Shi and
                  Jungo Kasai and
                  Yizhong Wang and
                  Yushi Hu and
                  Mari Ostendorf and
                  Wen{-}tau Yih and
                  Noah A. Smith and
                  Luke Zettlemoyer and
                  Tao Yu},
  editor       = {Anna Rogers and
                  Jordan L. Boyd{-}Graber and
                  Naoaki Okazaki},
  title        = {One Embedder, Any Task: Instruction-Finetuned Text Embeddings},
  booktitle    = {Findings of the Association for Computational Linguistics: {ACL} 2023,
                  Toronto, Canada, July 9-14, 2023},
  pages        = {1102--1121},
  publisher    = {Association for Computational Linguistics},
  year         = {2023},
  url          = {https://doi.org/10.18653/v1/2023.findings-acl.71},
  doi          = {10.18653/V1/2023.FINDINGS-ACL.71},
  timestamp    = {Thu, 10 Aug 2023 12:35:40 +0200},
  biburl       = {https://dblp.org/rec/conf/acl/SuSKWHOYSZ023.bib},
  bibsource    = {dblp computer science bibliography, https://dblp.org}
}

@inproceedings{DBLP:conf/acl/AsaiSL0I0HY23,
  author       = {Akari Asai and
                  Timo Schick and
                  Patrick S. H. Lewis and
                  Xilun Chen and
                  Gautier Izacard and
                  Sebastian Riedel and
                  Hannaneh Hajishirzi and
                  Wen{-}tau Yih},
  editor       = {Anna Rogers and
                  Jordan L. Boyd{-}Graber and
                  Naoaki Okazaki},
  title        = {Task-aware Retrieval with Instructions},
  booktitle    = {Findings of the Association for Computational Linguistics: {ACL} 2023,
                  Toronto, Canada, July 9-14, 2023},
  pages        = {3650--3675},
  publisher    = {Association for Computational Linguistics},
  year         = {2023},
  url          = {https://doi.org/10.18653/v1/2023.findings-acl.225},
  doi          = {10.18653/V1/2023.FINDINGS-ACL.225},
  timestamp    = {Thu, 10 Aug 2023 12:35:49 +0200},
  biburl       = {https://dblp.org/rec/conf/acl/AsaiSL0I0HY23.bib},
  bibsource    = {dblp computer science bibliography, https://dblp.org}
}

@inproceedings{DBLP:conf/emnlp/KarpukhinOMLWEC20,
  author       = {Vladimir Karpukhin and
                  Barlas Oguz and
                  Sewon Min and
                  Patrick S. H. Lewis and
                  Ledell Wu and
                  Sergey Edunov and
                  Danqi Chen and
                  Wen{-}tau Yih},
  editor       = {Bonnie Webber and
                  Trevor Cohn and
                  Yulan He and
                  Yang Liu},
  title        = {Dense Passage Retrieval for Open-Domain Question Answering},
  booktitle    = {Proceedings of the 2020 Conference on Empirical Methods in Natural
                  Language Processing, {EMNLP} 2020, Online, November 16-20, 2020},
  pages        = {6769--6781},
  publisher    = {Association for Computational Linguistics},
  year         = {2020},
  url          = {https://doi.org/10.18653/v1/2020.emnlp-main.550},
  doi          = {10.18653/V1/2020.EMNLP-MAIN.550},
  timestamp    = {Tue, 20 Aug 2024 07:54:43 +0200},
  biburl       = {https://dblp.org/rec/conf/emnlp/KarpukhinOMLWEC20.bib},
  bibsource    = {dblp computer science bibliography, https://dblp.org}
}

@inproceedings{DBLP:conf/eacl/MuennighoffTMR23,
  author       = {Niklas Muennighoff and
                  Nouamane Tazi and
                  Lo{\"{\i}}c Magne and
                  Nils Reimers},
  editor       = {Andreas Vlachos and
                  Isabelle Augenstein},
  title        = {{MTEB:} Massive Text Embedding Benchmark},
  booktitle    = {Proceedings of the 17th Conference of the European Chapter of the
                  Association for Computational Linguistics, {EACL} 2023, Dubrovnik,
                  Croatia, May 2-6, 2023},
  pages        = {2006--2029},
  publisher    = {Association for Computational Linguistics},
  year         = {2023},
  url          = {https://doi.org/10.18653/v1/2023.eacl-main.148},
  doi          = {10.18653/V1/2023.EACL-MAIN.148},
  timestamp    = {Thu, 05 Oct 2023 18:05:03 +0200},
  biburl       = {https://dblp.org/rec/conf/eacl/MuennighoffTMR23.bib},
  bibsource    = {dblp computer science bibliography, https://dblp.org}
}

@article{DBLP:journals/corr/abs-2402-15449,
  author       = {Jacob Mitchell Springer and
                  Suhas Kotha and
                  Daniel Fried and
                  Graham Neubig and
                  Aditi Raghunathan},
  title        = {Repetition Improves Language Model Embeddings},
  journal      = {CoRR},
  volume       = {abs/2402.15449},
  year         = {2024},
  url          = {https://doi.org/10.48550/arXiv.2402.15449},
  doi          = {10.48550/ARXIV.2402.15449},
  eprinttype    = {arXiv},
  eprint       = {2402.15449},
  timestamp    = {Fri, 22 Mar 2024 12:19:03 +0100},
  biburl       = {https://dblp.org/rec/journals/corr/abs-2402-15449.bib},
  bibsource    = {dblp computer science bibliography, https://dblp.org}
}
@inproceedings{DBLP:conf/dsaa/BeigiTMCS024,
  author       = {Alimohammad Beigi and
                  Zhen Tan and
                  Nivedh Mudiam and
                  Canyu Chen and
                  Kai Shu and
                  Huan Liu},
  title        = {Model Attribution in LLM-Generated Disinformation: {A} Domain Generalization
                  Approach with Supervised Contrastive Learning},
  booktitle    = {11th {IEEE} International Conference on Data Science and Advanced
                  Analytics, {DSAA} 2024, San Diego, CA, USA, October 6-10, 2024},
  pages        = {1--10},
  publisher    = {{IEEE}},
  year         = {2024},
  url          = {https://doi.org/10.1109/DSAA61799.2024.10722818},
  doi          = {10.1109/DSAA61799.2024.10722818},
  timestamp    = {Mon, 10 Feb 2025 14:32:07 +0100},
  biburl       = {https://dblp.org/rec/conf/dsaa/BeigiTMCS024.bib},
  bibsource    = {dblp computer science bibliography, https://dblp.org}
}

@inproceedings{DBLP:conf/iclr/LiuTAPZS24,
  author       = {Tian Yu Liu and
                  Matthew Trager and
                  Alessandro Achille and
                  Pramuditha Perera and
                  Luca Zancato and
                  Stefano Soatto},
  title        = {Meaning Representations from Trajectories in Autoregressive Models},
  booktitle    = {The Twelfth International Conference on Learning Representations,
                  {ICLR} 2024, Vienna, Austria, May 7-11, 2024},
  publisher    = {OpenReview.net},
  year         = {2024},
  url          = {https://openreview.net/forum?id=UyGWafcopT},
  timestamp    = {Wed, 07 Aug 2024 17:11:53 +0200},
  biburl       = {https://dblp.org/rec/conf/iclr/LiuTAPZS24.bib},
  bibsource    = {dblp computer science bibliography, https://dblp.org}
}
@inproceedings{DBLP:conf/acl/XuPYMSCZ24,
  author       = {Shicheng Xu and
                  Liang Pang and
                  Mo Yu and
                  Fandong Meng and
                  Huawei Shen and
                  Xueqi Cheng and
                  Jie Zhou},
  editor       = {Lun{-}Wei Ku and
                  Andre Martins and
                  Vivek Srikumar},
  title        = {Unsupervised Information Refinement Training of Large Language Models
                  for Retrieval-Augmented Generation},
  booktitle    = {Proceedings of the 62nd Annual Meeting of the Association for Computational
                  Linguistics (Volume 1: Long Papers), {ACL} 2024, Bangkok, Thailand,
                  August 11-16, 2024},
  pages        = {133--145},
  publisher    = {Association for Computational Linguistics},
  year         = {2024},
  url          = {https://doi.org/10.18653/v1/2024.acl-long.9},
  doi          = {10.18653/V1/2024.ACL-LONG.9},
  timestamp    = {Sun, 19 Jan 2025 13:21:48 +0100},
  biburl       = {https://dblp.org/rec/conf/acl/XuPYMSCZ24.bib},
  bibsource    = {dblp computer science bibliography, https://dblp.org}
}
@inproceedings{DBLP:conf/emnlp/JiangHLWZ24,
  author       = {Ting Jiang and
                  Shaohan Huang and
                  Zhongzhi Luan and
                  Deqing Wang and
                  Fuzhen Zhuang},
  editor       = {Yaser Al{-}Onaizan and
                  Mohit Bansal and
                  Yun{-}Nung Chen},
  title        = {Scaling Sentence Embeddings with Large Language Models},
  booktitle    = {Findings of the Association for Computational Linguistics: {EMNLP}
                  2024, Miami, Florida, USA, November 12-16, 2024},
  pages        = {3182--3196},
  publisher    = {Association for Computational Linguistics},
  year         = {2024},
  url          = {https://aclanthology.org/2024.findings-emnlp.181},
  timestamp    = {Mon, 18 Nov 2024 09:05:59 +0100},
  biburl       = {https://dblp.org/rec/conf/emnlp/JiangHLWZ24.bib},
  bibsource    = {dblp computer science bibliography, https://dblp.org}
}

@inproceedings{DBLP:conf/acl/LeiW00CTY24,
  author       = {Yibin Lei and
                  Di Wu and
                  Tianyi Zhou and
                  Tao Shen and
                  Yu Cao and
                  Chongyang Tao and
                  Andrew Yates},
  editor       = {Lun{-}Wei Ku and
                  Andre Martins and
                  Vivek Srikumar},
  title        = {Meta-Task Prompting Elicits Embeddings from Large Language Models},
  booktitle    = {Proceedings of the 62nd Annual Meeting of the Association for Computational
                  Linguistics (Volume 1: Long Papers), {ACL} 2024, Bangkok, Thailand,
                  August 11-16, 2024},
  pages        = {10141--10157},
  publisher    = {Association for Computational Linguistics},
  year         = {2024},
  url          = {https://doi.org/10.18653/v1/2024.acl-long.546},
  doi          = {10.18653/V1/2024.ACL-LONG.546},
  timestamp    = {Tue, 24 Sep 2024 10:55:46 +0200},
  biburl       = {https://dblp.org/rec/conf/acl/LeiW00CTY24.bib},
  bibsource    = {dblp computer science bibliography, https://dblp.org}
}

@article{DBLP:journals/corr/abs-2410-14635,
  author       = {Raghuveer Thirukovalluru and
                  Bhuwan Dhingra},
  title        = {GenEOL: Harnessing the Generative Power of LLMs for Training-Free
                  Sentence Embeddings},
  journal      = {CoRR},
  volume       = {abs/2410.14635},
  year         = {2024},
  url          = {https://doi.org/10.48550/arXiv.2410.14635},
  doi          = {10.48550/ARXIV.2410.14635},
  eprinttype    = {arXiv},
  eprint       = {2410.14635},
  timestamp    = {Wed, 27 Nov 2024 21:02:49 +0100},
  biburl       = {https://dblp.org/rec/journals/corr/abs-2410-14635.bib},
  bibsource    = {dblp computer science bibliography, https://dblp.org}
}

@inproceedings{DBLP:conf/emnlp/ZhuangMKLZ24,
  author       = {Shengyao Zhuang and
                  Xueguang Ma and
                  Bevan Koopman and
                  Jimmy Lin and
                  Guido Zuccon},
  editor       = {Yaser Al{-}Onaizan and
                  Mohit Bansal and
                  Yun{-}Nung Chen},
  title        = {PromptReps: Prompting Large Language Models to Generate Dense and
                  Sparse Representations for Zero-Shot Document Retrieval},
  booktitle    = {Proceedings of the 2024 Conference on Empirical Methods in Natural
                  Language Processing, {EMNLP} 2024, Miami, FL, USA, November 12-16,
                  2024},
  pages        = {4375--4391},
  publisher    = {Association for Computational Linguistics},
  year         = {2024},
  url          = {https://aclanthology.org/2024.emnlp-main.250},
  timestamp    = {Thu, 14 Nov 2024 17:20:55 +0100},
  biburl       = {https://dblp.org/rec/conf/emnlp/ZhuangMKLZ24.bib},
  bibsource    = {dblp computer science bibliography, https://dblp.org}
}

@article{DBLP:journals/corr/abs-1807-03748,
  author       = {A{\"{a}}ron van den Oord and
                  Yazhe Li and
                  Oriol Vinyals},
  title        = {Representation Learning with Contrastive Predictive Coding},
  journal      = {CoRR},
  volume       = {abs/1807.03748},
  year         = {2018},
  url          = {http://arxiv.org/abs/1807.03748},
  eprinttype    = {arXiv},
  eprint       = {1807.03748},
  timestamp    = {Mon, 13 Aug 2018 16:48:25 +0200},
  biburl       = {https://dblp.org/rec/journals/corr/abs-1807-03748.bib},
  bibsource    = {dblp computer science bibliography, https://dblp.org}
}

@inproceedings{DBLP:conf/semeval/AgirreCDG12,
  author       = {Eneko Agirre and
                  Daniel M. Cer and
                  Mona T. Diab and
                  Aitor Gonzalez{-}Agirre},
  editor       = {Eneko Agirre and
                  Johan Bos and
                  Mona T. Diab},
  title        = {SemEval-2012 Task 6: {A} Pilot on Semantic Textual Similarity},
  booktitle    = {Proceedings of the 6th International Workshop on Semantic Evaluation,
                  SemEval@NAACL-HLT 2012, Montr{\'{e}}al, Canada, June 7-8, 2012},
  pages        = {385--393},
  publisher    = {The Association for Computer Linguistics},
  year         = {2012},
  url          = {https://aclanthology.org/S12-1051/},
  timestamp    = {Fri, 06 Aug 2021 00:39:35 +0200},
  biburl       = {https://dblp.org/rec/conf/semeval/AgirreCDG12.bib},
  bibsource    = {dblp computer science bibliography, https://dblp.org}
}

@inproceedings{DBLP:conf/starsem/AgirreCDGG13,
  author       = {Eneko Agirre and
                  Daniel M. Cer and
                  Mona T. Diab and
                  Aitor Gonzalez{-}Agirre and
                  Weiwei Guo},
  editor       = {Mona T. Diab and
                  Timothy Baldwin and
                  Marco Baroni},
  title        = {*SEM 2013 shared task: Semantic Textual Similarity},
  booktitle    = {Proceedings of the Second Joint Conference on Lexical and Computational
                  Semantics, *SEM 2013, June 13-14, 2013, Atlanta, Georgia, {USA}},
  pages        = {32--43},
  publisher    = {Association for Computational Linguistics},
  year         = {2013},
  url          = {https://aclanthology.org/S13-1004/},
  timestamp    = {Fri, 06 Aug 2021 00:40:02 +0200},
  biburl       = {https://dblp.org/rec/conf/starsem/AgirreCDGG13.bib},
  bibsource    = {dblp computer science bibliography, https://dblp.org}
}

@inproceedings{DBLP:conf/semeval/AgirreBCCDGGMRW14,
  author       = {Eneko Agirre and
                  Carmen Banea and
                  Claire Cardie and
                  Daniel M. Cer and
                  Mona T. Diab and
                  Aitor Gonzalez{-}Agirre and
                  Weiwei Guo and
                  Rada Mihalcea and
                  German Rigau and
                  Janyce Wiebe},
  editor       = {Preslav Nakov and
                  Torsten Zesch},
  title        = {SemEval-2014 Task 10: Multilingual Semantic Textual Similarity},
  booktitle    = {Proceedings of the 8th International Workshop on Semantic Evaluation,
                  SemEval@COLING 2014, Dublin, Ireland, August 23-24, 2014},
  pages        = {81--91},
  publisher    = {The Association for Computer Linguistics},
  year         = {2014},
  url          = {https://doi.org/10.3115/v1/s14-2010},
  doi          = {10.3115/V1/S14-2010},
  timestamp    = {Fri, 06 Aug 2021 00:39:37 +0200},
  biburl       = {https://dblp.org/rec/conf/semeval/AgirreBCCDGGMRW14.bib},
  bibsource    = {dblp computer science bibliography, https://dblp.org}
}

@inproceedings{DBLP:conf/semeval/AgirreBCCDGGLMM15,
  author       = {Eneko Agirre and
                  Carmen Banea and
                  Claire Cardie and
                  Daniel M. Cer and
                  Mona T. Diab and
                  Aitor Gonzalez{-}Agirre and
                  Weiwei Guo and
                  I{\~{n}}igo Lopez{-}Gazpio and
                  Montse Maritxalar and
                  Rada Mihalcea and
                  German Rigau and
                  Larraitz Uria and
                  Janyce Wiebe},
  editor       = {Daniel M. Cer and
                  David Jurgens and
                  Preslav Nakov and
                  Torsten Zesch},
  title        = {SemEval-2015 Task 2: Semantic Textual Similarity, English, Spanish
                  and Pilot on Interpretability},
  booktitle    = {Proceedings of the 9th International Workshop on Semantic Evaluation,
                  SemEval@NAACL-HLT 2015, Denver, Colorado, USA, June 4-5, 2015},
  pages        = {252--263},
  publisher    = {The Association for Computer Linguistics},
  year         = {2015},
  url          = {https://doi.org/10.18653/v1/s15-2045},
  doi          = {10.18653/V1/S15-2045},
  timestamp    = {Fri, 06 Aug 2021 00:39:36 +0200},
  biburl       = {https://dblp.org/rec/conf/semeval/AgirreBCCDGGLMM15.bib},
  bibsource    = {dblp computer science bibliography, https://dblp.org}
}

@inproceedings{DBLP:conf/semeval/AgirreBCDGMRW16,
  author       = {Eneko Agirre and
                  Carmen Banea and
                  Daniel M. Cer and
                  Mona T. Diab and
                  Aitor Gonzalez{-}Agirre and
                  Rada Mihalcea and
                  German Rigau and
                  Janyce Wiebe},
  editor       = {Steven Bethard and
                  Daniel M. Cer and
                  Marine Carpuat and
                  David Jurgens and
                  Preslav Nakov and
                  Torsten Zesch},
  title        = {SemEval-2016 Task 1: Semantic Textual Similarity, Monolingual and
                  Cross-Lingual Evaluation},
  booktitle    = {Proceedings of the 10th International Workshop on Semantic Evaluation,
                  SemEval@NAACL-HLT 2016, San Diego, CA, USA, June 16-17, 2016},
  pages        = {497--511},
  publisher    = {The Association for Computer Linguistics},
  year         = {2016},
  url          = {https://doi.org/10.18653/v1/s16-1081},
  doi          = {10.18653/V1/S16-1081},
  timestamp    = {Fri, 06 Aug 2021 00:39:39 +0200},
  biburl       = {https://dblp.org/rec/conf/semeval/AgirreBCDGMRW16.bib},
  bibsource    = {dblp computer science bibliography, https://dblp.org}
}

@inproceedings{DBLP:conf/semeval/CerDALS17,
  author       = {Daniel M. Cer and
                  Mona T. Diab and
                  Eneko Agirre and
                  I{\~{n}}igo Lopez{-}Gazpio and
                  Lucia Specia},
  editor       = {Steven Bethard and
                  Marine Carpuat and
                  Marianna Apidianaki and
                  Saif M. Mohammad and
                  Daniel M. Cer and
                  David Jurgens},
  title        = {SemEval-2017 Task 1: Semantic Textual Similarity Multilingual and
                  Crosslingual Focused Evaluation},
  booktitle    = {Proceedings of the 11th International Workshop on Semantic Evaluation,
                  SemEval@ACL 2017, Vancouver, Canada, August 3-4, 2017},
  pages        = {1--14},
  publisher    = {Association for Computational Linguistics},
  year         = {2017},
  url          = {https://doi.org/10.18653/v1/S17-2001},
  doi          = {10.18653/V1/S17-2001},
  timestamp    = {Fri, 06 Aug 2021 00:39:34 +0200},
  biburl       = {https://dblp.org/rec/conf/semeval/CerDALS17.bib},
  bibsource    = {dblp computer science bibliography, https://dblp.org}
}

@inproceedings{DBLP:conf/semeval/ChenZCFGGHJS22,
  author       = {Xi Chen and
                  Ali Zeynali and
                  Chico Q. Camargo and
                  Fabian Fl{\"{o}}ck and
                  Devin Gaffney and
                  Przemyslaw A. Grabowicz and
                  Scott Hale and
                  David Jurgens and
                  Mattia Samory},
  editor       = {Guy Emerson and
                  Natalie Schluter and
                  Gabriel Stanovsky and
                  Ritesh Kumar and
                  Alexis Palmer and
                  Nathan Schneider and
                  Siddharth Singh and
                  Shyam Ratan},
  title        = {SemEval-2022 Task 8: Multilingual news article similarity},
  booktitle    = {Proceedings of the 16th International Workshop on Semantic Evaluation,
                  SemEval@NAACL 2022, Seattle, Washington, United States, July 14-15,
                  2022},
  pages        = {1094--1106},
  publisher    = {Association for Computational Linguistics},
  year         = {2022},
  url          = {https://doi.org/10.18653/v1/2022.semeval-1.155},
  doi          = {10.18653/V1/2022.SEMEVAL-1.155},
  timestamp    = {Wed, 04 Dec 2024 20:53:18 +0100},
  biburl       = {https://dblp.org/rec/conf/semeval/ChenZCFGGHJS22.bib},
  bibsource    = {dblp computer science bibliography, https://dblp.org}
}

@misc{SFR-embedding-2,
  title={SFR-Embedding-2: Advanced Text Embedding with Multi-stage Training},
  author={Rui Meng and Ye Liu and Shafiq Rayhan Joty and Caiming Xiong and Yingbo Zhou and Semih Yavuz},
  year={2024},
  url={https://huggingface.co/Salesforce/SFR-Embedding-2_R}
}

@inproceedings{DBLP:conf/naacl/DevlinCLT19,
  author       = {Jacob Devlin and
                  Ming{-}Wei Chang and
                  Kenton Lee and
                  Kristina Toutanova},
  editor       = {Jill Burstein and
                  Christy Doran and
                  Thamar Solorio},
  title        = {{BERT:} Pre-training of Deep Bidirectional Transformers for Language
                  Understanding},
  booktitle    = {Proceedings of the 2019 Conference of the North American Chapter of
                  the Association for Computational Linguistics: Human Language Technologies,
                  {NAACL-HLT} 2019, Minneapolis, MN, USA, June 2-7, 2019, Volume 1 (Long
                  and Short Papers)},
  pages        = {4171--4186},
  publisher    = {Association for Computational Linguistics},
  year         = {2019},
  url          = {https://doi.org/10.18653/v1/n19-1423},
  doi          = {10.18653/V1/N19-1423},
  timestamp    = {Mon, 26 Sep 2022 12:21:55 +0200},
  biburl       = {https://dblp.org/rec/conf/naacl/DevlinCLT19.bib},
  bibsource    = {dblp computer science bibliography, https://dblp.org}
}

@article{DBLP:journals/corr/abs-2402-03216,
  author       = {Jianlv Chen and
                  Shitao Xiao and
                  Peitian Zhang and
                  Kun Luo and
                  Defu Lian and
                  Zheng Liu},
  title        = {{BGE} M3-Embedding: Multi-Lingual, Multi-Functionality, Multi-Granularity
                  Text Embeddings Through Self-Knowledge Distillation},
  journal      = {CoRR},
  volume       = {abs/2402.03216},
  year         = {2024},
  url          = {https://doi.org/10.48550/arXiv.2402.03216},
  doi          = {10.48550/ARXIV.2402.03216},
  eprinttype    = {arXiv},
  eprint       = {2402.03216},
  timestamp    = {Sun, 19 Jan 2025 13:42:15 +0100},
  biburl       = {https://dblp.org/rec/journals/corr/abs-2402-03216.bib},
  bibsource    = {dblp computer science bibliography, https://dblp.org}
}

@inproceedings{
zhao2024large,
title={Large Language Model is not a (Multilingual) Compositional Relation Reasoner},
author={Jinman Zhao and Xueyan Zhang},
booktitle={First Conference on Language Modeling},
year={2024},
url={https://openreview.net/forum?id=wLQ3I0F1oj}
}

@inproceedings{wang-etal-2024-gpt,
    title = "{GPT}-Signal: Generative {AI} for Semi-automated Feature Engineering in the Alpha Research Process",
    author = "Wang, Yining  and
      Zhao, Jinman  and
      Lawryshyn, Yuri",
    editor = "Chen, Chung-Chi  and
      Ishigaki, Tatsuya  and
      Takamura, Hiroya  and
      Murai, Akihiko  and
      Nishino, Suzuko  and
      Huang, Hen-Hsen  and
      Chen, Hsin-Hsi",
    booktitle = "Proceedings of the Eighth Financial Technology and Natural Language Processing and the 1st Agent AI for Scenario Planning",
    month = "3 " # aug,
    year = "2024",
    address = "Jeju, South Korea",
    publisher = "-",
    url = "https://aclanthology.org/2024.finnlp-2.4/",
    pages = "42--53"
}

@misc{zhao2025roleplayparadoxlargelanguage,
      title={Role-Play Paradox in Large Language Models: Reasoning Performance Gains and Ethical Dilemmas}, 
      author={Jinman Zhao and Zifan Qian and Linbo Cao and Yining Wang and Yitian Ding and Yulan Hu and Zeyu Zhang and Zeyong Jin},
      year={2025},
      eprint={2409.13979},
      archivePrefix={arXiv},
      primaryClass={cs.CL},
      url={https://arxiv.org/abs/2409.13979}, 
}

@inproceedings{DBLP:conf/emnlp/DengDGJP22,
  author       = {Jingcheng Deng and
                  Hengwei Dai and
                  Xuewei Guo and
                  Yuanchen Ju and
                  Wei Peng},
  editor       = {Yoav Goldberg and
                  Zornitsa Kozareva and
                  Yue Zhang},
  title        = {{IRRGN:} An Implicit Relational Reasoning Graph Network for Multi-turn
                  Response Selection},
  booktitle    = {Proceedings of the 2022 Conference on Empirical Methods in Natural
                  Language Processing, {EMNLP} 2022, Abu Dhabi, United Arab Emirates,
                  December 7-11, 2022},
  pages        = {8529--8541},
  publisher    = {Association for Computational Linguistics},
  year         = {2022},
  url          = {https://doi.org/10.18653/v1/2022.emnlp-main.584},
  doi          = {10.18653/V1/2022.EMNLP-MAIN.584},
  timestamp    = {Thu, 10 Aug 2023 12:35:22 +0200},
  biburl       = {https://dblp.org/rec/conf/emnlp/DengDGJP22.bib},
  bibsource    = {dblp computer science bibliography, https://dblp.org}
}