@inproceedings{DBLP:conf/acl/AsaiSL0I0HY23,
  author       = {Akari Asai and
                  Timo Schick and
                  Patrick S. H. Lewis and
                  Xilun Chen and
                  Gautier Izacard and
                  Sebastian Riedel and
                  Hannaneh Hajishirzi and
                  Wen{-}tau Yih},
  editor       = {Anna Rogers and
                  Jordan L. Boyd{-}Graber and
                  Naoaki Okazaki},
  title        = {Task-aware Retrieval with Instructions},
  booktitle    = {Findings of the Association for Computational Linguistics: {ACL} 2023,
                  Toronto, Canada, July 9-14, 2023},
  pages        = {3650--3675},
  publisher    = {Association for Computational Linguistics},
  year         = {2023},
  url          = {https://doi.org/10.18653/v1/2023.findings-acl.225},
  doi          = {10.18653/V1/2023.FINDINGS-ACL.225},
  timestamp    = {Thu, 10 Aug 2023 12:35:49 +0200},
  biburl       = {https://dblp.org/rec/conf/acl/AsaiSL0I0HY23.bib},
  bibsource    = {dblp computer science bibliography, https://dblp.org}
}

@inproceedings{DBLP:conf/acl/LeiW00CTY24,
  author       = {Yibin Lei and
                  Di Wu and
                  Tianyi Zhou and
                  Tao Shen and
                  Yu Cao and
                  Chongyang Tao and
                  Andrew Yates},
  editor       = {Lun{-}Wei Ku and
                  Andre Martins and
                  Vivek Srikumar},
  title        = {Meta-Task Prompting Elicits Embeddings from Large Language Models},
  booktitle    = {Proceedings of the 62nd Annual Meeting of the Association for Computational
                  Linguistics (Volume 1: Long Papers), {ACL} 2024, Bangkok, Thailand,
                  August 11-16, 2024},
  pages        = {10141--10157},
  publisher    = {Association for Computational Linguistics},
  year         = {2024},
  url          = {https://doi.org/10.18653/v1/2024.acl-long.546},
  doi          = {10.18653/V1/2024.ACL-LONG.546},
  timestamp    = {Tue, 24 Sep 2024 10:55:46 +0200},
  biburl       = {https://dblp.org/rec/conf/acl/LeiW00CTY24.bib},
  bibsource    = {dblp computer science bibliography, https://dblp.org}
}

@inproceedings{DBLP:conf/acl/Li0XSL24,
  author       = {Chaofan Li and
                  Zheng Liu and
                  Shitao Xiao and
                  Yingxia Shao and
                  Defu Lian},
  editor       = {Lun{-}Wei Ku and
                  Andre Martins and
                  Vivek Srikumar},
  title        = {Llama2Vec: Unsupervised Adaptation of Large Language Models for Dense
                  Retrieval},
  booktitle    = {Proceedings of the 62nd Annual Meeting of the Association for Computational
                  Linguistics (Volume 1: Long Papers), {ACL} 2024, Bangkok, Thailand,
                  August 11-16, 2024},
  pages        = {3490--3500},
  publisher    = {Association for Computational Linguistics},
  year         = {2024},
  url          = {https://doi.org/10.18653/v1/2024.acl-long.191},
  doi          = {10.18653/V1/2024.ACL-LONG.191},
  timestamp    = {Tue, 24 Sep 2024 10:55:37 +0200},
  biburl       = {https://dblp.org/rec/conf/acl/Li0XSL24.bib},
  bibsource    = {dblp computer science bibliography, https://dblp.org}
}

@inproceedings{DBLP:conf/acl/SuSKWHOYSZ023,
  author       = {Hongjin Su and
                  Weijia Shi and
                  Jungo Kasai and
                  Yizhong Wang and
                  Yushi Hu and
                  Mari Ostendorf and
                  Wen{-}tau Yih and
                  Noah A. Smith and
                  Luke Zettlemoyer and
                  Tao Yu},
  editor       = {Anna Rogers and
                  Jordan L. Boyd{-}Graber and
                  Naoaki Okazaki},
  title        = {One Embedder, Any Task: Instruction-Finetuned Text Embeddings},
  booktitle    = {Findings of the Association for Computational Linguistics: {ACL} 2023,
                  Toronto, Canada, July 9-14, 2023},
  pages        = {1102--1121},
  publisher    = {Association for Computational Linguistics},
  year         = {2023},
  url          = {https://doi.org/10.18653/v1/2023.findings-acl.71},
  doi          = {10.18653/V1/2023.FINDINGS-ACL.71},
  timestamp    = {Thu, 10 Aug 2023 12:35:40 +0200},
  biburl       = {https://dblp.org/rec/conf/acl/SuSKWHOYSZ023.bib},
  bibsource    = {dblp computer science bibliography, https://dblp.org}
}

@inproceedings{DBLP:conf/acl/WangYHYMW24,
  author       = {Liang Wang and
                  Nan Yang and
                  Xiaolong Huang and
                  Linjun Yang and
                  Rangan Majumder and
                  Furu Wei},
  editor       = {Lun{-}Wei Ku and
                  Andre Martins and
                  Vivek Srikumar},
  title        = {Improving Text Embeddings with Large Language Models},
  booktitle    = {Proceedings of the 62nd Annual Meeting of the Association for Computational
                  Linguistics (Volume 1: Long Papers), {ACL} 2024, Bangkok, Thailand,
                  August 11-16, 2024},
  pages        = {11897--11916},
  publisher    = {Association for Computational Linguistics},
  year         = {2024},
  url          = {https://doi.org/10.18653/v1/2024.acl-long.642},
  doi          = {10.18653/V1/2024.ACL-LONG.642},
  timestamp    = {Tue, 24 Sep 2024 10:55:48 +0200},
  biburl       = {https://dblp.org/rec/conf/acl/WangYHYMW24.bib},
  bibsource    = {dblp computer science bibliography, https://dblp.org}
}

@inproceedings{DBLP:conf/eacl/MuennighoffTMR23,
  author       = {Niklas Muennighoff and
                  Nouamane Tazi and
                  Lo{\"{\i}}c Magne and
                  Nils Reimers},
  editor       = {Andreas Vlachos and
                  Isabelle Augenstein},
  title        = {{MTEB:} Massive Text Embedding Benchmark},
  booktitle    = {Proceedings of the 17th Conference of the European Chapter of the
                  Association for Computational Linguistics, {EACL} 2023, Dubrovnik,
                  Croatia, May 2-6, 2023},
  pages        = {2006--2029},
  publisher    = {Association for Computational Linguistics},
  year         = {2023},
  url          = {https://doi.org/10.18653/v1/2023.eacl-main.148},
  doi          = {10.18653/V1/2023.EACL-MAIN.148},
  timestamp    = {Thu, 05 Oct 2023 18:05:03 +0200},
  biburl       = {https://dblp.org/rec/conf/eacl/MuennighoffTMR23.bib},
  bibsource    = {dblp computer science bibliography, https://dblp.org}
}

@inproceedings{DBLP:conf/emnlp/GaoYC21,
  author       = {Tianyu Gao and
                  Xingcheng Yao and
                  Danqi Chen},
  editor       = {Marie{-}Francine Moens and
                  Xuanjing Huang and
                  Lucia Specia and
                  Scott Wen{-}tau Yih},
  title        = {SimCSE: Simple Contrastive Learning of Sentence Embeddings},
  booktitle    = {Proceedings of the 2021 Conference on Empirical Methods in Natural
                  Language Processing, {EMNLP} 2021, Virtual Event / Punta Cana, Dominican
                  Republic, 7-11 November, 2021},
  pages        = {6894--6910},
  publisher    = {Association for Computational Linguistics},
  year         = {2021},
  url          = {https://doi.org/10.18653/v1/2021.emnlp-main.552},
  doi          = {10.18653/V1/2021.EMNLP-MAIN.552},
  timestamp    = {Thu, 17 Oct 2024 17:26:42 +0200},
  biburl       = {https://dblp.org/rec/conf/emnlp/GaoYC21.bib},
  bibsource    = {dblp computer science bibliography, https://dblp.org}
}

@inproceedings{DBLP:conf/emnlp/JiangHLWZ24,
  author       = {Ting Jiang and
                  Shaohan Huang and
                  Zhongzhi Luan and
                  Deqing Wang and
                  Fuzhen Zhuang},
  editor       = {Yaser Al{-}Onaizan and
                  Mohit Bansal and
                  Yun{-}Nung Chen},
  title        = {Scaling Sentence Embeddings with Large Language Models},
  booktitle    = {Findings of the Association for Computational Linguistics: {EMNLP}
                  2024, Miami, Florida, USA, November 12-16, 2024},
  pages        = {3182--3196},
  publisher    = {Association for Computational Linguistics},
  year         = {2024},
  url          = {https://aclanthology.org/2024.findings-emnlp.181},
  timestamp    = {Mon, 18 Nov 2024 09:05:59 +0100},
  biburl       = {https://dblp.org/rec/conf/emnlp/JiangHLWZ24.bib},
  bibsource    = {dblp computer science bibliography, https://dblp.org}
}

@inproceedings{DBLP:conf/emnlp/KarpukhinOMLWEC20,
  author       = {Vladimir Karpukhin and
                  Barlas Oguz and
                  Sewon Min and
                  Patrick S. H. Lewis and
                  Ledell Wu and
                  Sergey Edunov and
                  Danqi Chen and
                  Wen{-}tau Yih},
  editor       = {Bonnie Webber and
                  Trevor Cohn and
                  Yulan He and
                  Yang Liu},
  title        = {Dense Passage Retrieval for Open-Domain Question Answering},
  booktitle    = {Proceedings of the 2020 Conference on Empirical Methods in Natural
                  Language Processing, {EMNLP} 2020, Online, November 16-20, 2020},
  pages        = {6769--6781},
  publisher    = {Association for Computational Linguistics},
  year         = {2020},
  url          = {https://doi.org/10.18653/v1/2020.emnlp-main.550},
  doi          = {10.18653/V1/2020.EMNLP-MAIN.550},
  timestamp    = {Tue, 20 Aug 2024 07:54:43 +0200},
  biburl       = {https://dblp.org/rec/conf/emnlp/KarpukhinOMLWEC20.bib},
  bibsource    = {dblp computer science bibliography, https://dblp.org}
}

@inproceedings{DBLP:conf/emnlp/LiZHWYL20,
  author       = {Bohan Li and
                  Hao Zhou and
                  Junxian He and
                  Mingxuan Wang and
                  Yiming Yang and
                  Lei Li},
  editor       = {Bonnie Webber and
                  Trevor Cohn and
                  Yulan He and
                  Yang Liu},
  title        = {On the Sentence Embeddings from Pre-trained Language Models},
  booktitle    = {Proceedings of the 2020 Conference on Empirical Methods in Natural
                  Language Processing, {EMNLP} 2020, Online, November 16-20, 2020},
  pages        = {9119--9130},
  publisher    = {Association for Computational Linguistics},
  year         = {2020},
  url          = {https://doi.org/10.18653/v1/2020.emnlp-main.733},
  doi          = {10.18653/V1/2020.EMNLP-MAIN.733},
  timestamp    = {Tue, 20 Aug 2024 07:54:43 +0200},
  biburl       = {https://dblp.org/rec/conf/emnlp/LiZHWYL20.bib},
  bibsource    = {dblp computer science bibliography, https://dblp.org}
}

@inproceedings{DBLP:conf/emnlp/Ni0LDAMZLHCY22,
  author       = {Jianmo Ni and
                  Chen Qu and
                  Jing Lu and
                  Zhuyun Dai and
                  Gustavo Hern{\'{a}}ndez {\'{A}}brego and
                  Ji Ma and
                  Vincent Y. Zhao and
                  Yi Luan and
                  Keith B. Hall and
                  Ming{-}Wei Chang and
                  Yinfei Yang},
  editor       = {Yoav Goldberg and
                  Zornitsa Kozareva and
                  Yue Zhang},
  title        = {Large Dual Encoders Are Generalizable Retrievers},
  booktitle    = {Proceedings of the 2022 Conference on Empirical Methods in Natural
                  Language Processing, {EMNLP} 2022, Abu Dhabi, United Arab Emirates,
                  December 7-11, 2022},
  pages        = {9844--9855},
  publisher    = {Association for Computational Linguistics},
  year         = {2022},
  url          = {https://doi.org/10.18653/v1/2022.emnlp-main.669},
  doi          = {10.18653/V1/2022.EMNLP-MAIN.669},
  timestamp    = {Thu, 10 Aug 2023 12:35:29 +0200},
  biburl       = {https://dblp.org/rec/conf/emnlp/Ni0LDAMZLHCY22.bib},
  bibsource    = {dblp computer science bibliography, https://dblp.org}
}

@inproceedings{DBLP:conf/emnlp/ReimersG19,
  author       = {Nils Reimers and
                  Iryna Gurevych},
  editor       = {Kentaro Inui and
                  Jing Jiang and
                  Vincent Ng and
                  Xiaojun Wan},
  title        = {Sentence-BERT: Sentence Embeddings using Siamese BERT-Networks},
  booktitle    = {Proceedings of the 2019 Conference on Empirical Methods in Natural
                  Language Processing and the 9th International Joint Conference on
                  Natural Language Processing, {EMNLP-IJCNLP} 2019, Hong Kong, China,
                  November 3-7, 2019},
  pages        = {3980--3990},
  publisher    = {Association for Computational Linguistics},
  year         = {2019},
  url          = {https://doi.org/10.18653/v1/D19-1410},
  doi          = {10.18653/V1/D19-1410},
  timestamp    = {Thu, 07 Apr 2022 09:14:07 +0200},
  biburl       = {https://dblp.org/rec/conf/emnlp/ReimersG19.bib},
  bibsource    = {dblp computer science bibliography, https://dblp.org}
}

@inproceedings{DBLP:conf/emnlp/ZhuangMKLZ24,
  author       = {Shengyao Zhuang and
                  Xueguang Ma and
                  Bevan Koopman and
                  Jimmy Lin and
                  Guido Zuccon},
  editor       = {Yaser Al{-}Onaizan and
                  Mohit Bansal and
                  Yun{-}Nung Chen},
  title        = {PromptReps: Prompting Large Language Models to Generate Dense and
                  Sparse Representations for Zero-Shot Document Retrieval},
  booktitle    = {Proceedings of the 2024 Conference on Empirical Methods in Natural
                  Language Processing, {EMNLP} 2024, Miami, FL, USA, November 12-16,
                  2024},
  pages        = {4375--4391},
  publisher    = {Association for Computational Linguistics},
  year         = {2024},
  url          = {https://aclanthology.org/2024.emnlp-main.250},
  timestamp    = {Thu, 14 Nov 2024 17:20:55 +0100},
  biburl       = {https://dblp.org/rec/conf/emnlp/ZhuangMKLZ24.bib},
  bibsource    = {dblp computer science bibliography, https://dblp.org}
}

@inproceedings{DBLP:conf/iclr/LiuTAPZS24,
  author       = {Tian Yu Liu and
                  Matthew Trager and
                  Alessandro Achille and
                  Pramuditha Perera and
                  Luca Zancato and
                  Stefano Soatto},
  title        = {Meaning Representations from Trajectories in Autoregressive Models},
  booktitle    = {The Twelfth International Conference on Learning Representations,
                  {ICLR} 2024, Vienna, Austria, May 7-11, 2024},
  publisher    = {OpenReview.net},
  year         = {2024},
  url          = {https://openreview.net/forum?id=UyGWafcopT},
  timestamp    = {Wed, 07 Aug 2024 17:11:53 +0200},
  biburl       = {https://dblp.org/rec/conf/iclr/LiuTAPZS24.bib},
  bibsource    = {dblp computer science bibliography, https://dblp.org}
}

@inproceedings{DBLP:conf/sigir/MaWYWL24,
  author       = {Xueguang Ma and
                  Liang Wang and
                  Nan Yang and
                  Furu Wei and
                  Jimmy Lin},
  editor       = {Grace Hui Yang and
                  Hongning Wang and
                  Sam Han and
                  Claudia Hauff and
                  Guido Zuccon and
                  Yi Zhang},
  title        = {Fine-Tuning LLaMA for Multi-Stage Text Retrieval},
  booktitle    = {Proceedings of the 47th International {ACM} {SIGIR} Conference on
                  Research and Development in Information Retrieval, {SIGIR} 2024, Washington
                  DC, USA, July 14-18, 2024},
  pages        = {2421--2425},
  publisher    = {{ACM}},
  year         = {2024},
  url          = {https://doi.org/10.1145/3626772.3657951},
  doi          = {10.1145/3626772.3657951},
  timestamp    = {Sun, 06 Oct 2024 21:14:16 +0200},
  biburl       = {https://dblp.org/rec/conf/sigir/MaWYWL24.bib},
  bibsource    = {dblp computer science bibliography, https://dblp.org}
}

@article{DBLP:journals/corr/abs-2103-15316,
  author       = {Jianlin Su and
                  Jiarun Cao and
                  Weijie Liu and
                  Yangyiwen Ou},
  title        = {Whitening Sentence Representations for Better Semantics and Faster
                  Retrieval},
  journal      = {CoRR},
  volume       = {abs/2103.15316},
  year         = {2021},
  url          = {https://arxiv.org/abs/2103.15316},
  eprinttype    = {arXiv},
  eprint       = {2103.15316},
  timestamp    = {Tue, 04 Oct 2022 16:42:32 +0200},
  biburl       = {https://dblp.org/rec/journals/corr/abs-2103-15316.bib},
  bibsource    = {dblp computer science bibliography, https://dblp.org}
}

@article{DBLP:journals/corr/abs-2212-03533,
  author       = {Liang Wang and
                  Nan Yang and
                  Xiaolong Huang and
                  Binxing Jiao and
                  Linjun Yang and
                  Daxin Jiang and
                  Rangan Majumder and
                  Furu Wei},
  title        = {Text Embeddings by Weakly-Supervised Contrastive Pre-training},
  journal      = {CoRR},
  volume       = {abs/2212.03533},
  year         = {2022},
  url          = {https://doi.org/10.48550/arXiv.2212.03533},
  doi          = {10.48550/ARXIV.2212.03533},
  eprinttype    = {arXiv},
  eprint       = {2212.03533},
  timestamp    = {Sat, 27 Jul 2024 13:40:52 +0200},
  biburl       = {https://dblp.org/rec/journals/corr/abs-2212-03533.bib},
  bibsource    = {dblp computer science bibliography, https://dblp.org}
}

@article{DBLP:journals/corr/abs-2308-03281,
  author       = {Zehan Li and
                  Xin Zhang and
                  Yanzhao Zhang and
                  Dingkun Long and
                  Pengjun Xie and
                  Meishan Zhang},
  title        = {Towards General Text Embeddings with Multi-stage Contrastive Learning},
  journal      = {CoRR},
  volume       = {abs/2308.03281},
  year         = {2023},
  url          = {https://doi.org/10.48550/arXiv.2308.03281},
  doi          = {10.48550/ARXIV.2308.03281},
  eprinttype    = {arXiv},
  eprint       = {2308.03281},
  timestamp    = {Tue, 07 May 2024 20:16:01 +0200},
  biburl       = {https://dblp.org/rec/journals/corr/abs-2308-03281.bib},
  bibsource    = {dblp computer science bibliography, https://dblp.org}
}

@article{DBLP:journals/corr/abs-2402-15449,
  author       = {Jacob Mitchell Springer and
                  Suhas Kotha and
                  Daniel Fried and
                  Graham Neubig and
                  Aditi Raghunathan},
  title        = {Repetition Improves Language Model Embeddings},
  journal      = {CoRR},
  volume       = {abs/2402.15449},
  year         = {2024},
  url          = {https://doi.org/10.48550/arXiv.2402.15449},
  doi          = {10.48550/ARXIV.2402.15449},
  eprinttype    = {arXiv},
  eprint       = {2402.15449},
  timestamp    = {Fri, 22 Mar 2024 12:19:03 +0100},
  biburl       = {https://dblp.org/rec/journals/corr/abs-2402-15449.bib},
  bibsource    = {dblp computer science bibliography, https://dblp.org}
}

@article{DBLP:journals/corr/abs-2404-05961,
  author       = {Parishad BehnamGhader and
                  Vaibhav Adlakha and
                  Marius Mosbach and
                  Dzmitry Bahdanau and
                  Nicolas Chapados and
                  Siva Reddy},
  title        = {LLM2Vec: Large Language Models Are Secretly Powerful Text Encoders},
  journal      = {CoRR},
  volume       = {abs/2404.05961},
  year         = {2024},
  url          = {https://doi.org/10.48550/arXiv.2404.05961},
  doi          = {10.48550/ARXIV.2404.05961},
  eprinttype    = {arXiv},
  eprint       = {2404.05961},
  timestamp    = {Wed, 15 May 2024 08:47:08 +0200},
  biburl       = {https://dblp.org/rec/journals/corr/abs-2404-05961.bib},
  bibsource    = {dblp computer science bibliography, https://dblp.org}
}

@article{DBLP:journals/corr/abs-2405-17428,
  author       = {Chankyu Lee and
                  Rajarshi Roy and
                  Mengyao Xu and
                  Jonathan Raiman and
                  Mohammad Shoeybi and
                  Bryan Catanzaro and
                  Wei Ping},
  title        = {NV-Embed: Improved Techniques for Training LLMs as Generalist Embedding
                  Models},
  journal      = {CoRR},
  volume       = {abs/2405.17428},
  year         = {2024},
  url          = {https://doi.org/10.48550/arXiv.2405.17428},
  doi          = {10.48550/ARXIV.2405.17428},
  eprinttype    = {arXiv},
  eprint       = {2405.17428},
  timestamp    = {Tue, 18 Jun 2024 16:10:22 +0200},
  biburl       = {https://dblp.org/rec/journals/corr/abs-2405-17428.bib},
  bibsource    = {dblp computer science bibliography, https://dblp.org}
}

@article{DBLP:journals/corr/abs-2409-15700,
  author       = {Chaofan Li and
                  Minghao Qin and
                  Shitao Xiao and
                  Jianlyu Chen and
                  Kun Luo and
                  Yingxia Shao and
                  Defu Lian and
                  Zheng Liu},
  title        = {Making Text Embedders Few-Shot Learners},
  journal      = {CoRR},
  volume       = {abs/2409.15700},
  year         = {2024},
  url          = {https://doi.org/10.48550/arXiv.2409.15700},
  doi          = {10.48550/ARXIV.2409.15700},
  eprinttype    = {arXiv},
  eprint       = {2409.15700},
  timestamp    = {Wed, 16 Oct 2024 13:28:34 +0200},
  biburl       = {https://dblp.org/rec/journals/corr/abs-2409-15700.bib},
  bibsource    = {dblp computer science bibliography, https://dblp.org}
}

@article{DBLP:journals/corr/abs-2410-14635,
  author       = {Raghuveer Thirukovalluru and
                  Bhuwan Dhingra},
  title        = {GenEOL: Harnessing the Generative Power of LLMs for Training-Free
                  Sentence Embeddings},
  journal      = {CoRR},
  volume       = {abs/2410.14635},
  year         = {2024},
  url          = {https://doi.org/10.48550/arXiv.2410.14635},
  doi          = {10.48550/ARXIV.2410.14635},
  eprinttype    = {arXiv},
  eprint       = {2410.14635},
  timestamp    = {Wed, 27 Nov 2024 21:02:49 +0100},
  biburl       = {https://dblp.org/rec/journals/corr/abs-2410-14635.bib},
  bibsource    = {dblp computer science bibliography, https://dblp.org}
}

