@online{CCredential,
  key =          {CCredential},
  year  =        2024,
  title =        "Content Credintials - How it works ",
  url =          "https://contentauthenticity.org/how-it-works",
  lastaccessed = "Sept 2024",
}

@article{MITReview@2024,
  title={Google is finally taking action to curb non-consensual deepfakes},
  author={Melissa Heikkilä},
  year={2024},
  publisher={MIT Technology Review}
}

@online{Meta,
    author = "Nick Clegg, President, Global Affairs",
    title = "Labeling AI-Generated Images on Facebook, Instagram and Threads",
    url  = "https://about.fb.com/news/2024/02/labeling-ai-generated-images-on-facebook-instagram-and-threads/",
    addendum = "(accessed: 01.09.2024)",
    keywords = "Meta"
}

@online{Youtube,
    author = "Announcement",
    title = "New Disclosures and Labels for Generative AI Content on YouTube ",
    url  = "https://support.google.com/youtube/thread/264550152/new-disclosures-and-labels-for-generative-ai-content-on-youtube?hl=en",
    addendum = "(accessed: 01.09.2024)",
    keywords = "Youtube"
}

@misc{andi2021nudging,
  title={Nudging away false news: Evidence from a social norms experiment. Digital Journalism, 9 (1), 106-125},
  author={And{\i}, S and Akesson, J},
  year={2021}
}

@inproceedings{bhuiyan2018feedreflect,
  title={FeedReflect: A tool for nudging users to assess news credibility on twitter},
  author={Bhuiyan, Md Momen and Zhang, Kexin and Vick, Kelsey and Horning, Michael A and Mitra, Tanushree},
  booktitle={Companion of the 2018 ACM conference on computer supported cooperative work and social computing},
  pages={205--208},
  year={2018}
}

@article{bhuiyan2021designing,
  title={Designing transparency cues in online news platforms to promote trust: Journalists'\& consumers' perspectives},
  author={Bhuiyan, Md Momen and Whitley, Hayden and Horning, Michael and Lee, Sang Won and Mitra, Tanushree},
  journal={Proceedings of the ACM on Human-Computer Interaction},
  volume={5},
  number={CSCW2},
  pages={1--31},
  year={2021},
  publisher={ACM New York, NY, USA}
}

@article{bode2015related,
  title={In related news, that was wrong: The correction of misinformation through related stories functionality in social media},
  author={Bode, Leticia and Vraga, Emily K},
  journal={Journal of Communication},
  volume={65},
  number={4},
  pages={619--638},
  year={2015},
  publisher={Oxford University Press}
}

@article{chan2017debunking,
  title={Debunking: A meta-analysis of the psychological efficacy of messages countering misinformation},
  author={Chan, Man-pui Sally and Jones, Christopher R and Hall Jamieson, Kathleen and Albarrac{\'\i}n, Dolores},
  journal={Psychological science},
  volume={28},
  number={11},
  pages={1531--1546},
  year={2017},
  publisher={Sage Publications Sage CA: Los Angeles, CA}
}

@article{domgaard2021combating,
  title={Combating misinformation: The effects of infographics in verifying false vaccine news},
  author={Domgaard, Shawn and Park, Mina},
  journal={Health Education Journal},
  volume={80},
  number={8},
  pages={974--986},
  year={2021},
  publisher={SAGE Publications Sage UK: London, England}
}

@article{epstein2023label,
  title={What label should be applied to content produced by generative AI?},
  author={Epstein, Ziv and Arechar, Antonio Alonso and Rand, David},
  publisher={PsyArXiv}
}

@article{ershov2024sharing,
  title={Sharing News Left and Right: Frictions and Misinformation on Twitter},
  author={Ershov, Daniel and Morales, Juan S},
  journal={The Economic Journal},
  pages={27},
  year={2024},
  publisher={Oxford University Press}
}

@article{fazio2020pausing,
  title={Pausing to consider why a headline is true or false can help reduce the sharing of false news},
  author={Fazio, Lisa},
  journal={Harvard Kennedy School Misinformation Review},
  volume={1},
  number={2},
  year={2020}
}

@article{gao2018label,
  title={To label or not to label: The effect of stance and credibility labels on readers' selection and perception of news articles},
  author={Gao, Mingkun and Xiao, Ziang and Karahalios, Karrie and Fu, Wai-Tat},
  journal={Proceedings of the ACM on Human-Computer Interaction},
  volume={2},
  number={CSCW},
  pages={1--16},
  year={2018},
  publisher={ACM New York, NY, USA}
}

@article{geers2023online,
  title={The online misinformation engagement framework},
  author={Geers, Michael and Swire-Thompson, Briony and Lorenz-Spreen, Philipp and Herzog, Stefan M and Kozyreva, Anastasia and Hertwig, Ralph},
  journal={Current Opinion in Psychology},
  pages={101739},
  year={2023},
  publisher={Elsevier}
}

@article{guo2023seeing,
  title={Seeing is not believing: a nuanced view of misinformation warning efficacy on video-sharing social media platforms},
  author={Guo, Chen and Zheng, Nan and Guo, Chengqi},
  journal={Proceedings of the ACM on Human-Computer Interaction},
  volume={7},
  number={CSCW2},
  pages={1--35},
  year={2023},
  publisher={ACM New York, NY, USA}
}

@article{hartwig2024landscape,
  title={The Landscape of User-centered Misinformation Interventions-A Systematic Literature Review},
  author={Hartwig, Katrin and Doell, Frederic and Reuter, Christian},
  journal={ACM Computing Surveys},
  volume={56},
  number={11},
  pages={1--36},
  year={2024},
  publisher={ACM New York, NY}
}

@inproceedings{hawa2021combating,
  title={Combating misinformation dissemination through verification and content driven recommendation},
  author={Hawa, Sarah and Lobo, Lanita and Dogra, Unnati and Kamble, Vijaya},
  booktitle={2021 Third International Conference on Intelligent Communication Technologies and Virtual Mobile Networks (ICICV)},
  pages={917--924},
  year={2021},
  organization={IEEE}
}

@article{jahanbakhsh2022leveraging,
  title={Leveraging structured trusted-peer assessments to combat misinformation},
  author={Jahanbakhsh, Farnaz and Zhang, Amy X and Karger, David R},
  journal={Proceedings of the ACM on Human-computer Interaction},
  volume={6},
  number={CSCW2},
  pages={1--40},
  year={2022},
  publisher={ACM New York, NY, USA}
}

@article{kozyreva2023critical,
  title={Critical ignoring as a core competence for digital citizens},
  author={Kozyreva, Anastasia and Wineburg, Sam and Lewandowsky, Stephan and Hertwig, Ralph},
  journal={Current Directions in Psychological Science},
  volume={32},
  number={1},
  pages={81--88},
  year={2023},
  publisher={Sage Publications Sage CA: Los Angeles, CA}
}

@article{lewandowsky2020debunking,
  title={The debunking handbook 2020},
  author={Lewandowsky, Stephan and Cook, John and Ecker, Ullrich and Albarracin, Dolores and Kendeou, Panayiota and Newman, Eryn J and Pennycook, Gordon and Porter, Ethan and Rand, David G and Rapp, David N and others},
  year={2020}
}

@article{lewis2022content,
  title={Do content warnings help people spot a deepfake? Evidence from two experiments},
  author={Lewis, Andrew and Vu, Patrick and Duch, Raymond M and Chowdhury, Areeq},
  journal={OSF Preprint},
  year={2022}
}

@inproceedings{lim2023effects,
  title={Effects of automated misinformation warning labels on the intents to like, comment and share posts},
  author={Lim, Gionnieve and Perrault, Simon T},
  booktitle={Proceedings of the 11th International Conference on Human-Agent Interaction},
  pages={299--305},
  year={2023}
}

@article{martel2023misinformation,
  title={Misinformation warning labels are widely effective: A review of warning effects and their moderating features},
  author={Martel, Cameron and Rand, David G},
  journal={Current Opinion in Psychology},
  pages={101710},
  year={2023},
  publisher={Elsevier}
}

@article{nassetta2020state,
  title={State media warning labels can counteract the effects of foreign misinformation},
  author={Nassetta, Jack and Gross, Kimberly},
  journal={Harvard Kennedy School Misinformation Review},
  year={2020}
}

@article{oeldorf2020ineffectiveness,
  title={The ineffectiveness of fact-checking labels on news memes and articles},
  author={Oeldorf-Hirsch, Anne and Schmierbach, Mike and Appelman, Alyssa and Boyle, Michael P},
  journal={Mass Communication and Society},
  volume={23},
  number={5},
  pages={682--704},
  year={2020},
  publisher={Taylor \& Francis}
}

@article{ohlheiser2016facebook,
  title={What Facebook hasn't said about its plan to fight fake news},
  author={Ohlheiser, Abby},
  journal={Washingtonpost. com},
  year={2016},
  publisher={The Washington Post}
}

@article{otis2024effects,
  title={The effects of transparency cues on news source credibility online: an investigation of ‘opinion labels’},
  author={Otis, Andrew},
  journal={Journalism},
  volume={25},
  number={1},
  pages={198--217},
  year={2024},
  publisher={SAGE Publications Sage UK: London, England}
}

@inproceedings{papakyriakopoulos2022impact,
  title={The impact of Twitter labels on misinformation spread and user engagement: Lessons from Trump’s election tweets},
  author={Papakyriakopoulos, Orestis and Goodman, Ellen},
  booktitle={Proceedings of the ACM web conference 2022},
  pages={2541--2551},
  year={2022}
}

@article{pennycook2021shifting,
  title={Shifting attention to accuracy can reduce misinformation online},
  author={Pennycook, Gordon and Epstein, Ziv and Mosleh, Mohsen and Arechar, Antonio A and Eckles, Dean and Rand, David G},
  journal={Nature},
  volume={592},
  number={7855},
  pages={590--595},
  year={2021},
  publisher={Nature Publishing Group UK London}
}

@inproceedings{seo2019trust,
  title={Trust it or not: Effects of machine-learning warnings in helping individuals mitigate misinformation},
  author={Seo, Haeseung and Xiong, Aiping and Lee, Dongwon},
  booktitle={Proceedings of the 10th ACM Conference on Web Science},
  pages={265--274},
  year={2019}
}

@article{wittenberg2024labeling,
  title={Labeling AI-Generated Content: Promises, Perils, and Future Directions},
  author={Wittenberg, Chloe and Epstein, Ziv and Berinsky, Adam J and Rand, David G},
  year={2024},
  publisher={MIT}
}

