
% Journals

% First the Full Name is given, then the abbreviation used in the AMS Math
% Reviews, with an indication if it could not be found there.
% Note the 2nd overwrites the 1st, so swap them if you want the full name.
%%%%%%%%%%%%%%%%%%%%%%%%%%%INTRO%%%%%%%%%%%%%%%%%%%%%%%%%%%%%
@article{burrus2024unmasking,
  title={Unmasking AI: Informing Authenticity Decisions by Labeling AI-Generated Content},
  author={Burrus, Olivia and Curtis, Amanda and Herman, Laura},
  journal={Interactions},
  volume={31},
  number={4},
  pages={38--42},
  year={2024},
  publisher={ACM New York, NY, USA}
}


@article{mena2020cleaning,
  title={Cleaning up social media: The effect of warning labels on likelihood of sharing false news on Facebook},
  author={Mena, Paul},
  journal={Policy \& internet},
  volume={12},
  number={2},
  pages={165--183},
  year={2020},
  publisher={Wiley Online Library}
}


@article{jia2022understanding,
  title={Understanding effects of algorithmic vs. community label on perceived accuracy of hyper-partisan misinformation},
  author={Jia, Chenyan and Boltz, Alexander and Zhang, Angie and Chen, Anqing and Lee, Min Kyung},
  journal={Proceedings of the ACM on Human-Computer Interaction},
  volume={6},
  number={CSCW2},
  pages={1--27},
  year={2022},
  publisher={ACM New York, NY, USA}
}

@article{feng2023examining,
  title={Examining the Impact of Provenance-Enabled Media on Trust and Accuracy Perceptions},
  author={Feng, KJ Kevin and Ritchie, Nick and Blumenthal, Pia and Parsons, Andy and Zhang, Amy X},
  journal={Proceedings of the ACM on Human-Computer Interaction},
  volume={7},
  number={CSCW2},
  pages={1--42},
  year={2023},
  publisher={ACM New York, NY, USA}
}

@inproceedings{lim2023effects,
  title={Effects of automated misinformation warning labels on the intents to like, comment and share posts},
  author={Lim, Gionnieve and Perrault, Simon T},
  booktitle={Proceedings of the 11th International Conference on Human-Agent Interaction},
  pages={299--305},
  year={2023}
}

@article{kobis2021fooled,
  title={Fooled twice: People cannot detect deepfakes but think they can},
  author={K{\"o}bis, Nils C and Dole{\v{z}}alov{\'a}, Barbora and Soraperra, Ivan},
  journal={Iscience},
  volume={24},
  number={11},
  year={2021},
  publisher={Elsevier}
}

@article{wittenberg2024labeling,
  title={Labeling AI-Generated Content: Promises, Perils, and Future Directions},
  author={Wittenberg, Chloe and Epstein, Ziv and Berinsky, Adam J and Rand, David G},
  year={2024},
  publisher={MIT}
}
%%%%%%%%%%%% LITERTAURE REVIEW  %%%%%%%%%%%%%%%%%%%%%%%%%%%%%%%%%%%%%%%%%%%%%%%%
@article{MITReview@2024,
  title={Google is finally taking action to curb non-consensual deepfakes},
  author={Melissa Heikkilä},
  year={2024},
  publisher={MIT Technology Review}
}

@online{Meta,
    author = "Nick Clegg, President, Global Affairs",
    title = "Labeling AI-Generated Images on Facebook, Instagram and Threads",
    url  = "https://about.fb.com/news/2024/02/labeling-ai-generated-images-on-facebook-instagram-and-threads/",
    addendum = "(accessed: 01.09.2024)",
    keywords = "Meta"
}
@online{Youtube,
    author = "Announcement",
    title = "New Disclosures and Labels for Generative AI Content on YouTube ",
    url  = "https://support.google.com/youtube/thread/264550152/new-disclosures-and-labels-for-generative-ai-content-on-youtube?hl=en",
    addendum = "(accessed: 01.09.2024)",
    keywords = "Youtube"
}



@online{CCredential,
  key =          {CCredential},
  year  =        2024,
  title =        "Content Credintials - How it works ",
  url =          "https://contentauthenticity.org/how-it-works",
  lastaccessed = "Sept 2024",
}


@inproceedings{papakyriakopoulos2022impact,
  title={The impact of Twitter labels on misinformation spread and user engagement: Lessons from Trump’s election tweets},
  author={Papakyriakopoulos, Orestis and Goodman, Ellen},
  booktitle={Proceedings of the ACM web conference 2022},
  pages={2541--2551},
  year={2022}
}

@inproceedings{xu2023combating,
  title={Combating misinformation in the era of generative AI models},
  author={Xu, Danni and Fan, Shaojing and Kankanhalli, Mohan},
  booktitle={Proceedings of the 31st ACM International Conference on Multimedia},
  pages={9291--9298},
  year={2023}
}
@article{molina2021fake,
  title={“Fake news” is not simply false information: A concept explication and taxonomy of online content},
  author={Molina, Maria D and Sundar, S Shyam and Le, Thai and Lee, Dongwon},
  journal={American behavioral scientist},
  volume={65},
  number={2},
  pages={180--212},
  year={2021},
  publisher={SAGE Publications Sage CA: Los Angeles, CA}
}



@article{geers2023online,
  title={The online misinformation engagement framework},
  author={Geers, Michael and Swire-Thompson, Briony and Lorenz-Spreen, Philipp and Herzog, Stefan M and Kozyreva, Anastasia and Hertwig, Ralph},
  journal={Current Opinion in Psychology},
  pages={101739},
  year={2023},
  publisher={Elsevier}
}

@article{otis2024effects,
  title={The effects of transparency cues on news source credibility online: an investigation of ‘opinion labels’},
  author={Otis, Andrew},
  journal={Journalism},
  volume={25},
  number={1},
  pages={198--217},
  year={2024},
  publisher={SAGE Publications Sage UK: London, England}
}

@article{ershov2024sharing,
  title={Sharing News Left and Right: Frictions and Misinformation on Twitter},
  author={Ershov, Daniel and Morales, Juan S},
  journal={The Economic Journal},
  pages={27},
  year={2024},
  publisher={Oxford University Press}
}

@article{martel2023misinformation,
  title={Misinformation warning labels are widely effective: A review of warning effects and their moderating features},
  author={Martel, Cameron and Rand, David G},
  journal={Current Opinion in Psychology},
  pages={101710},
  year={2023},
  publisher={Elsevier}
}

@article{kozyreva2023critical,
  title={Critical ignoring as a core competence for digital citizens},
  author={Kozyreva, Anastasia and Wineburg, Sam and Lewandowsky, Stephan and Hertwig, Ralph},
  journal={Current Directions in Psychological Science},
  volume={32},
  number={1},
  pages={81--88},
  year={2023},
  publisher={Sage Publications Sage CA: Los Angeles, CA}
}

@article{lewandowsky2020debunking,
  title={The debunking handbook 2020},
  author={Lewandowsky, Stephan and Cook, John and Ecker, Ullrich and Albarracin, Dolores and Kendeou, Panayiota and Newman, Eryn J and Pennycook, Gordon and Porter, Ethan and Rand, David G and Rapp, David N and others},
  year={2020}
}

@inproceedings{allen2022birds,
  title={Birds of a feather don’t fact-check each other: Partisanship and the evaluation of news in Twitter’s Birdwatch crowdsourced fact-checking program},
  author={Allen, Jennifer and Martel, Cameron and Rand, David G},
  booktitle={Proceedings of the 2022 CHI conference on human factors in computing systems},
  pages={1--19},
  year={2022}
}

@inproceedings{miranda2019automated,
  title={Automated fact checking in the news room},
  author={Miranda, Sebasti{\ a}o and Nogueira, David and Mendes, Afonso and Vlachos, Andreas and Secker, Andrew and Garrett, Rebecca and Mitchel, Jeff and Marinho, Zita},
  booktitle={The world wide web conference},
  pages={3579--3583},
  year={2019}
}

@inproceedings{tanaka2023does,
  title={Who does not benefit from fact-checking websites? A psychological characteristic predicts the selective avoidance of clicking uncongenial facts},
  author={Tanaka, Yuko and Inuzuka, Miwa and Arai, Hiromi and Takahashi, Yoichi and Kukita, Minao and Inui, Kentaro},
  booktitle={Proceedings of the 2023 CHI Conference on Human Factors in Computing Systems},
  pages={1--17},
  year={2023}
}

@article{pennycook2021shifting,
  title={Shifting attention to accuracy can reduce misinformation online},
  author={Pennycook, Gordon and Epstein, Ziv and Mosleh, Mohsen and Arechar, Antonio A and Eckles, Dean and Rand, David G},
  journal={Nature},
  volume={592},
  number={7855},
  pages={590--595},
  year={2021},
  publisher={Nature Publishing Group UK London}
}

@article{fazio2020pausing,
  title={Pausing to consider why a headline is true or false can help reduce the sharing of false news},
  author={Fazio, Lisa},
  journal={Harvard Kennedy School Misinformation Review},
  volume={1},
  number={2},
  year={2020}
}

@misc{andi2021nudging,
  title={Nudging away false news: Evidence from a social norms experiment. Digital Journalism, 9 (1), 106-125},
  author={And{\i}, S and Akesson, J},
  year={2021}
}




@inproceedings{seo2019trust,
  title={Trust it or not: Effects of machine-learning warnings in helping individuals mitigate misinformation},
  author={Seo, Haeseung and Xiong, Aiping and Lee, Dongwon},
  booktitle={Proceedings of the 10th ACM Conference on Web Science},
  pages={265--274},
  year={2019}
}

@article{conroy2015automatic,
  title={Automatic deception detection: Methods for finding fake news},
  author={Conroy, Nadia K and Rubin, Victoria L and Chen, Yimin},
  journal={Proceedings of the association for information science and technology},
  volume={52},
  number={1},
  pages={1--4},
  year={2015},
  publisher={Wiley Online Library}
}

@article{tacchini2017some,
  title={Some Like it Hoax: Automated Fake News Detection in Social Networks},
  author={Tacchini, Eugenio and Ballarin, Gabriele and Della Vedova, Marco L and Moret, Stefano and de Alfaro, Luca},
  journal={arXiv e-prints},
  pages={arXiv--1704},
  year={2017}
}

@inproceedings{rashkin2017truth,
  title={Truth of varying shades: Analyzing language in fake news and political fact-checking},
  author={Rashkin, Hannah and Choi, Eunsol and Jang, Jin Yea and Volkova, Svitlana and Choi, Yejin},
  booktitle={Proceedings of the 2017 conference on empirical methods in natural language processing},
  pages={2931--2937},
  year={2017}
}

@inproceedings{jin2017multimodal,
  title={Multimodal fusion with recurrent neural networks for rumor detection on microblogs},
  author={Jin, Zhiwei and Cao, Juan and Guo, Han and Zhang, Yongdong and Luo, Jiebo},
  booktitle={Proceedings of the 25th ACM international conference on Multimedia},
  pages={795--816},
  year={2017}
}

@inproceedings{wang2018eann,
  title={Eann: Event adversarial neural networks for multi-modal fake news detection},
  author={Wang, Yaqing and Ma, Fenglong and Jin, Zhiwei and Yuan, Ye and Xun, Guangxu and Jha, Kishlay and Su, Lu and Gao, Jing},
  booktitle={Proceedings of the 24th acm sigkdd international conference on knowledge discovery \& data mining},
  pages={849--857},
  year={2018}
}

@article{hartwig2024landscape,
  title={The Landscape of User-centered Misinformation Interventions-A Systematic Literature Review},
  author={Hartwig, Katrin and Doell, Frederic and Reuter, Christian},
  journal={ACM Computing Surveys},
  volume={56},
  number={11},
  pages={1--36},
  year={2024},
  publisher={ACM New York, NY}
}

@inproceedings{bhuiyan2018feedreflect,
  title={FeedReflect: A tool for nudging users to assess news credibility on twitter},
  author={Bhuiyan, Md Momen and Zhang, Kexin and Vick, Kelsey and Horning, Michael A and Mitra, Tanushree},
  booktitle={Companion of the 2018 ACM conference on computer supported cooperative work and social computing},
  pages={205--208},
  year={2018}
}

@article{bode2015related,
  title={In related news, that was wrong: The correction of misinformation through related stories functionality in social media},
  author={Bode, Leticia and Vraga, Emily K},
  journal={Journal of Communication},
  volume={65},
  number={4},
  pages={619--638},
  year={2015},
  publisher={Oxford University Press}
}

@article{bhuiyan2021designing,
  title={Designing transparency cues in online news platforms to promote trust: Journalists'\& consumers' perspectives},
  author={Bhuiyan, Md Momen and Whitley, Hayden and Horning, Michael and Lee, Sang Won and Mitra, Tanushree},
  journal={Proceedings of the ACM on Human-Computer Interaction},
  volume={5},
  number={CSCW2},
  pages={1--31},
  year={2021},
  publisher={ACM New York, NY, USA}
}

@article{jahanbakhsh2022leveraging,
  title={Leveraging structured trusted-peer assessments to combat misinformation},
  author={Jahanbakhsh, Farnaz and Zhang, Amy X and Karger, David R},
  journal={Proceedings of the ACM on Human-computer Interaction},
  volume={6},
  number={CSCW2},
  pages={1--40},
  year={2022},
  publisher={ACM New York, NY, USA}
}

@inproceedings{hawa2021combating,
  title={Combating misinformation dissemination through verification and content driven recommendation},
  author={Hawa, Sarah and Lobo, Lanita and Dogra, Unnati and Kamble, Vijaya},
  booktitle={2021 Third International Conference on Intelligent Communication Technologies and Virtual Mobile Networks (ICICV)},
  pages={917--924},
  year={2021},
  organization={IEEE}
}

@article{prochazka2019measure,
  title={How to measure generalized trust in news media? An adaptation and test of scales},
  author={Prochazka, Fabian and Schweiger, Wolfgang},
  journal={Communication methods and measures},
  volume={13},
  number={1},
  pages={26--42},
  year={2019},
  publisher={Taylor \& Francis}
}


@article{pennycook2022nudging,
  title={Nudging social media toward accuracy},
  author={Pennycook, Gordon and Rand, David G},
  journal={The Annals of the American Academy of Political and Social Science},
  volume={700},
  number={1},
  pages={152--164},
  year={2022},
  publisher={Sage Publications Sage CA: Los Angeles, CA}
}
@article{pennycook2020implied,
  title={The implied truth effect: Attaching warnings to a subset of fake news headlines increases perceived accuracy of headlines without warnings},
  author={Pennycook, Gordon and Bear, Adam and Collins, Evan T and Rand, David G},
  journal={Management science},
  volume={66},
  number={11},
  pages={4944--4957},
  year={2020},
  publisher={INFORMS}
}

@article{ohlheiser2016facebook,
  title={What Facebook hasn't said about its plan to fight fake news},
  author={Ohlheiser, Abby},
  journal={Washingtonpost. com},
  year={2016},
  publisher={The Washington Post}
}

@article{oeldorf2020ineffectiveness,
  title={The ineffectiveness of fact-checking labels on news memes and articles},
  author={Oeldorf-Hirsch, Anne and Schmierbach, Mike and Appelman, Alyssa and Boyle, Michael P},
  journal={Mass Communication and Society},
  volume={23},
  number={5},
  pages={682--704},
  year={2020},
  publisher={Taylor \& Francis}
}


@article{chan2017debunking,
  title={Debunking: A meta-analysis of the psychological efficacy of messages countering misinformation},
  author={Chan, Man-pui Sally and Jones, Christopher R and Hall Jamieson, Kathleen and Albarrac{\'\i}n, Dolores},
  journal={Psychological science},
  volume={28},
  number={11},
  pages={1531--1546},
  year={2017},
  publisher={Sage Publications Sage CA: Los Angeles, CA}
}

@article{guo2023seeing,
  title={Seeing is not believing: a nuanced view of misinformation warning efficacy on video-sharing social media platforms},
  author={Guo, Chen and Zheng, Nan and Guo, Chengqi},
  journal={Proceedings of the ACM on Human-Computer Interaction},
  volume={7},
  number={CSCW2},
  pages={1--35},
  year={2023},
  publisher={ACM New York, NY, USA}
}

@article{nassetta2020state,
  title={State media warning labels can counteract the effects of foreign misinformation},
  author={Nassetta, Jack and Gross, Kimberly},
  journal={Harvard Kennedy School Misinformation Review},
  year={2020}
}

@article{domgaard2021combating,
  title={Combating misinformation: The effects of infographics in verifying false vaccine news},
  author={Domgaard, Shawn and Park, Mina},
  journal={Health Education Journal},
  volume={80},
  number={8},
  pages={974--986},
  year={2021},
  publisher={SAGE Publications Sage UK: London, England}
}


@article{gao2018label,
  title={To label or not to label: The effect of stance and credibility labels on readers' selection and perception of news articles},
  author={Gao, Mingkun and Xiao, Ziang and Karahalios, Karrie and Fu, Wai-Tat},
  journal={Proceedings of the ACM on Human-Computer Interaction},
  volume={2},
  number={CSCW},
  pages={1--16},
  year={2018},
  publisher={ACM New York, NY, USA}
}

@article{lewis2022content,
  title={Do content warnings help people spot a deepfake? Evidence from two experiments},
  author={Lewis, Andrew and Vu, Patrick and Duch, Raymond M and Chowdhury, Areeq},
  journal={OSF Preprint},
  year={2022}
}

@article{epstein2023label,
  title={What label should be applied to content produced by generative AI?},
  author={Epstein, Ziv and Arechar, Antonio Alonso and Rand, David},
  publisher={PsyArXiv}
}
@article{worsdorfer2024biden,
  title={Biden’s Executive Order on AI and the EU’s AI Act: A Comparative Computer-Ethical Analysis},
  author={W{\"o}rsd{\"o}rfer, Manuel},
  journal={Philosophy \& Technology},
  volume={37},
  number={3},
  pages={74},
  year={2024},
  publisher={Springer}
}

@article{labuz2024deep,
  title={Deep fakes and the Artificial Intelligence Act—An important signal or a missed opportunity?},
  author={{\L}abuz, Mateusz},
  journal={Policy \& Internet},
  year={2024},
  publisher={Wiley Online Library}
}
@online{Mozilla,
  key =          {Mozilla},
  year  =        2024,
  title =        "In Transparency We Trust?
Evaluating the Effectiveness of Watermarking and Labeling AI-Generated Content ",
  url =          "https://foundation.mozilla.org/en/research/library/in-transparency-we-trust/research-report/",
  lastaccessed = "Sept 2023",
}

@online{Metachange,
  key =          {Mozilla},
  year  =        2024,
  title =        "Meta's approach to labeling AI generated and manupiliative media ",
  url =          "https://about.fb.com/news/2024/04/metas-approach-to-labeling-ai-generated-content-and-manipulated-media/",
  lastaccessed = "April 2025",
}

@online{Metalabel,
  key =          {Meta},
  year  =        2024,
  title =        "Label AI content on Facebook",
  url =          "https://www.facebook.com/help/7434563519957988/iphone-app-help/?helpref=platform_switcher&cms_platform=iphone-app&_rdr",
  lastaccessed = "Nov 2024",
}

@online{EuAIact,
  key =          {EuAIact},
  year  =        2024,
  title =        "Artificial Intelligence Act of the EU Parliment ",
  url =          "https://www.europarl.europa.eu/doceo/document/TA-9-2024-0138_EN.pdf",
  lastaccessed = "Sept 2023",
}

@online{C2PA,
  key =          {c2pa},
  year  =        2024,
  title =        " Coalition for Content Provenance and Authenticity",
  url =          "https://c2pa.org/",
  lastaccessed = "Sept 2024",
}

@online{fourcorner,
  key =          {forcorner},
  year  =        2022,
  title =        "Four Corners Project. 2022. An initiative to increase authorship and credibility in visual media",
  url =          "https:// fourcornersproject.org/en/",
  lastaccessed = "Sept 2024",
}

@online{partnership,
  key =          {PartnershipAI},
  year  =        2024,
  title =        "Partnership on AI (PAI)",
  url =          "https://partnershiponai.org/about/",
  lastaccessed = "Sept 2024",
}

@online{contentauthenti,
  key =          {ContentAUthen},
  year  =        2022,
  title =        "Content Authenticity Initiative",
  url =          "https://contentauthenticity.org/",
  lastaccessed = "Sept 2024",
}



@inproceedings{stransky2021limited,
  title={On the Limited Impact of Visualizing Encryption: Perceptions of $\{$E2E$\}$ Messaging Security},
  author={Stransky, Christian and Wermke, Dominik and Schrader, Johanna and Huaman, Nicolas and Acar, Yasemin and Fehlhaber, Anna Lena and Wei, Miranda and Ur, Blase and Fahl, Sascha},
  booktitle={Seventeenth Symposium on Usable Privacy and Security (SOUPS 2021)},
  pages={437--454},
  year={2021}
}


%%%%%%%%%%%%%%%%%%%%%%%%%%%%%%%%%%%%%%%%%%%%%%%%%%%%


