@article{bonifacio2022inpars,
      title={InPars: Data Augmentation for Information Retrieval using Large Language Models}, 
      author={Luiz Bonifacio and Hugo Abonizio and Marzieh Fadaee and Rodrigo Nogueira},
      year={2022},
      journal={arXiv:2202.05144},
      _url={https://arxiv.org/abs/2202.05144}, 
}

@inproceedings{chen-etal-2024-m3,
    title = "{M}3-Embedding: Multi-Linguality, Multi-Functionality, Multi-Granularity Text Embeddings Through Self-Knowledge Distillation",
    author = "Chen, Jianlyu  and
      Xiao, Shitao  and
      Zhang, Peitian  and
      Luo, Kun  and
      Lian, Defu  and
      Liu, Zheng",
    editor = "Ku, Lun-Wei  and
      Martins, Andre  and
      Srikumar, Vivek",
    booktitle = "Findings of the Association for Computational Linguistics: ACL 2024",
    month = aug,
    year = "2024",
    address = "Bangkok, Thailand",
    publisher = "Association for Computational Linguistics",
    _url = "https://aclanthology.org/2024.findings-acl.137/",
    _doi = "10.18653/v1/2024.findings-acl.137",
    pages = "2318--2335",
}

@inproceedings{devlin-etal-2019-bert,
    title = "{BERT}: Pre-training of Deep Bidirectional Transformers for Language Understanding",
    author = "Devlin, Jacob  and
      Chang, Ming-Wei  and
      Lee, Kenton  and
      Toutanova, Kristina",
    editor = "Burstein, Jill  and
      Doran, Christy  and
      Solorio, Thamar",
    booktitle = "Proceedings of the 2019 Conference of the North {A}merican Chapter of the Association for Computational Linguistics: Human Language Technologies, Volume 1 (Long and Short Papers)",
    month = jun,
    year = "2019",
    address = "Minneapolis, Minnesota",
    publisher = "Association for Computational Linguistics",
    _url = "https://aclanthology.org/N19-1423/",
    _doi = "10.18653/v1/N19-1423",
    pages = "4171--4186",
}

@inproceedings{gao-callan-2021-condenser,
    title = "Condenser: a Pre-training Architecture for Dense Retrieval",
    author = "Gao, Luyu  and
      Callan, Jamie",
    editor = "Moens, Marie-Francine  and
      Huang, Xuanjing  and
      Specia, Lucia  and
      Yih, Scott Wen-tau",
    booktitle = "Proceedings of the 2021 Conference on Empirical Methods in Natural Language Processing",
    month = nov,
    year = "2021",
    address = "Online and Punta Cana, Dominican Republic",
    publisher = "Association for Computational Linguistics",
    _url = "https://aclanthology.org/2021.emnlp-main.75/",
    _doi = "10.18653/v1/2021.emnlp-main.75",
    pages = "981--993",
}

@article{izacard2022unsup,
      title={Unsupervised Dense Information Retrieval with Contrastive Learning}, 
      author={Gautier Izacard and Mathilde Caron and Lucas Hosseini and Sebastian Riedel and Piotr Bojanowski and Armand Joulin and Edouard Grave},
      year={2022},
      journal={arXiv:2112.09118},
      _url={https://arxiv.org/abs/2112.09118}, 
}

@inproceedings{karpukhin-etal-2020-dense,
    title = "Dense Passage Retrieval for Open-Domain Question Answering",
    author = "Karpukhin, Vladimir  and
      Oguz, Barlas  and
      Min, Sewon  and
      Lewis, Patrick  and
      Wu, Ledell  and
      Edunov, Sergey  and
      Chen, Danqi  and
      Yih, Wen-tau",
    editor = "Webber, Bonnie  and
      Cohn, Trevor  and
      He, Yulan  and
      Liu, Yang",
    booktitle = "Proceedings of the 2020 Conference on Empirical Methods in Natural Language Processing (EMNLP)",
    month = nov,
    year = "2020",
    address = "Online",
    publisher = "Association for Computational Linguistics",
    _url = "https://aclanthology.org/2020.emnlp-main.550/",
    _doi = "10.18653/v1/2020.emnlp-main.550",
    pages = "6769--6781"
}

@article{lee2024gecko,
      title={Gecko: Versatile Text Embeddings Distilled from Large Language Models}, 
      author={Jinhyuk Lee and Zhuyun Dai and Xiaoqi Ren and Blair Chen and Daniel Cer and Jeremy R. Cole and Kai Hui and Michael Boratko and Rajvi Kapadia and Wen Ding and Yi Luan and Sai Meher Karthik Duddu and Gustavo Hernandez Abrego and Weiqiang Shi and Nithi Gupta and Aditya Kusupati and Prateek Jain and Siddhartha Reddy Jonnalagadda and Ming-Wei Chang and Iftekhar Naim},
      year={2024},
      journal={arXiv:2403.20327},
      primaryClass={cs.CL},
      _url={https://arxiv.org/abs/2403.20327}, 
}

@article{li2023generaltextembeddingsmultistage,
      title={Towards General Text Embeddings with Multi-stage Contrastive Learning}, 
      author={Zehan Li and Xin Zhang and Yanzhao Zhang and Dingkun Long and Pengjun Xie and Meishan Zhang},
      year={2023},
      journal={arXiv:2308.03281},
      _url={https://arxiv.org/abs/2308.03281}, 
}

@article{li2024making,
      title={Making Text Embedders Few-Shot Learners}, 
      author={Chaofan Li and MingHao Qin and Shitao Xiao and Jianlyu Chen and Kun Luo and Yingxia Shao and Defu Lian and Zheng Liu},
      year={2024},
      journal={arXiv:2409.15700},
      _url={https://arxiv.org/abs/2409.15700}, 
}

@inproceedings{lin-etal-2023-train,
    title = "How to Train Your Dragon: Diverse Augmentation Towards Generalizable Dense Retrieval",
    author = "Lin, Sheng-Chieh  and
      Asai, Akari  and
      Li, Minghan  and
      Oguz, Barlas  and
      Lin, Jimmy  and
      Mehdad, Yashar  and
      Yih, Wen-tau  and
      Chen, Xilun",
    editor = "Bouamor, Houda  and
      Pino, Juan  and
      Bali, Kalika",
    booktitle = "Findings of the Association for Computational Linguistics: EMNLP 2023",
    year = "2023",
    address = "Singapore",
    publisher = "Association for Computational Linguistics",
    _url = "https://aclanthology.org/2023.findings-emnlp.423/",
    _doi = "10.18653/v1/2023.findings-emnlp.423",
    pages = "6385--6400",
}

@inproceedings{luo-etal-2024-large,
    title = "Large Language Models as Foundations for Next-Gen Dense Retrieval: A Comprehensive Empirical Assessment",
    author = "Luo, Kun  and
      Qin, Minghao  and
      Liu, Zheng  and
      Xiao, Shitao  and
      Zhao, Jun  and
      Liu, Kang",
    editor = "Al-Onaizan, Yaser  and
      Bansal, Mohit  and
      Chen, Yun-Nung",
    booktitle = "Proceedings of the 2024 Conference on Empirical Methods in Natural Language Processing",
    month = nov,
    year = "2024",
    address = "Miami, Florida, USA",
    publisher = "Association for Computational Linguistics",
    _url = "https://aclanthology.org/2024.emnlp-main.80/",
    _doi = "10.18653/v1/2024.emnlp-main.80",
    pages = "1354--1365",
}

@article{ma2023zeroshot,
      title={Zero-Shot Listwise Document Reranking with a Large Language Model}, 
      author={Xueguang Ma and Xinyu Zhang and Ronak Pradeep and Jimmy Lin},
      year={2023},
      journal={arXiv:2305.02156},
      _url={https://arxiv.org/abs/2305.02156}, 
}

@inproceedings{ma2024repllama,
author = {Ma, Xueguang and Wang, Liang and Yang, Nan and Wei, Furu and Lin, Jimmy},
title = {Fine-Tuning LLaMA for Multi-Stage Text Retrieval},
year = {2024},
isbn = {9798400704314},
publisher = {Association for Computing Machinery},
address = {New York, NY, USA},
_url = {https://_doi.org/10.1145/3626772.3657951},
_doi = {10.1145/3626772.3657951},
booktitle = {Proceedings of the 47th International ACM SIGIR Conference on Research and Development in Information Retrieval},
pages = {2421â€“2425},
numpages = {5},
keywords = {dense retrieval, large language model, reranker},
location = {Washington DC, USA},
series = {SIGIR '24}
}

@article{morris2024cde,
      title={Contextual Document Embeddings}, 
      author={John X. Morris and Alexander M. Rush},
      year={2024},
      journal={arXiv:2410.02525},
      _url={https://arxiv.org/abs/2410.02525}, 
}

@article{muennighoff2024generative,
      title={Generative Representational Instruction Tuning}, 
      author={Niklas Muennighoff and Hongjin Su and Liang Wang and Nan Yang and Furu Wei and Tao Yu and Amanpreet Singh and Douwe Kiela},
      year={2024},
      journal={arXiv:2402.09906},
      _url={https://arxiv.org/abs/2402.09906}
}

@article{nussbaum2024nomic,
      title={Nomic Embed: Training a Reproducible Long Context Text Embedder}, 
      author={Zach Nussbaum and John X. Morris and Brandon Duderstadt and Andriy Mulyar},
      year={2024},
      journal={arXiv:2402.01613},
      _url={https://arxiv.org/abs/2402.01613}, 
}

@inproceedings{promptagator,
  author={Zhuyun Dai and Vincent Y. Zhao and Ji Ma and Yi Luan and Jianmo Ni and Jing Lu and Anton Bakalov and Kelvin Guu and Keith B. Hall and Ming-Wei Chang},
  title={Promptagator: Few-shot Dense Retrieval From 8 Examples},
  year={2023},
  cdate={1672531200000},
  _url={https://openreview.net/pdf?id=gmL46YMpu2J},
  booktitle={ICLR},
}

@article{robertson2009bm25,
  author    = {Stephen E. Robertson and
               Hugo Zaragoza},
  title     = {The Probabilistic Relevance Framework: {BM25} and Beyond},
  journal   = {Foundations and Trends in Information Retrieval},
  volume    = {3},
  number    = {4},
  pages     = {333--389},
  year      = {2009},
  _url_       = {https://_doi.org/10.1561/1500000019},
  _doi_       = {10.1561/1500000019},
  timestamp = {Thu, 12 Mar 2020 15:55:10 +0100},
  bib_url_    = {https://dblp.org/rec/journals/ftir/RobertsonZ09.bib},
  bibsource = {dblp computer science bibliography, https://dblp.org}
}

@article{springer2024repetition,
  title={Repetition Improves Language Model Embeddings},
  author={Springer, Jacob Mitchell and Kotha, Suhas and Fried, Daniel and Neubig, Graham and Raghunathan, Aditi},
  journal={arXiv:2402.15449},
  year={2024}
}

@inproceedings{sun-etal-2023-chatgpt,
    title = "Is {C}hat{GPT} Good at Search? Investigating Large Language Models as Re-Ranking Agents",
    author = "Sun, Weiwei  and
      Yan, Lingyong  and
      Ma, Xinyu  and
      Wang, Shuaiqiang  and
      Ren, Pengjie  and
      Chen, Zhumin  and
      Yin, Dawei  and
      Ren, Zhaochun",
    editor = "Bouamor, Houda  and
      Pino, Juan  and
      Bali, Kalika",
    booktitle = "Proceedings of the 2023 Conference on Empirical Methods in Natural Language Processing",
    month = dec,
    year = "2023",
    address = "Singapore",
    publisher = "Association for Computational Linguistics",
    _url = "https://aclanthology.org/2023.emnlp-main.923/",
    _doi = "10.18653/v1/2023.emnlp-main.923",
    pages = "14918--14937",
}

@inproceedings{wang-etal-2023-simlm,
    title = "{S}im{LM}: Pre-training with Representation Bottleneck for Dense Passage Retrieval",
    author = "Wang, Liang  and
      Yang, Nan  and
      Huang, Xiaolong  and
      Jiao, Binxing  and
      Yang, Linjun  and
      Jiang, Daxin  and
      Majumder, Rangan  and
      Wei, Furu",
    editor = "Rogers, Anna  and
      Boyd-Graber, Jordan  and
      Okazaki, Naoaki",
    booktitle = "Proceedings of the 61st Annual Meeting of the Association for Computational Linguistics (Volume 1: Long Papers)",
    month = jul,
    year = "2023",
    address = "Toronto, Canada",
    publisher = "Association for Computational Linguistics",
    _url = "https://aclanthology.org/2023.acl-long.125/",
    _doi = "10.18653/v1/2023.acl-long.125",
    pages = "2244--2258",
}

@inproceedings{wang-etal-2024-improving-text,
    title = "Improving Text Embeddings with Large Language Models",
    author = "Wang, Liang  and
      Yang, Nan  and
      Huang, Xiaolong  and
      Yang, Linjun  and
      Majumder, Rangan  and
      Wei, Furu",
    editor = "Ku, Lun-Wei  and
      Martins, Andre  and
      Srikumar, Vivek",
    booktitle = "Proceedings of the 62nd Annual Meeting of the Association for Computational Linguistics (Volume 1: Long Papers)",
    month = aug,
    year = "2024",
    address = "Bangkok, Thailand",
    publisher = "Association for Computational Linguistics",
    _url = "https://aclanthology.org/2024.acl-long.642/",
    _doi = "10.18653/v1/2024.acl-long.642",
    pages = "11897--11916",
}

@article{wang2024me5,
      title={Multilingual E5 Text Embeddings: A Technical Report}, 
      author={Liang Wang and Nan Yang and Xiaolong Huang and Linjun Yang and Rangan Majumder and Furu Wei},
      year={2024},
      journal={arXiv:2402.05672},
      _url={https://arxiv.org/abs/2402.05672}, 
}

@article{wang2024text,
      title={Text Embeddings by Weakly-Supervised Contrastive Pre-training}, 
      author={Liang Wang and Nan Yang and Xiaolong Huang and Binxing Jiao and Linjun Yang and Daxin Jiang and Rangan Majumder and Furu Wei},
      year={2024},
      journal={arXiv:2212.03533},
      _url={https://arxiv.org/abs/2212.03533}, 
}

@inproceedings{xiao-etal-2022-retromae,
    title = "{R}etro{MAE}: Pre-Training Retrieval-oriented Language Models Via Masked Auto-Encoder",
    author = "Xiao, Shitao  and
      Liu, Zheng  and
      Shao, Yingxia  and
      Cao, Zhao",
    editor = "Goldberg, Yoav  and
      Kozareva, Zornitsa  and
      Zhang, Yue",
    booktitle = "Proceedings of the 2022 Conference on Empirical Methods in Natural Language Processing",
    month = dec,
    year = "2022",
    address = "Abu Dhabi, United Arab Emirates",
    publisher = "Association for Computational Linguistics",
    _url = "https://aclanthology.org/2022.emnlp-main.35/",
    _doi = "10.18653/v1/2022.emnlp-main.35",
    pages = "538--548",
}

@article{yu2024arcticembed,
      title={Arctic-Embed 2.0: Multilingual Retrieval Without Compromise}, 
      author={Puxuan Yu and Luke Merrick and Gaurav Nuti and Daniel Campos},
      year={2024},
      journal={arXiv:2412.04506},
      _url={https://arxiv.org/abs/2412.04506}, 
}

@article{zhang2024mgte,
      title={mGTE: Generalized Long-Context Text Representation and Reranking Models for Multilingual Text Retrieval}, 
      author={Xin Zhang and Yanzhao Zhang and Dingkun Long and Wen Xie and Ziqi Dai and Jialong Tang and Huan Lin and Baosong Yang and Pengjun Xie and Fei Huang and Meishan Zhang and Wenjie Li and Min Zhang},
      year={2024},
      journal={arXiv:2407.19669},
      _url={https://arxiv.org/abs/2407.19669}, 
}

