@article{goodman,
  title   = {Seven strictures on similarity},
  author  = {Goodman, Nelson},
  year    = 1972,
  journal = {Problems and Projects},
  _url     = {https://philpapers.org/rec/GOOSSO}
}

@inproceedings{karpukhin-etal-2020-dense,
    title = "Dense Passage Retrieval for Open-Domain Question Answering",
    author = "Karpukhin, Vladimir  and
      Oguz, Barlas  and
      Min, Sewon  and
      Lewis, Patrick  and
      Wu, Ledell  and
      Edunov, Sergey  and
      Chen, Danqi  and
      Yih, Wen-tau",
    editor = "Webber, Bonnie  and
      Cohn, Trevor  and
      He, Yulan  and
      Liu, Yang",
    booktitle = "Proceedings of the 2020 Conference on Empirical Methods in Natural Language Processing (EMNLP)",
    month = nov,
    year = "2020",
    address = "Online",
    publisher = "Association for Computational Linguistics",
    _url = "https://aclanthology.org/2020.emnlp-main.550/",
    _doi = "10.18653/v1/2020.emnlp-main.550",
    pages = "6769--6781"
}


@inproceedings{devlin-etal-2019-bert,
    title = "{BERT}: Pre-training of Deep Bidirectional Transformers for Language Understanding",
    author = "Devlin, Jacob  and
      Chang, Ming-Wei  and
      Lee, Kenton  and
      Toutanova, Kristina",
    editor = "Burstein, Jill  and
      Doran, Christy  and
      Solorio, Thamar",
    booktitle = "Proceedings of the 2019 Conference of the North {A}merican Chapter of the Association for Computational Linguistics: Human Language Technologies, Volume 1 (Long and Short Papers)",
    month = jun,
    year = "2019",
    address = "Minneapolis, Minnesota",
    publisher = "Association for Computational Linguistics",
    _url = "https://aclanthology.org/N19-1423/",
    _doi = "10.18653/v1/N19-1423",
    pages = "4171--4186",
}

@article{robertson2009bm25,
  author    = {Stephen E. Robertson and
               Hugo Zaragoza},
  title     = {The Probabilistic Relevance Framework: {BM25} and Beyond},
  journal   = {Foundations and Trends in Information Retrieval},
  volume    = {3},
  number    = {4},
  pages     = {333--389},
  year      = {2009},
  _url_       = {https://_doi.org/10.1561/1500000019},
  _doi_       = {10.1561/1500000019},
  timestamp = {Thu, 12 Mar 2020 15:55:10 +0100},
  bib_url_    = {https://dblp.org/rec/journals/ftir/RobertsonZ09.bib},
  bibsource = {dblp computer science bibliography, https://dblp.org}
}

@inproceedings{
thakur2021beir,
title={{BEIR}: A Heterogeneous Benchmark for Zero-shot Evaluation of Information Retrieval Models},
author={Nandan Thakur and Nils Reimers and Andreas R{\"u}ckl{\'e} and Abhishek Srivastava and Iryna Gurevych},
booktitle={Thirty-fifth Conference on Neural Information Processing Systems Datasets and Benchmarks Track (Round 2)},
year={2021},
_url={https://openreview.net/forum?id=wCu6T5xFjeJ}
}

@inproceedings{gao-callan-2021-condenser,
    title = "Condenser: a Pre-training Architecture for Dense Retrieval",
    author = "Gao, Luyu  and
      Callan, Jamie",
    editor = "Moens, Marie-Francine  and
      Huang, Xuanjing  and
      Specia, Lucia  and
      Yih, Scott Wen-tau",
    booktitle = "Proceedings of the 2021 Conference on Empirical Methods in Natural Language Processing",
    month = nov,
    year = "2021",
    address = "Online and Punta Cana, Dominican Republic",
    publisher = "Association for Computational Linguistics",
    _url = "https://aclanthology.org/2021.emnlp-main.75/",
    _doi = "10.18653/v1/2021.emnlp-main.75",
    pages = "981--993",
}

@inproceedings{xiao-etal-2022-retromae,
    title = "{R}etro{MAE}: Pre-Training Retrieval-oriented Language Models Via Masked Auto-Encoder",
    author = "Xiao, Shitao  and
      Liu, Zheng  and
      Shao, Yingxia  and
      Cao, Zhao",
    editor = "Goldberg, Yoav  and
      Kozareva, Zornitsa  and
      Zhang, Yue",
    booktitle = "Proceedings of the 2022 Conference on Empirical Methods in Natural Language Processing",
    month = dec,
    year = "2022",
    address = "Abu Dhabi, United Arab Emirates",
    publisher = "Association for Computational Linguistics",
    _url = "https://aclanthology.org/2022.emnlp-main.35/",
    _doi = "10.18653/v1/2022.emnlp-main.35",
    pages = "538--548",
}

@inproceedings{wang-etal-2023-simlm,
    title = "{S}im{LM}: Pre-training with Representation Bottleneck for Dense Passage Retrieval",
    author = "Wang, Liang  and
      Yang, Nan  and
      Huang, Xiaolong  and
      Jiao, Binxing  and
      Yang, Linjun  and
      Jiang, Daxin  and
      Majumder, Rangan  and
      Wei, Furu",
    editor = "Rogers, Anna  and
      Boyd-Graber, Jordan  and
      Okazaki, Naoaki",
    booktitle = "Proceedings of the 61st Annual Meeting of the Association for Computational Linguistics (Volume 1: Long Papers)",
    month = jul,
    year = "2023",
    address = "Toronto, Canada",
    publisher = "Association for Computational Linguistics",
    _url = "https://aclanthology.org/2023.acl-long.125/",
    _doi = "10.18653/v1/2023.acl-long.125",
    pages = "2244--2258",
}

@article{izacard2022unsup,
      title={Unsupervised Dense Information Retrieval with Contrastive Learning}, 
      author={Gautier Izacard and Mathilde Caron and Lucas Hosseini and Sebastian Riedel and Piotr Bojanowski and Armand Joulin and Edouard Grave},
      year={2022},
      journal={arXiv:2112.09118},
      _url={https://arxiv.org/abs/2112.09118}, 
}

@inproceedings{ni-etal-2022-large,
    title = "Large Dual Encoders Are Generalizable Retrievers",
    author = "Ni, Jianmo  and
      Qu, Chen  and
      Lu, Jing  and
      Dai, Zhuyun  and
      Hernandez Abrego, Gustavo  and
      Ma, Ji  and
      Zhao, Vincent  and
      Luan, Yi  and
      Hall, Keith  and
      Chang, Ming-Wei  and
      Yang, Yinfei",
    editor = "Goldberg, Yoav  and
      Kozareva, Zornitsa  and
      Zhang, Yue",
    booktitle = "Proceedings of the 2022 Conference on Empirical Methods in Natural Language Processing",
    month = dec,
    year = "2022",
    address = "Abu Dhabi, United Arab Emirates",
    publisher = "Association for Computational Linguistics",
    _url = "https://aclanthology.org/2022.emnlp-main.669/",
    _doi = "10.18653/v1/2022.emnlp-main.669",
    pages = "9844--9855",
}

@article{li2023generaltextembeddingsmultistage,
      title={Towards General Text Embeddings with Multi-stage Contrastive Learning}, 
      author={Zehan Li and Xin Zhang and Yanzhao Zhang and Dingkun Long and Pengjun Xie and Meishan Zhang},
      year={2023},
      journal={arXiv:2308.03281},
      _url={https://arxiv.org/abs/2308.03281}, 
}

@article{wang2024text,
      title={Text Embeddings by Weakly-Supervised Contrastive Pre-training}, 
      author={Liang Wang and Nan Yang and Xiaolong Huang and Binxing Jiao and Linjun Yang and Daxin Jiang and Rangan Majumder and Furu Wei},
      year={2024},
      journal={arXiv:2212.03533},
      _url={https://arxiv.org/abs/2212.03533}, 
}

@article{nussbaum2024nomic,
      title={Nomic Embed: Training a Reproducible Long Context Text Embedder}, 
      author={Zach Nussbaum and John X. Morris and Brandon Duderstadt and Andriy Mulyar},
      year={2024},
      journal={arXiv:2402.01613},
      _url={https://arxiv.org/abs/2402.01613}, 
}

@article{yu2024arcticembed,
      title={Arctic-Embed 2.0: Multilingual Retrieval Without Compromise}, 
      author={Puxuan Yu and Luke Merrick and Gaurav Nuti and Daniel Campos},
      year={2024},
      journal={arXiv:2412.04506},
      _url={https://arxiv.org/abs/2412.04506}, 
}

@inproceedings{wang-etal-2024-improving-text,
    title = "Improving Text Embeddings with Large Language Models",
    author = "Wang, Liang  and
      Yang, Nan  and
      Huang, Xiaolong  and
      Yang, Linjun  and
      Majumder, Rangan  and
      Wei, Furu",
    editor = "Ku, Lun-Wei  and
      Martins, Andre  and
      Srikumar, Vivek",
    booktitle = "Proceedings of the 62nd Annual Meeting of the Association for Computational Linguistics (Volume 1: Long Papers)",
    month = aug,
    year = "2024",
    address = "Bangkok, Thailand",
    publisher = "Association for Computational Linguistics",
    _url = "https://aclanthology.org/2024.acl-long.642/",
    _doi = "10.18653/v1/2024.acl-long.642",
    pages = "11897--11916",
}


@article{lee2024gecko,
      title={Gecko: Versatile Text Embeddings Distilled from Large Language Models}, 
      author={Jinhyuk Lee and Zhuyun Dai and Xiaoqi Ren and Blair Chen and Daniel Cer and Jeremy R. Cole and Kai Hui and Michael Boratko and Rajvi Kapadia and Wen Ding and Yi Luan and Sai Meher Karthik Duddu and Gustavo Hernandez Abrego and Weiqiang Shi and Nithi Gupta and Aditya Kusupati and Prateek Jain and Siddhartha Reddy Jonnalagadda and Ming-Wei Chang and Iftekhar Naim},
      year={2024},
      journal={arXiv:2403.20327},
      primaryClass={cs.CL},
      _url={https://arxiv.org/abs/2403.20327}, 
}

@inproceedings{ma2024repllama,
author = {Ma, Xueguang and Wang, Liang and Yang, Nan and Wei, Furu and Lin, Jimmy},
title = {Fine-Tuning LLaMA for Multi-Stage Text Retrieval},
year = {2024},
isbn = {9798400704314},
publisher = {Association for Computing Machinery},
address = {New York, NY, USA},
_url = {https://_doi.org/10.1145/3626772.3657951},
_doi = {10.1145/3626772.3657951},
booktitle = {Proceedings of the 47th International ACM SIGIR Conference on Research and Development in Information Retrieval},
pages = {2421â€“2425},
numpages = {5},
keywords = {dense retrieval, large language model, reranker},
location = {Washington DC, USA},
series = {SIGIR '24}
}

@article{muennighoff2024generative,
      title={Generative Representational Instruction Tuning}, 
      author={Niklas Muennighoff and Hongjin Su and Liang Wang and Nan Yang and Furu Wei and Tao Yu and Amanpreet Singh and Douwe Kiela},
      year={2024},
      journal={arXiv:2402.09906},
      _url={https://arxiv.org/abs/2402.09906}
}

@inproceedings{sun-etal-2023-chatgpt,
    title = "Is {C}hat{GPT} Good at Search? Investigating Large Language Models as Re-Ranking Agents",
    author = "Sun, Weiwei  and
      Yan, Lingyong  and
      Ma, Xinyu  and
      Wang, Shuaiqiang  and
      Ren, Pengjie  and
      Chen, Zhumin  and
      Yin, Dawei  and
      Ren, Zhaochun",
    editor = "Bouamor, Houda  and
      Pino, Juan  and
      Bali, Kalika",
    booktitle = "Proceedings of the 2023 Conference on Empirical Methods in Natural Language Processing",
    month = dec,
    year = "2023",
    address = "Singapore",
    publisher = "Association for Computational Linguistics",
    _url = "https://aclanthology.org/2023.emnlp-main.923/",
    _doi = "10.18653/v1/2023.emnlp-main.923",
    pages = "14918--14937",
}


@article{li2024making,
      title={Making Text Embedders Few-Shot Learners}, 
      author={Chaofan Li and MingHao Qin and Shitao Xiao and Jianlyu Chen and Kun Luo and Yingxia Shao and Defu Lian and Zheng Liu},
      year={2024},
      journal={arXiv:2409.15700},
      _url={https://arxiv.org/abs/2409.15700}, 
}

@inproceedings{
behnamghader2024llmvec,
title={{LLM}2Vec: Large Language Models Are Secretly Powerful Text Encoders},
author={Parishad BehnamGhader and Vaibhav Adlakha and Marius Mosbach and Dzmitry Bahdanau and Nicolas Chapados and Siva Reddy},
booktitle={First Conference on Language Modeling},
year={2024},
_url={https://openreview.net/forum?id=IW1PR7vEBf}
}


@article{warner2024modernbert,
      title={Smarter, Better, Faster, Longer: A Modern Bidirectional Encoder for Fast, Memory Efficient, and Long Context Finetuning and Inference}, 
      author={Benjamin Warner and Antoine Chaffin and Benjamin ClaviÃ© and Orion Weller and Oskar HallstrÃ¶m and Said Taghadouini and Alexis Gallagher and Raja Biswas and Faisal Ladhak and Tom Aarsen and Nathan Cooper and Griffin Adams and Jeremy Howard and Iacopo Poli},
      year={2024},
      journal={arXiv:2412.13663},
      _url={https://arxiv.org/abs/2412.13663}, 
}

@inproceedings{chen-etal-2024-m3,
    title = "{M}3-Embedding: Multi-Linguality, Multi-Functionality, Multi-Granularity Text Embeddings Through Self-Knowledge Distillation",
    author = "Chen, Jianlyu  and
      Xiao, Shitao  and
      Zhang, Peitian  and
      Luo, Kun  and
      Lian, Defu  and
      Liu, Zheng",
    editor = "Ku, Lun-Wei  and
      Martins, Andre  and
      Srikumar, Vivek",
    booktitle = "Findings of the Association for Computational Linguistics: ACL 2024",
    month = aug,
    year = "2024",
    address = "Bangkok, Thailand",
    publisher = "Association for Computational Linguistics",
    _url = "https://aclanthology.org/2024.findings-acl.137/",
    _doi = "10.18653/v1/2024.findings-acl.137",
    pages = "2318--2335",
}

@article{miracl,
    author = {Zhang, Xinyu and Thakur, Nandan and Ogundepo, Odunayo and Kamalloo, Ehsan and Alfonso-Hermelo, David and Li, Xiaoguang and Liu, Qun and Rezagholizadeh, Mehdi and Lin, Jimmy},
    title = {MIRACL: A Multilingual Retrieval Dataset Covering 18 Diverse Languages},
    journal = {Transactions of the Association for Computational Linguistics},
    volume = {11},
    pages = {1114-1131},
    year = {2023},
    month = {09},
    issn = {2307-387X},
    _doi = {10.1162/tacl_a_00595},
    _url = {https://_doi.org/10.1162/tacl\_a\_00595},
    _eprint = {https://direct.mit.edu/tacl/article-pdf/_doi/10.1162/tacl\_a\_00595/2157340/tacl\_a\_00595.pdf},
}


@inproceedings{luo-etal-2024-large,
    title = "Large Language Models as Foundations for Next-Gen Dense Retrieval: A Comprehensive Empirical Assessment",
    author = "Luo, Kun  and
      Qin, Minghao  and
      Liu, Zheng  and
      Xiao, Shitao  and
      Zhao, Jun  and
      Liu, Kang",
    editor = "Al-Onaizan, Yaser  and
      Bansal, Mohit  and
      Chen, Yun-Nung",
    booktitle = "Proceedings of the 2024 Conference on Empirical Methods in Natural Language Processing",
    month = nov,
    year = "2024",
    address = "Miami, Florida, USA",
    publisher = "Association for Computational Linguistics",
    _url = "https://aclanthology.org/2024.emnlp-main.80/",
    _doi = "10.18653/v1/2024.emnlp-main.80",
    pages = "1354--1365",
}

@article{springer2024repetition,
  title={Repetition Improves Language Model Embeddings},
  author={Springer, Jacob Mitchell and Kotha, Suhas and Fried, Daniel and Neubig, Graham and Raghunathan, Aditi},
  journal={arXiv:2402.15449},
  year={2024}
}

@article{ma2023zeroshot,
      title={Zero-Shot Listwise Document Reranking with a Large Language Model}, 
      author={Xueguang Ma and Xinyu Zhang and Ronak Pradeep and Jimmy Lin},
      year={2023},
      journal={arXiv:2305.02156},
      _url={https://arxiv.org/abs/2305.02156}, 
}

@article{touvron2023llama2openfoundation,
      title={Llama 2: Open Foundation and Fine-Tuned Chat Models}, 
      author={Hugo Touvron and Louis Martin and Kevin Stone and Peter Albert and Amjad Almahairi and Yasmine Babaei and Nikolay Bashlykov and Soumya Batra and Prajjwal Bhargava and Shruti Bhosale and Dan Bikel and Lukas Blecher and Cristian Canton Ferrer and Moya Chen and Guillem Cucurull and David Esiobu and Jude Fernandes and Jeremy Fu and Wenyin Fu and Brian Fuller and Cynthia Gao and Vedanuj Goswami and Naman Goyal and Anthony Hartshorn and Saghar Hosseini and Rui Hou and Hakan Inan and Marcin Kardas and Viktor Kerkez and Madian Khabsa and Isabel Kloumann and Artem Korenev and Punit Singh Koura and Marie-Anne Lachaux and Thibaut Lavril and Jenya Lee and Diana Liskovich and Yinghai Lu and Yuning Mao and Xavier Martinet and Todor Mihaylov and Pushkar Mishra and Igor Molybog and Yixin Nie and Andrew Poulton and Jeremy Reizenstein and Rashi Rungta and Kalyan Saladi and Alan Schelten and Ruan Silva and Eric Michael Smith and Ranjan Subramanian and Xiaoqing Ellen Tan and Binh Tang and Ross Taylor and Adina Williams and Jian Xiang Kuan and Puxin Xu and Zheng Yan and Iliyan Zarov and Yuchen Zhang and Angela Fan and Melanie Kambadur and Sharan Narang and Aurelien Rodriguez and Robert Stojnic and Sergey Edunov and Thomas Scialom},
      year={2023},
      journal={arXiv:2307.09288},
      _url={https://arxiv.org/abs/2307.09288}, 
}


@inproceedings{lin-etal-2023-train,
    title = "How to Train Your Dragon: Diverse Augmentation Towards Generalizable Dense Retrieval",
    author = "Lin, Sheng-Chieh  and
      Asai, Akari  and
      Li, Minghan  and
      Oguz, Barlas  and
      Lin, Jimmy  and
      Mehdad, Yashar  and
      Yih, Wen-tau  and
      Chen, Xilun",
    editor = "Bouamor, Houda  and
      Pino, Juan  and
      Bali, Kalika",
    booktitle = "Findings of the Association for Computational Linguistics: EMNLP 2023",
    year = "2023",
    address = "Singapore",
    publisher = "Association for Computational Linguistics",
    _url = "https://aclanthology.org/2023.findings-emnlp.423/",
    _doi = "10.18653/v1/2023.findings-emnlp.423",
    pages = "6385--6400",
}

@article{weller2024promptriever,
      title={Promptriever: Instruction-Trained Retrievers Can Be Prompted Like Language Models}, 
      author={Orion Weller and Benjamin Van Durme and Dawn Lawrie and Ashwin Paranjape and Yuhao Zhang and Jack Hessel},
      year={2024},
      journal={arXiv:2409.11136},
      _url={https://arxiv.org/abs/2409.11136}, 
}

@article{bajaj2018msmarcohumangenerated,
      title={MS MARCO: A Human Generated MAchine Reading COmprehension Dataset}, 
      author={Payal Bajaj and Daniel Campos and Nick Craswell and Li Deng and Jianfeng Gao and Xiaodong Liu and Rangan Majumder and Andrew McNamara and Bhaskar Mitra and Tri Nguyen and Mir Rosenberg and Xia Song and Alina Stoica and Saurabh Tiwary and Tong Wang},
      year={2018},
      journal={arXiv:1611.09268},
      _url={https://arxiv.org/abs/1611.09268}, 
}

@article{ciancone2024mtebfr,
      title={MTEB-French: Resources for French Sentence Embedding Evaluation and Analysis}, 
      author={Mathieu Ciancone and Imene Kerboua and Marion Schaeffer and Wissam Siblini},
      year={2024},
      journal={arXiv:2405.20468},
      _url={https://arxiv.org/abs/2405.20468}, 
}

@article{xiao2024cpack,
      title={C-Pack: Packed Resources For General Chinese Embeddings}, 
      author={Shitao Xiao and Zheng Liu and Peitian Zhang and Niklas Muennighoff and Defu Lian and Jian-Yun Nie},
      year={2024},
      journal={arXiv:2309.07597},
      _url={https://arxiv.org/abs/2309.07597}, 
}


@article{zhang2024mgte,
      title={mGTE: Generalized Long-Context Text Representation and Reranking Models for Multilingual Text Retrieval}, 
      author={Xin Zhang and Yanzhao Zhang and Dingkun Long and Wen Xie and Ziqi Dai and Jialong Tang and Huan Lin and Baosong Yang and Pengjun Xie and Fei Huang and Meishan Zhang and Wenjie Li and Min Zhang},
      year={2024},
      journal={arXiv:2407.19669},
      _url={https://arxiv.org/abs/2407.19669}, 
}

@article{morris2024cde,
      title={Contextual Document Embeddings}, 
      author={John X. Morris and Alexander M. Rush},
      year={2024},
      journal={arXiv:2410.02525},
      _url={https://arxiv.org/abs/2410.02525}, 
}

@article{wang2024me5,
      title={Multilingual E5 Text Embeddings: A Technical Report}, 
      author={Liang Wang and Nan Yang and Xiaolong Huang and Linjun Yang and Rangan Majumder and Furu Wei},
      year={2024},
      journal={arXiv:2402.05672},
      _url={https://arxiv.org/abs/2402.05672}, 
}

@article{bonifacio2022inpars,
      title={InPars: Data Augmentation for Information Retrieval using Large Language Models}, 
      author={Luiz Bonifacio and Hugo Abonizio and Marzieh Fadaee and Rodrigo Nogueira},
      year={2022},
      journal={arXiv:2202.05144},
      _url={https://arxiv.org/abs/2202.05144}, 
}

@inproceedings{promptagator,
  author={Zhuyun Dai and Vincent Y. Zhao and Ji Ma and Yi Luan and Jianmo Ni and Jing Lu and Anton Bakalov and Kelvin Guu and Keith B. Hall and Ming-Wei Chang},
  title={Promptagator: Few-shot Dense Retrieval From 8 Examples},
  year={2023},
  cdate={1672531200000},
  _url={https://openreview.net/pdf?id=gmL46YMpu2J},
  booktitle={ICLR},
}

@article{muennighoff2022mteb,
  _doi = {10.48550/ARXIV.2210.07316},
  _url = {https://arxiv.org/abs/2210.07316},
  author = {Muennighoff, Niklas and Tazi, Nouamane and Magne, Lo{\"\i}c and Reimers, Nils},
  title = {MTEB: Massive Text Embedding Benchmark},
  publisher = {arXiv},
  journal={arXiv:2210.07316},  
  year = {2022}
}

@article{oord2019infonce,
      title={Representation Learning with Contrastive Predictive Coding}, 
      author={Aaron van den Oord and Yazhe Li and Oriol Vinyals},
      year={2019},
      journal={arXiv:1807.03748},
      _url={https://arxiv.org/abs/1807.03748}, 
}

@inproceedings{chen-etal-2022-salient,
    title = "Salient Phrase Aware Dense Retrieval: Can a Dense Retriever Imitate a Sparse One?",
    author = "Chen, Xilun  and
      Lakhotia, Kushal  and
      Oguz, Barlas  and
      Gupta, Anchit  and
      Lewis, Patrick  and
      Peshterliev, Stan  and
      Mehdad, Yashar  and
      Gupta, Sonal  and
      Yih, Wen-tau",
    editor = "Goldberg, Yoav  and
      Kozareva, Zornitsa  and
      Zhang, Yue",
    booktitle = "Findings of the Association for Computational Linguistics: EMNLP 2022",
    month = dec,
    year = "2022",
    address = "Abu Dhabi, United Arab Emirates",
    publisher = "Association for Computational Linguistics",
    _url = "https://aclanthology.org/2022.findings-emnlp.19/",
    _doi = "10.18653/v1/2022.findings-emnlp.19",
    pages = "250--262",
}

@inproceedings{
    xia2024sheared,
    title={Sheared {LL}a{MA}: Accelerating Language Model Pre-training via Structured Pruning},
    author={Mengzhou Xia and Tianyu Gao and Zhiyuan Zeng and Danqi Chen},
    booktitle={The Twelfth International Conference on Learning Representations},
    year={2024},
    _url={https://openreview.net/forum?id=09iOdaeOzp}
}

@inproceedings{kusupati2022matryoshka,
  title     = {Matryoshka Representation Learning},
  author    = {Kusupati, Aditya and Bhatt, Gantavya and Rege, Aniket and Wallingford, Matthew and Sinha, Aditya and Ramanujan, Vivek and Howard-Snyder, William and Chen, Kaifeng and Kakade, Sham and Jain, Prateek and others},
  booktitle = {Advances in Neural Information Processing Systems},
  month     = {December},
  year      = {2022},
}

@inproceedings{
lee2025nvembed,
title={{NV}-Embed: Improved Techniques for Training {LLM}s as Generalist Embedding Models},
author={Chankyu Lee and Rajarshi Roy and Mengyao Xu and Jonathan Raiman and Mohammad Shoeybi and Bryan Catanzaro and Wei Ping},
booktitle={The Thirteenth International Conference on Learning Representations},
year={2025},
_url={https://openreview.net/forum?id=lgsyLSsDRe}
}


@article{zhang2025jasperstelladistillationsota,
      title={{J}asper and {S}tella: distillation of SOTA embedding models}, 
      author={Dun Zhang and Jiacheng Li and Ziyang Zeng and Fulong Wang},
      year={2025},
      journal={arXiv:2412.19048},
      _url={https://arxiv.org/abs/2412.19048}, 
}

@misc{llama3,
      title={The Llama 3 Herd of Models}, 
      author={Aaron Grattafiori and Abhimanyu Dubey and Abhinav Jauhri and Abhinav Pandey and Abhishek Kadian and Ahmad Al-Dahle and Aiesha Letman and Akhil Mathur and Alan Schelten and Alex Vaughan and Amy Yang and Angela Fan and Anirudh Goyal and Anthony Hartshorn and Aobo Yang and Archi Mitra and Archie Sravankumar and Artem Korenev and Arthur Hinsvark and Arun Rao and Aston Zhang and Aurelien Rodriguez and Austen Gregerson and Ava Spataru and Baptiste Roziere and Bethany Biron and Binh Tang and Bobbie Chern and Charlotte Caucheteux and Chaya Nayak and Chloe Bi and Chris Marra and Chris McConnell and Christian Keller and Christophe Touret and Chunyang Wu and Corinne Wong and Cristian Canton Ferrer and Cyrus Nikolaidis and Damien Allonsius and Daniel Song and Danielle Pintz and Danny Livshits and Danny Wyatt and David Esiobu and Dhruv Choudhary and Dhruv Mahajan and Diego Garcia-Olano and Diego Perino and Dieuwke Hupkes and Egor Lakomkin and Ehab AlBadawy and Elina Lobanova and Emily Dinan and Eric Michael Smith and Filip Radenovic and Francisco GuzmÃ¡n and Frank Zhang and Gabriel Synnaeve and Gabrielle Lee and Georgia Lewis Anderson and Govind Thattai and Graeme Nail and Gregoire Mialon and Guan Pang and Guillem Cucurell and Hailey Nguyen and Hannah Korevaar and Hu Xu and Hugo Touvron and Iliyan Zarov and Imanol Arrieta Ibarra and Isabel Kloumann and Ishan Misra and Ivan Evtimov and Jack Zhang and Jade Copet and Jaewon Lee and Jan Geffert and Jana Vranes and Jason Park and Jay Mahadeokar and Jeet Shah and Jelmer van der Linde and Jennifer Billock and Jenny Hong and Jenya Lee and Jeremy Fu and Jianfeng Chi and Jianyu Huang and Jiawen Liu and Jie Wang and Jiecao Yu and Joanna Bitton and Joe Spisak and Jongsoo Park and Joseph Rocca and Joshua Johnstun and Joshua Saxe and Junteng Jia and Kalyan Vasuden Alwala and Karthik Prasad and Kartikeya Upasani and Kate Plawiak and Ke Li and Kenneth Heafield and Kevin Stone and Khalid El-Arini and Krithika Iyer and Kshitiz Malik and Kuenley Chiu and Kunal Bhalla and Kushal Lakhotia and Lauren Rantala-Yeary and Laurens van der Maaten and Lawrence Chen and Liang Tan and Liz Jenkins and Louis Martin and Lovish Madaan and Lubo Malo and Lukas Blecher and Lukas Landzaat and Luke de Oliveira and Madeline Muzzi and Mahesh Pasupuleti and Mannat Singh and Manohar Paluri and Marcin Kardas and Maria Tsimpoukelli and Mathew Oldham and Mathieu Rita and Maya Pavlova and Melanie Kambadur and Mike Lewis and Min Si and Mitesh Kumar Singh and Mona Hassan and Naman Goyal and Narjes Torabi and Nikolay Bashlykov and Nikolay Bogoychev and Niladri Chatterji and Ning Zhang and Olivier Duchenne and Onur Ã‡elebi and Patrick Alrassy and Pengchuan Zhang and Pengwei Li and Petar Vasic and Peter Weng and Prajjwal Bhargava and Pratik Dubal and Praveen Krishnan and Punit Singh Koura and Puxin Xu and Qing He and Qingxiao Dong and Ragavan Srinivasan and Raj Ganapathy and Ramon Calderer and Ricardo Silveira Cabral and Robert Stojnic and Roberta Raileanu and Rohan Maheswari and Rohit Girdhar and Rohit Patel and Romain Sauvestre and Ronnie Polidoro and Roshan Sumbaly and Ross Taylor and Ruan Silva and Rui Hou and Rui Wang and Saghar Hosseini and Sahana Chennabasappa and Sanjay Singh and Sean Bell and Seohyun Sonia Kim and Sergey Edunov and Shaoliang Nie and Sharan Narang and Sharath Raparthy and Sheng Shen and Shengye Wan and Shruti Bhosale and Shun Zhang and Simon Vandenhende and Soumya Batra and Spencer Whitman and Sten Sootla and Stephane Collot and Suchin Gururangan and Sydney Borodinsky and Tamar Herman and Tara Fowler and Tarek Sheasha and Thomas Georgiou and Thomas Scialom and Tobias Speckbacher and Todor Mihaylov and Tong Xiao and Ujjwal Karn and Vedanuj Goswami and Vibhor Gupta and Vignesh Ramanathan and Viktor Kerkez and Vincent Gonguet and Virginie Do and Vish Vogeti and VÃ­tor Albiero and Vladan Petrovic and Weiwei Chu and Wenhan Xiong and Wenyin Fu and Whitney Meers and Xavier Martinet and Xiaodong Wang and Xiaofang Wang and Xiaoqing Ellen Tan and Xide Xia and Xinfeng Xie and Xuchao Jia and Xuewei Wang and Yaelle Goldschlag and Yashesh Gaur and Yasmine Babaei and Yi Wen and Yiwen Song and Yuchen Zhang and Yue Li and Yuning Mao and Zacharie Delpierre Coudert and Zheng Yan and Zhengxing Chen and Zoe Papakipos and Aaditya Singh and Aayushi Srivastava and Abha Jain and Adam Kelsey and Adam Shajnfeld and Adithya Gangidi and Adolfo Victoria and Ahuva Goldstand and Ajay Menon and Ajay Sharma and Alex Boesenberg and Alexei Baevski and Allie Feinstein and Amanda Kallet and Amit Sangani and Amos Teo and Anam Yunus and Andrei Lupu and Andres Alvarado and Andrew Caples and Andrew Gu and Andrew Ho and Andrew Poulton and Andrew Ryan and Ankit Ramchandani and Annie Dong and Annie Franco and Anuj Goyal and Aparajita Saraf and Arkabandhu Chowdhury and Ashley Gabriel and Ashwin Bharambe and Assaf Eisenman and Azadeh Yazdan and Beau James and Ben Maurer and Benjamin Leonhardi and Bernie Huang and Beth Loyd and Beto De Paola and Bhargavi Paranjape and Bing Liu and Bo Wu and Boyu Ni and Braden Hancock and Bram Wasti and Brandon Spence and Brani Stojkovic and Brian Gamido and Britt Montalvo and Carl Parker and Carly Burton and Catalina Mejia and Ce Liu and Changhan Wang and Changkyu Kim and Chao Zhou and Chester Hu and Ching-Hsiang Chu and Chris Cai and Chris Tindal and Christoph Feichtenhofer and Cynthia Gao and Damon Civin and Dana Beaty and Daniel Kreymer and Daniel Li and David Adkins and David Xu and Davide Testuggine and Delia David and Devi Parikh and Diana Liskovich and Didem Foss and Dingkang Wang and Duc Le and Dustin Holland and Edward Dowling and Eissa Jamil and Elaine Montgomery and Eleonora Presani and Emily Hahn and Emily Wood and Eric-Tuan Le and Erik Brinkman and Esteban Arcaute and Evan Dunbar and Evan Smothers and Fei Sun and Felix Kreuk and Feng Tian and Filippos Kokkinos and Firat Ozgenel and Francesco Caggioni and Frank Kanayet and Frank Seide and Gabriela Medina Florez and Gabriella Schwarz and Gada Badeer and Georgia Swee and Gil Halpern and Grant Herman and Grigory Sizov and Guangyi and Zhang and Guna Lakshminarayanan and Hakan Inan and Hamid Shojanazeri and Han Zou and Hannah Wang and Hanwen Zha and Haroun Habeeb and Harrison Rudolph and Helen Suk and Henry Aspegren and Hunter Goldman and Hongyuan Zhan and Ibrahim Damlaj and Igor Molybog and Igor Tufanov and Ilias Leontiadis and Irina-Elena Veliche and Itai Gat and Jake Weissman and James Geboski and James Kohli and Janice Lam and Japhet Asher and Jean-Baptiste Gaya and Jeff Marcus and Jeff Tang and Jennifer Chan and Jenny Zhen and Jeremy Reizenstein and Jeremy Teboul and Jessica Zhong and Jian Jin and Jingyi Yang and Joe Cummings and Jon Carvill and Jon Shepard and Jonathan McPhie and Jonathan Torres and Josh Ginsburg and Junjie Wang and Kai Wu and Kam Hou U and Karan Saxena and Kartikay Khandelwal and Katayoun Zand and Kathy Matosich and Kaushik Veeraraghavan and Kelly Michelena and Keqian Li and Kiran Jagadeesh and Kun Huang and Kunal Chawla and Kyle Huang and Lailin Chen and Lakshya Garg and Lavender A and Leandro Silva and Lee Bell and Lei Zhang and Liangpeng Guo and Licheng Yu and Liron Moshkovich and Luca Wehrstedt and Madian Khabsa and Manav Avalani and Manish Bhatt and Martynas Mankus and Matan Hasson and Matthew Lennie and Matthias Reso and Maxim Groshev and Maxim Naumov and Maya Lathi and Meghan Keneally and Miao Liu and Michael L. Seltzer and Michal Valko and Michelle Restrepo and Mihir Patel and Mik Vyatskov and Mikayel Samvelyan and Mike Clark and Mike Macey and Mike Wang and Miquel Jubert Hermoso and Mo Metanat and Mohammad Rastegari and Munish Bansal and Nandhini Santhanam and Natascha Parks and Natasha White and Navyata Bawa and Nayan Singhal and Nick Egebo and Nicolas Usunier and Nikhil Mehta and Nikolay Pavlovich Laptev and Ning Dong and Norman Cheng and Oleg Chernoguz and Olivia Hart and Omkar Salpekar and Ozlem Kalinli and Parkin Kent and Parth Parekh and Paul Saab and Pavan Balaji and Pedro Rittner and Philip Bontrager and Pierre Roux and Piotr Dollar and Polina Zvyagina and Prashant Ratanchandani and Pritish Yuvraj and Qian Liang and Rachad Alao and Rachel Rodriguez and Rafi Ayub and Raghotham Murthy and Raghu Nayani and Rahul Mitra and Rangaprabhu Parthasarathy and Raymond Li and Rebekkah Hogan and Robin Battey and Rocky Wang and Russ Howes and Ruty Rinott and Sachin Mehta and Sachin Siby and Sai Jayesh Bondu and Samyak Datta and Sara Chugh and Sara Hunt and Sargun Dhillon and Sasha Sidorov and Satadru Pan and Saurabh Mahajan and Saurabh Verma and Seiji Yamamoto and Sharadh Ramaswamy and Shaun Lindsay and Shaun Lindsay and Sheng Feng and Shenghao Lin and Shengxin Cindy Zha and Shishir Patil and Shiva Shankar and Shuqiang Zhang and Shuqiang Zhang and Sinong Wang and Sneha Agarwal and Soji Sajuyigbe and Soumith Chintala and Stephanie Max and Stephen Chen and Steve Kehoe and Steve Satterfield and Sudarshan Govindaprasad and Sumit Gupta and Summer Deng and Sungmin Cho and Sunny Virk and Suraj Subramanian and Sy Choudhury and Sydney Goldman and Tal Remez and Tamar Glaser and Tamara Best and Thilo Koehler and Thomas Robinson and Tianhe Li and Tianjun Zhang and Tim Matthews and Timothy Chou and Tzook Shaked and Varun Vontimitta and Victoria Ajayi and Victoria Montanez and Vijai Mohan and Vinay Satish Kumar and Vishal Mangla and Vlad Ionescu and Vlad Poenaru and Vlad Tiberiu Mihailescu and Vladimir Ivanov and Wei Li and Wenchen Wang and Wenwen Jiang and Wes Bouaziz and Will Constable and Xiaocheng Tang and Xiaojian Wu and Xiaolan Wang and Xilun Wu and Xinbo Gao and Yaniv Kleinman and Yanjun Chen and Ye Hu and Ye Jia and Ye Qi and Yenda Li and Yilin Zhang and Ying Zhang and Yossi Adi and Youngjin Nam and Yu and Wang and Yu Zhao and Yuchen Hao and Yundi Qian and Yunlu Li and Yuzi He and Zach Rait and Zachary DeVito and Zef Rosnbrick and Zhaoduo Wen and Zhenyu Yang and Zhiwei Zhao and Zhiyu Ma},
      year={2024},
      eprint={2407.21783},
      archivePrefix={arXiv},
      primaryClass={cs.AI},
      _url={https://arxiv.org/abs/2407.21783}, 
}

@inproceedings{
enevoldsen2025mmteb,
title={{MMTEB}: Massive Multilingual Text Embedding Benchmark},
author={Kenneth Enevoldsen and Isaac Chung and Imene Kerboua and M{\'a}rton Kardos and Ashwin Mathur and David Stap and Jay Gala and Wissam Siblini and Dominik Krzemi{\'n}ski and Genta Indra Winata and Saba Sturua and Saiteja Utpala and Mathieu Ciancone and Marion Schaeffer and Diganta Misra and Shreeya Dhakal and Jonathan Rystr{\o}m and Roman Solomatin and {\"O}mer Veysel {\c{C}}a{\u{g}}atan and Akash Kundu and Martin Bernstorff and Shitao Xiao and Akshita Sukhlecha and Bhavish Pahwa and Rafa{\l} Po{\'s}wiata and Kranthi Kiran GV and Shawon Ashraf and Daniel Auras and Bj{\"o}rn Pl{\"u}ster and Jan Philipp Harries and Lo{\"\i}c Magne and Isabelle Mohr and Dawei Zhu and Hippolyte Gisserot-Boukhlef and Tom Aarsen and Jan Kostkan and Konrad Wojtasik and Taemin Lee and Marek Suppa and Crystina Zhang and Roberta Rocca and Mohammed Hamdy and Andrianos Michail and John Yang and Manuel Faysse and Aleksei Vatolin and Nandan Thakur and Manan Dey and Dipam Vasani and Pranjal A Chitale and Simone Tedeschi and Nguyen Tai and Artem Snegirev and Mariya Hendriksen and Michael G{\"u}nther and Mengzhou Xia and Weijia Shi and Xing Han L{\`u} and Jordan Clive and Gayatri K and Maksimova Anna and Silvan Wehrli and Maria Tikhonova and Henil Shalin Panchal and Aleksandr Abramov and Malte Ostendorff and Zheng Liu and Simon Clematide and Lester James Validad Miranda and Alena Fenogenova and Guangyu Song and Ruqiya Bin Safi and Wen-Ding Li and Alessia Borghini and Federico Cassano and Lasse Hansen and Sara Hooker and Chenghao Xiao and Vaibhav Adlakha and Orion Weller and Siva Reddy and Niklas Muennighoff},
booktitle={The Thirteenth International Conference on Learning Representations},
year={2025},
_url={https://openreview.net/forum?id=zl3pfz4VCV}
}