@article{YAO2024100211,
title = {A survey on large language model (LLM) security and privacy: The Good, The Bad, and The Ugly},
journal = {High-Confidence Computing},
volume = {4},
number = {2},
pages = {100211},
year = {2024},
issn = {2667-2952},
doi = {https://doi.org/10.1016/j.hcc.2024.100211},
url = {https://www.sciencedirect.com/science/article/pii/S266729522400014X},
author = {Yifan Yao and Jinhao Duan and Kaidi Xu and Yuanfang Cai and Zhibo Sun and Yue Zhang},
keywords = {Large Language Model (LLM), LLM security, LLM privacy, ChatGPT, LLM attacks, LLM vulnerabilities},

}