@article{arafat2023neighborhood,
  title={Neighborhood-based hypergraph core decomposition},
  author={Arafat, Naheed Anjum and Khan, Arijit and Rai, Arpit Kumar and Ghosh, Bishwamittra},
  journal={arXiv preprint arXiv:2301.06426},
  year={2023}
}

@article{bahmanian2015connection,
  title={Connection and separation in hypergraphs},
  author={Bahmanian, Mohammad A and Sajna, Mateja},
  journal={Theory and Applications of Graphs},
  volume={2},
  number={2},
  pages={5},
  year={2015}
}

@article{bu2023hypercore,
  title={Hypercore Decomposition for Non-Fragile Hyperedges: Concepts, Algorithms, Observations, and Applications},
  author={Bu, Fanchen and Lee, Geon and Shin, Kijung},
  journal={arXiv preprint arXiv:2301.08440},
  year={2023}
}

@article{dewar2017subhypergraphs,
  title={Subhypergraphs in non-uniform random hypergraphs},
  author={Dewar, Megan and Healy, John and P{\'e}rez-Gim{\'e}nez, Xavier and Pra{\l}at, Pawe{\l} and Proos, John and Reiniger, Benjamin and Ternovsky, Kirill},
  journal={arXiv preprint arXiv:1703.07686},
  year={2017}
}

@inproceedings{ding2017efficient,
  title={Efficient fault-tolerant group recommendation using alpha-beta-core},
  author={Ding, Danhao and Li, Hui and Huang, Zhipeng and Mamoulis, Nikos},
  booktitle={Proceedings of the 2017 ACM on Conference on Information and Knowledge Management},
  pages={2047--2050},
  year={2017}
}

@article{fang2018effective,
  title={Effective and efficient community search over large directed graphs},
  author={Fang, Yixiang and Wang, Zhongran and Cheng, Reynold and Wang, Hongzhi and Hu, Jiafeng},
  journal={IEEE Transactions on Knowledge and Data Engineering},
  volume={31},
  number={11},
  pages={2093--2107},
  year={2018},
  publisher={IEEE}
}

@inproceedings{huang2015scalable,
  title={Scalable hypergraph learning and processing},
  author={Huang, Jin and Zhang, Rui and Yu, Jeffrey Xu},
  booktitle={2015 IEEE International Conference on Data Mining},
  pages={775--780},
  year={2015},
  organization={IEEE}
}

@inproceedings{limnios2021hcore,
  title={Hcore-init: Neural network initialization based on graph degeneracy},
  author={Limnios, Stratis and Dasoulas, George and Thilikos, Dimitrios M and Vazirgiannis, Michalis},
  booktitle={2020 25th International Conference on Pattern Recognition (ICPR)},
  pages={5852--5858},
  year={2021},
  organization={IEEE}
}

@inproceedings{liu2019efficient,
  title={Efficient ($\alpha$, $\beta$)-core computation: An index-based approach},
  author={Liu, Boge and Yuan, Long and Lin, Xuemin and Qin, Lu and Zhang, Wenjie and Zhou, Jingren},
  booktitle={The World Wide Web Conference},
  pages={1130--1141},
  year={2019}
}

@inproceedings{liu2024fast,
  title={Fast Multilayer Core Decomposition and Indexing}, 
  author={Liu, Dandan and Wang, Run-An and Zou, Zhaonian and Huang, Xin},
  booktitle={2024 IEEE 40rd international conference on data engineering (ICDE)},
  pages={2695-2708},
  year={2024},
  organization={IEEE}
}

@inproceedings{zhang2020exploring,
  title={Exploring finer granularity within the cores: Efficient (k, p)-core computation},
  author={Zhang, Chen and Zhang, Fan and Zhang, Wenjie and Liu, Boge and Zhang, Ying and Qin, Lu and Lin, Xuemin},
  booktitle={2020 IEEE 36th International Conference on Data Engineering (ICDE)},
  pages={181--192},
  year={2020},
  organization={IEEE}
}

