

@inproceedings{liu2024fast,
  title={Fast Multilayer Core Decomposition and Indexing}, 
  author={Liu, Dandan and Wang, Run-An and Zou, Zhaonian and Huang, Xin},
  booktitle={2024 IEEE 40rd international conference on data engineering (ICDE)},
  pages={2695-2708},
  year={2024},
  organization={IEEE}
}

@book{garcia2008database,
  title={Database systems: the complete book},
  author={Garcia-Molina, Hector},
  year={2008},
  publisher={Pearson Education India}
}


@book{newman2018networks,
  title={Networks},
  author={Newman, Mark},
  year={2018},
  publisher={Oxford university press}
}

@article{ghoshal2009random,
  title={Random hypergraphs and their applications},
  author={Ghoshal, Gourab and Zlati{\'c}, Vinko and Caldarelli, Guido and Newman, Mark EJ},
  journal={Physical Review E},
  volume={79},
  number={6},
  pages={066118},
  year={2009},
  publisher={APS}
}

@article{bretto2013hypergraph,
  title={Hypergraph theory},
  author={Bretto, Alain},
  journal={An introduction. Mathematical Engineering. Cham: Springer},
  volume={1},
  year={2013},
  publisher={Springer}
}

@inproceedings{liu2021efficient,
  title={Efficient community search with size constraint},
  author={Liu, Boge and Zhang, Fan and Zhang, Wenjie and Lin, Xuemin and Zhang, Ying},
  booktitle={2021 IEEE 37th International Conference on Data Engineering (ICDE)},
  pages={97--108},
  year={2021},
  organization={IEEE}
}

@article{yao2021efficient,
  title={Efficient size-bounded community search over large networks},
  author={Yao, Kai and Chang, Lijun},
  journal={Proceedings of the VLDB Endowment},
  volume={14},
  number={8},
  pages={1441--1453},
  year={2021},
  publisher={VLDB Endowment}
}

@article{zhang2023size,
  title={Size-constrained Community Search on Large Networks: An Effective and Efficient Solution},
  author={Zhang, Fan and Guo, Haicheng and Ouyang, Dian and Yang, Shiyu and Lin, Xuemin and Tian, Zhihong},
  journal={IEEE Transactions on Knowledge and Data Engineering},
  year={2023},
  publisher={IEEE}
}

@article{zhou2023effective,
  title={Effective and efficient community search with size constraint on bipartite graphs},
  author={Zhou, Keqi and Xin, Junchang and Chen, Jinyi and Zhang, Xian and Wang, Beibei and Wang, Zhiqiong},
  journal={Information Sciences},
  volume={647},
  pages={119511},
  year={2023},
  publisher={Elsevier}
}

@inproceedings{sozio2010community,
  title={The community-search problem and how to plan a successful cocktail party},
  author={Sozio, Mauro and Gionis, Aristides},
  booktitle={Proceedings of the 16th ACM SIGKDD international conference on Knowledge discovery and data mining},
  pages={939--948},
  year={2010}
}

@article{feng2021hypergraph,
  title={Hypergraph models of biological networks to identify genes critical to pathogenic viral response},
  author={Feng, Song and Heath, Emily and Jefferson, Brett and Joslyn, Cliff and Kvinge, Henry and Mitchell, Hugh D and Praggastis, Brenda and Eisfeld, Amie J and Sims, Amy C and Thackray, Larissa B and others},
  journal={BMC bioinformatics},
  volume={22},
  number={1},
  pages={1--21},
  year={2021},
  publisher={BioMed Central}
}

@article{kim2023effective,
  title={Effective and efficient core computation in signed networks},
  author={Kim, Junghoon and Jeong, Hyun Ji and Lim, Sungsu and Kim, Jungeun},
  journal={Information Sciences},
  volume={634},
  pages={290--307},
  year={2023},
  publisher={Elsevier}
}

@inproceedings{peng2018efficient,
  title={Efficient probabilistic k-core computation on uncertain graphs},
  author={Peng, You and Zhang, Ying and Zhang, Wenjie and Lin, Xuemin and Qin, Lu},
  booktitle={2018 IEEE 34th International Conference on Data Engineering (ICDE)},
  pages={1192--1203},
  year={2018},
  organization={IEEE}
}

@inproceedings{kim2020densely,
  title={Densely connected user community and location cluster search in location-based social networks},
  author={Kim, Junghoon and Guo, Tao and Feng, Kaiyu and Cong, Gao and Khan, Arijit and Choudhury, Farhana M},
  booktitle={Proceedings of the 2020 ACM SIGMOD international conference on management of data},
  pages={2199--2209},
  year={2020}
}

@inproceedings{tixier2016graph,
  title={A graph degeneracy-based approach to keyword extraction},
  author={Tixier, Antoine and Malliaros, Fragkiskos and Vazirgiannis, Michalis},
  booktitle={Proceedings of the 2016 conference on empirical methods in natural language processing},
  pages={1860--1870},
  year={2016}
}

@article{li2017inhomogeneous,
  title={Inhomogeneous hypergraph clustering with applications},
  author={Li, Pan and Milenkovic, Olgica},
  journal={Advances in neural information processing systems},
  volume={30},
  year={2017}
}

@inproceedings{liu2011hypergraph,
  title={A hypergraph-based method for discovering semantically associated itemsets},
  author={Liu, Haishan and Le Pendu, Paea and Jin, Ruoming and Dou, Dejing},
  booktitle={2011 IEEE 11th International Conference on Data Mining},
  pages={398--406},
  year={2011},
  organization={IEEE}
}

@article{ducournau2012reductive,
  title={A reductive approach to hypergraph clustering: An application to image segmentation},
  author={Ducournau, Aur{\'e}lien and Bretto, Alain and Rital, Soufiane and Laget, Bernard},
  journal={Pattern Recognition},
  volume={45},
  number={7},
  pages={2788--2803},
  year={2012},
  publisher={Elsevier}
}

@article{silva2008hypergraph,
  title={Hypergraph-based anomaly detection of high-dimensional co-occurrences},
  author={Silva, Jorge and Willett, Rebecca},
  journal={IEEE transactions on pattern analysis and machine intelligence},
  volume={31},
  number={3},
  pages={563--569},
  year={2008},
  publisher={IEEE}
}

@article{yu2012adaptive,
  title={Adaptive hypergraph learning and its application in image classification},
  author={Yu, Jun and Tao, Dacheng and Wang, Meng},
  journal={IEEE Transactions on Image Processing},
  volume={21},
  number={7},
  pages={3262--3272},
  year={2012},
  publisher={IEEE}
}

@inproceedings{xia2021self,
  title={Self-supervised hypergraph convolutional networks for session-based recommendation},
  author={Xia, Xin and Yin, Hongzhi and Yu, Junliang and Wang, Qinyong and Cui, Lizhen and Zhang, Xiangliang},
  booktitle={Proceedings of the AAAI conference on artificial intelligence},
  pages={4503--4511},
  year={2021}
}

@inproceedings{yu2021self,
  title={Self-supervised multi-channel hypergraph convolutional network for social recommendation},
  author={Yu, Junliang and Yin, Hongzhi and Li, Jundong and Wang, Qinyong and Hung, Nguyen Quoc Viet and Zhang, Xiangliang},
  booktitle={Proceedings of the web conference 2021},
  pages={413--424},
  year={2021}
}

@article{lee2023k,
  title={(k, q)-core decomposition of hypergraphs},
  author={Lee, Jongshin and Goh, Kwang-Il and Lee, Deok-Sun and Kahng, B},
  journal={Chaos, Solitons \& Fractals},
  volume={173},
  pages={113645},
  year={2023},
  publisher={Elsevier}
}

@inproceedings{fang2021cohesive,
  title={Cohesive subgraph search over big heterogeneous information networks: Applications, challenges, and solutions},
  author={Fang, Yixiang and Wang, Kai and Lin, Xuemin and Zhang, Wenjie},
  booktitle={Proceedings of the 2021 International Conference on Management of Data},
  pages={2829--2838},
  year={2021}
}

@article{zhao2012large,
  title={Large scale cohesive subgraphs discovery for social network visual analysis},
  author={Zhao, Feng and Tung, Anthony KH},
  journal={Proceedings of the VLDB Endowment},
  volume={6},
  number={2},
  pages={85--96},
  year={2012},
  publisher={VLDB Endowment}
}



@article{kim2022ocsm,
  title={OCSM: Finding overlapping cohesive subgraphs with minimum degree},
  author={Kim, Junghoon and Lim, Sungsu and Kim, Jungeun},
  journal={Information Sciences},
  volume={607},
  pages={585--602},
  year={2022},
  publisher={Elsevier}
}

@article{leng2013m,
  title={An o(m) algorithm for cores decomposition of undirected hypergraph},
  author={Leng, Ming and Sun, Lingyu and Bian, Ji-nian and Ma, Yuchun},
  journal={Journal of Chinese Computer Systems},
  volume={34},
  number={11},
  pages={2568--2573},
  year={2013}
}


@inproceedings{luo2021hypercore,
  title={Hypercore maintenance in dynamic hypergraphs},
  author={Luo, Qi and Yu, Dongxiao and Cai, Zhipeng and Lin, Xuemin and Cheng, Xiuzhen},
  booktitle={2021 IEEE 37th International Conference on Data Engineering (ICDE)},
  pages={2051--2056},
  year={2021},
  organization={IEEE}
}

@article{seidman1983network,
  title={Network structure and minimum degree},
  author={Seidman, Stephen B},
  journal={Social networks},
  volume={5},
  number={3},
  pages={269--287},
  year={1983},
  publisher={Elsevier}
}

@inproceedings{choe2022midas,
  title={Midas: Representative sampling from real-world hypergraphs},
  author={Choe, Minyoung and Yoo, Jaemin and Lee, Geon and Baek, Woonsung and Kang, U and Shin, Kijung},
  booktitle={Proceedings of the ACM Web Conference 2022},
  publisher = {Association for Computing Machinery},
  address = {New York, NY, USA},
  pages={1080--1092},
  year={2022}
}


@inproceedings{qin2023explainable,
  title={Explainable Hyperlink Prediction: A Hypergraph Edit Distance-Based Approach},
  author={Qin, Hongchao and Li, Rong-Hua and Yuan, Ye and Wang, Guoren and Dai, Yongheng},
  booktitle={2023 IEEE 39th International Conference on Data Engineering (ICDE)},
  pages={245--257},
  year={2023},
  organization={IEEE}
}


@inproceedings{papachristou2022core,
  title={Core-periphery models for hypergraphs},
  author={Papachristou, Marios and Kleinberg, Jon},
  booktitle={Proceedings of the 28th ACM SIGKDD Conference on Knowledge Discovery and Data Mining},
  pages={1337--1347},
  year={2022},
  publisher = {Association for Computing Machinery},
  address = {New York, NY, USA}
}

@inproceedings{chang2019cohesive,
  title={Cohesive subgraph computation over large sparse graphs},
  author={Chang, Lijun and Qin, Lu},
  booktitle={2019 IEEE 35th International Conference on Data Engineering (ICDE)},
  pages={2068--2071},
  year={2019},
  organization={IEEE}
}


@misc{graham1996handbook,
  title={Handbook of combinatorics (vol. 2)},
  author={Graham, RL and Gr{\"o}tschel, M and Lov{\'a}sz, L},
  year={1996},
  publisher={MIT Press}
}


@article{benson2018simplicial,
  title={Simplicial closure and higher-order link prediction},
  author={Benson, Austin R and Abebe, Rediet and Schaub, Michael T and Jadbabaie, Ali and Kleinberg, Jon},
  journal={Proceedings of the National Academy of Sciences},
  volume={115},
  number={48},
  pages={E11221--E11230},
  year={2018},
  publisher={National Acad Sciences}
}
@article{kitsak2010identification,
  title={Identification of influential spreaders in complex networks},
  author={Kitsak, Maksim and Gallos, Lazaros K and Havlin, Shlomo and Liljeros, Fredrik and Muchnik, Lev and Stanley, H Eugene and Makse, Hern{\'a}n A},
  journal={Nature physics},
  volume={6},
  number={11},
  pages={888--893},
  year={2010},
  publisher={Nature Publishing Group UK London}
}
@inproceedings{gabert2021shared,
  title={Shared-memory scalable k-core maintenance on dynamic graphs and hypergraphs},
  author={Gabert, Kasimir and Pinar, Ali and {\c{C}}ataly{\"u}rek, {\"U}mit V},
  booktitle={2021 IEEE International Parallel and Distributed Processing Symposium Workshops (IPDPSW)},
  pages={998--1007},
  year={2021},
  organization={IEEE}
}
@article{do2023improving,
  title={Improving the core resilience of real-world hypergraphs},
  author={Do, Manh Tuan and Shin, Kijung},
  journal={Data Mining and Knowledge Discovery},
  volume={37},
  number={6},
  pages={2438--2493},
  year={2023},
  publisher={Springer}
}
@article{lancichinetti2008benchmark,
  title={Benchmark graphs for testing community detection algorithms},
  author={Lancichinetti, Andrea and Fortunato, Santo and Radicchi, Filippo},
  journal={Physical review E},
  volume={78},
  number={4},
  pages={046110},
  year={2008},
  publisher={APS}
}

@inproceedings{chu2020finding,
  title={Finding the best k in core decomposition: A time and space optimal solution},
  author={Chu, Deming and Zhang, Fan and Lin, Xuemin and Zhang, Wenjie and Zhang, Ying and Xia, Yinglong and Zhang, Chenyi},
  booktitle={2020 IEEE 36th International Conference on Data Engineering (ICDE)},
  pages={685--696},
  publisher    = {{IEEE}},
  year={2020},
  organization={IEEE}
}

@book{graham1995handbook,
  title={Handbook of combinatorics},
  author={Graham, Ronald L},
  year={1995},
  publisher={Elsevier}
}
@article{bu2023hypercore,
  title={Hypercore Decomposition for Non-Fragile Hyperedges: Concepts, Algorithms, Observations, and Applications},
  author={Bu, Fanchen and Lee, Geon and Shin, Kijung},
  journal={arXiv preprint arXiv:2301.08440},
  year={2023}
}
@inproceedings{limnios2021hcore,
  title={Hcore-init: Neural network initialization based on graph degeneracy},
  author={Limnios, Stratis and Dasoulas, George and Thilikos, Dimitrios M and Vazirgiannis, Michalis},
  booktitle={2020 25th International Conference on Pattern Recognition (ICPR)},
  pages={5852--5858},
  year={2021},
  organization={IEEE}
}
@article{kqcore,
author = {Jongshin Lee and Kwang-Il Goh and Deok-Sun Lee and B. Kahng},
title = {(k,q)-core decomposition of hypergraphs},
journal = {Chaos, Solitons \& Fractals},
volume = {173},
pages = {113645},
year = {2023}
}

@article{bahmanian2015connection,
  title={Connection and separation in hypergraphs},
  author={Bahmanian, Mohammad A and Sajna, Mateja},
  journal={Theory and Applications of Graphs},
  volume={2},
  number={2},
  pages={5},
  year={2015}
}

@book{wasserman1994social,
  title={Social network analysis: Methods and applications},
  author={Wasserman, Stanley and Faust, Katherine and others},
  year={1994},
  publisher={Cambridge university press}
}

@article{arafat2023neighborhood,
  title={Neighborhood-based hypergraph core decomposition},
  author={Arafat, Naheed Anjum and Khan, Arijit and Rai, Arpit Kumar and Ghosh, Bishwamittra},
  journal={arXiv preprint arXiv:2301.06426},
  year={2023}
}

@book{ozsu1999principles,
  title={Principles of distributed database systems},
  author={{\"O}zsu, M Tamer and Valduriez, Patrick and others},
  volume={2},
  year={1999},
  publisher={Springer}
}

@inproceedings{liu2019corecube,
  title={Corecube: Core decomposition in multilayer graphs},
  author={Liu, Boge and Zhang, Fan and Zhang, Chen and Zhang, Wenjie and Lin, Xuemin},
  booktitle={Web Information Systems Engineering--WISE 2019: 20th International Conference, Hong Kong, China, January 19--22, 2020, Proceedings 20},
  pages={694--710},
  year={2019},
  organization={Springer}
}

@article{he2022detecting,
  title={Detecting fake-review buyers using network structure: Direct evidence from Amazon},
  author={He, Sherry and Hollenbeck, Brett and Overgoor, Gijs and Proserpio, Davide and Tosyali, Ali},
  journal={Proceedings of the National Academy of Sciences},
  volume={119},
  number={47},
  pages={e2211932119},
  year={2022},
  publisher={National Acad Sciences}
}

@inproceedings{pandit2007netprobe,
  title={Netprobe: a fast and scalable system for fraud detection in online auction networks},
  author={Pandit, Shashank and Chau, Duen Horng and Wang, Samuel and Faloutsos, Christos},
  booktitle={Proceedings of the 16th international conference on World Wide Web},
  pages={201--210},
  year={2007}
}



@inproceedings{ding2017efficient,
  title={Efficient fault-tolerant group recommendation using alpha-beta-core},
  author={Ding, Danhao and Li, Hui and Huang, Zhipeng and Mamoulis, Nikos},
  booktitle={Proceedings of the 2017 ACM on Conference on Information and Knowledge Management},
  pages={2047--2050},
  year={2017}
}

@inproceedings{liu2019efficient,
  title={Efficient ($\alpha$, $\beta$)-core computation: An index-based approach},
  author={Liu, Boge and Yuan, Long and Lin, Xuemin and Qin, Lu and Zhang, Wenjie and Zhou, Jingren},
  booktitle={The World Wide Web Conference},
  pages={1130--1141},
  year={2019}
}


@inproceedings{zhang2020exploring,
  title={Exploring finer granularity within the cores: Efficient (k, p)-core computation},
  author={Zhang, Chen and Zhang, Fan and Zhang, Wenjie and Liu, Boge and Zhang, Ying and Qin, Lu and Lin, Xuemin},
  booktitle={2020 IEEE 36th International Conference on Data Engineering (ICDE)},
  pages={181--192},
  year={2020},
  organization={IEEE}
}

@article{batagelj2011fast,
  title={Fast algorithms for determining (generalized) core groups in social networks},
  author={Batagelj, Vladimir and Zaver{\v{s}}nik, Matja{\v{z}}},
  journal={Advances in Data Analysis and Classification},
  volume={5},
  number={2},
  pages={129--145},
  year={2011},
  publisher={Springer}
}

@inproceedings{huang2015scalable,
  title={Scalable hypergraph learning and processing},
  author={Huang, Jin and Zhang, Rui and Yu, Jeffrey Xu},
  booktitle={2015 IEEE International Conference on Data Mining},
  pages={775--780},
  year={2015},
  organization={IEEE}
}

@inproceedings{kim2023exploring,
  title={Exploring Cohesive Subgraphs in Hypergraphs: The (k, g)-core Approach},
  author={Kim, Dahee and Kim, Junghoon and Lim, Sungsu and Jeong, Hyun Ji},
  booktitle={Proceedings of the 32nd ACM International Conference on Information and Knowledge Management},
  pages={4013--4017},
  year={2023}
}

@article{ko2022growth,
  title={Growth patterns and models of real-world hypergraphs},
  author={Ko, Jihoon and Kook, Yunbum and Shin, Kijung},
  journal={Knowledge and Information Systems},
  volume={64},
  number={11},
  pages={2883--2920},
  year={2022},
  publisher={Springer}
}

@inproceedings{gabert2021unifying,
  title={A unifying framework to identify dense subgraphs on streams: Graph nuclei to hypergraph cores},
  author={Gabert, Kasimir and Pinar, Ali and {\c{C}}ataly{\"u}rek, {\"U}mit V},
  booktitle={Proceedings of the 14th ACM International Conference on Web Search and Data Mining},
  pages={689--697},
  year={2021}
}


@article{chodrow2021hypergraph,
  title={Hypergraph clustering: from blockmodels to modularity},
  author={Chodrow, Philip S and Veldt, Nate and Benson, Austin R},
  journal={Science Advances},
  year={2021}
}

@article{Benson-2018-simplicial,
 author = {Benson, Austin R. and Abebe, Rediet and Schaub, Michael T. and Jadbabaie, Ali and Kleinberg, Jon},
 title = {Simplicial closure and higher-order link prediction},
 year = {2018},
 doi = {10.1073/pnas.1800683115},
 publisher = {National Academy of Sciences},
 issn = {0027-8424},
 journal = {Proceedings of the National Academy of Sciences}
}


@article{fang2020survey,
  title={A survey of community search over big graphs},
  author={Fang, Yixiang and Huang, Xin and Qin, Lu and Zhang, Ying and Zhang, Wenjie and Cheng, Reynold and Lin, Xuemin},
  journal={The VLDB Journal},
  volume={29},
  pages={353--392},
  year={2020},
  publisher={Springer}
}



@article{malliaros2020core,
  title={The core decomposition of networks: Theory, algorithms and applications},
  author={Malliaros, Fragkiskos D and Giatsidis, Christos and Papadopoulos, Apostolos N and Vazirgiannis, Michalis},
  journal={The VLDB Journal},
  volume={29},
  number={1},
  pages={61--92},
  year={2020},
  publisher={Springer}
}

@article{chodrow2020annotated,
  title={Annotated hypergraphs: models and applications},
  author={Chodrow, Philip and Mellor, Andrew},
  journal={Applied network science},
  volume={5},
  pages={1--25},
  year={2020},
  publisher={Springer}
}

@article{eidsaa2013s,
  title={S-core network decomposition: A generalization of $k$-core analysis to weighted networks},
  author={Eidsaa, Marius and Almaas, Eivind},
  journal={Physical Review E},
  volume={88},
  number={6},
  pages={062819},
  year={2013},
  publisher={APS}
}

@article{garas2012k,
  title={A k-shell decomposition method for weighted networks},
  author={Garas, Antonios and Schweitzer, Frank and Havlin, Shlomo},
  journal={New Journal of Physics},
  volume={14},
  number={8},
  pages={083030},
  year={2012},
  publisher={IOP Publishing}
}

@article{busseniers2014general,
  title={General Centrality in a hypergraph},
  author={Busseniers, Evo},
  journal={arXiv preprint arXiv:1403.5162},
  year={2014}
}

@inproceedings{wu2015core,
  title={Core decomposition in large temporal graphs},
  author={Wu, Huanhuan and Cheng, James and Lu, Yi and Ke, Yiping and Huang, Yuzhen and Yan, Da and Wu, Hejun},
  booktitle={2015 IEEE International Conference on Big Data (Big Data)},
  pages={649--658},
  year={2015},
  organization={IEEE}
}

@inproceedings{huang1995clusters,
  title={When clusters meet partitions: new density-based methods for circuit decomposition},
  author={Huang, DJ-H and Kahng, Andrew B},
  booktitle={Proceedings the European Design and Test Conference. ED\&TC 1995},
  pages={60--64},
  year={1995},
  organization={IEEE}
}

@article{stanic2020decomposition,
  title={A decomposition of signed graphs with two eigenvalues},
  author={Stani{\'c}, Zoran},
  journal={Filomat},
  volume={34},
  number={6},
  pages={1949--1957},
  year={2020}
}

@article{akbas2017truss,
  title={Truss-based community search: a truss-equivalence based indexing approach},
  author={Akbas, Esra and Zhao, Peixiang},
  journal={Proceedings of the VLDB Endowment},
  volume={10},
  number={11},
  pages={1298--1309},
  year={2017},
  publisher={VLDB Endowment}
}

@article{fang2017effective,
  title={Effective community search over large spatial graphs},
  author={Fang, Yixiang and Cheng, CK and Luo, S and Hu, J and Li, X},
  journal={Proceedings of the VLDB Endowment (PVLDB)},
  year={2017},
  publisher={Very Large Data Base (VLDB) Endowment Inc. The Journal's web site is located~…}
}
@inproceedings{giatsidis2014corecluster,
  title={Corecluster: A degeneracy based graph clustering framework},
  author={Giatsidis, Christos and Malliaros, Fragkiskos and Thilikos, Dimitrios and Vazirgiannis, Michalis},
  booktitle={Proceedings of the AAAI Conference on Artificial Intelligence},
  volume={28},
  number={1},
  year={2014}
}

@inproceedings{shin2016corescope,
  title={Corescope: Graph mining using k-core analysis—patterns, anomalies and algorithms},
  author={Shin, Kijung and Eliassi-Rad, Tina and Faloutsos, Christos},
  booktitle={2016 IEEE 16th international conference on data mining (ICDM)},
  pages={469--478},
  year={2016},
  organization={IEEE}
}

@inproceedings{luo2009core,
  title={Core and periphery structures in protein interaction networks},
  author={Luo, Feng and Li, Bo and Wan, Xiu-Feng and Scheuermann, Richard H},
  booktitle={BMC bioinformatics},
  volume={10},
  number={4},
  pages={1--11},
  year={2009},
  organization={BioMed Central}
}

@article{he2015analyzing,
  title={Analyzing the structure of earthquake network by k-core decomposition},
  author={He, Xuan and Zhao, Hai and Cai, Wei and Li, Guang-Guang and Pei, Fan-Dong},
  journal={Physica A: Statistical Mechanics and its Applications},
  volume={421},
  pages={34--43},
  year={2015},
  publisher={Elsevier}
}

@article{bola2015dynamic,
  title={Dynamic reorganization of brain functional networks during cognition},
  author={Bola, Micha{\l} and Sabel, Bernhard A},
  journal={Neuroimage},
  volume={114},
  pages={398--413},
  year={2015},
  publisher={Elsevier}
}

@article{fang2018effective,
  title={Effective and efficient community search over large directed graphs},
  author={Fang, Yixiang and Wang, Zhongran and Cheng, Reynold and Wang, Hongzhi and Hu, Jiafeng},
  journal={IEEE Transactions on Knowledge and Data Engineering},
  volume={31},
  number={11},
  pages={2093--2107},
  year={2018},
  publisher={IEEE}
}


@article{luo2023core,
  title={Core maintenance for hypergraph streams},
  author={Luo, Qi and Yu, Dongxiao and Cai, Zhipeng and Zheng, Yanwei and Cheng, Xiuzhen and Lin, Xuemin},
  journal={World Wide Web},
  volume={26},
  number={5},
  pages={3709--3733},
  year={2023},
  publisher={Springer}
}



@article{dewar2017subhypergraphs,
  title={Subhypergraphs in non-uniform random hypergraphs},
  author={Dewar, Megan and Healy, John and P{\'e}rez-Gim{\'e}nez, Xavier and Pra{\l}at, Pawe{\l} and Proos, John and Reiniger, Benjamin and Ternovsky, Kirill},
  journal={arXiv preprint arXiv:1703.07686},
  year={2017}
}

@techreport{hagberg2008exploring,
  title={Exploring network structure, dynamics, and function using NetworkX},
  author={Hagberg, Aric and Swart, Pieter J and Schult, Daniel A},
  year={2008},
  institution={Los Alamos National Laboratory (LANL), Los Alamos, NM (United States)}
}



@inproceedings{huang2017community,
  title={Community search over big graphs: Models, algorithms, and opportunities},
  author={Huang, Xin and Lakshmanan, Laks VS and Xu, Jianliang},
  booktitle={2017 IEEE 33rd international conference on data engineering (ICDE)},
  pages={1451--1454},
  year={2017},
  organization={IEEE}
}

@article{luo2024mcr,
  title={MCR-Tree: An Efficient Index for Multi-dimensional Core Search},
  author={Luo, Chengyang and Zhu, Yifan and Liu, Qing and Gao, Yunjun and Chen, Lu and Xu, Jianliang},
  journal={Proceedings of the ACM on Management of Data},
  volume={2},
  number={3},
  pages={1--25},
  year={2024},
  publisher={ACM New York, NY, USA}
}

@inproceedings{roy2015measuring,
  title={Measuring network centrality using hypergraphs},
  author={Roy, Sanjukta and Ravindran, Balaraman},
  booktitle={Proceedings of the 2nd ACM IKDD Conference on Data Sciences},
  pages={59--68},
  year={2015}
}

@inproceedings{kapoor2013weighted,
  title={Weighted node degree centrality for hypergraphs},
  author={Kapoor, Komal and Sharma, Dhruv and Srivastava, Jaideep},
  booktitle={2013 IEEE 2nd network science workshop (NSW)},
  pages={152--155},
  year={2013},
  organization={IEEE}
}

@inproceedings{jiao2024cina,
  title={CINA: Curvature-Based Integrated Network Alignment with Hypergraph}, 
  author={Jiao, Pengfei and Liu, Yuanqi and Wang, Yinghui and Zhang, Ge},
  booktitle={2024 IEEE 40th International Conference on Data Engineering (ICDE)}, 
  year={2024},
  pages={2709-2722},
  keywords={Adaptation models;Correlation;Accuracy;Neural networks;Distortion;Data engineering;network alignment;hypergraph learning;graph neural network},
  doi={10.1109/ICDE60146.2024.00212}
}

@inproceedings{xu2024adaptive,
  title={Adaptive Hypergraph Network for Trust Prediction},
  author={Xu, Rongwei and Liu, Guanfeng and Wang, Yan and Zhang, Xuyun and Zheng, Kai and Zhou, Xiaofang},    
  year={2024},
  pages={2986-2999},
  keywords={Adaptation models;Correlation;Adaptive systems;Accuracy;Social networking (online);Contrastive learning;Predictive models;Hypergraph;Contrastive Learning;Trust Prediction},
  doi={10.1109/ICDE60146.2024.00232}}


@article{lung2018hypergraph,
  title={A hypergraph model for representing scientific output},
  author={Lung, Rodica Ioana and Gask{\'o}, No{\'e}mi and Suciu, Mihai Alexandru},
  journal={Scientometrics},
  volume={117},
  pages={1361--1379},
  year={2018},
  publisher={Springer}
}




@inproceedings{kumar2020hpra,
  title={HPRA: Hyperedge prediction using resource allocation},
  author={Kumar, Tarun and Darwin, K and Parthasarathy, Srinivasan and Ravindran, Balaraman},
  booktitle={Proceedings of the 12th ACM conference on web science},
  pages={135--143},
  year={2020}
}

@manual{python,
  title = {{Python} {Tracemalloc} Module},
  author = {{Python Software Foundation}},
  note = {\url{https://docs.python.org/3/library/tracemalloc.html}},
  year = {2024},
}

