@String(PAMI  = {IEEE TPAMI})
@String(IJCV  = {IJCV})
@String(CVPR  = {CVPR})
@String(ICCV  = {ICCV})
@String(ECCV  = {ECCV})
@String(NIPS  = {NeurIPS})
@String(ICPR  = {ICPR})
@String(BMVC  =	{BMVC})
@String(TOG   = {ACM TOG})
@String(TIP   = {IEEE TIP})
@String(TVCG  = {IEEE TVCG})
@String(TCSVT = {IEEE TCSVT})
@String(TMM   =	{IEEE TMM})
@String(ACMMM = {ACM MM})
@String(ICME  =	{ICME})
@String(ICASSP=	{ICASSP})
@String(ICIP  = {ICIP})
@String(ACCV  = {ACCV})
@String(ICLR  = {ICLR})
@String(IJCAI = {IJCAI})
@String(PR = {PR})
@String(AAAI = {AAAI})
@String(CVPRW= {CVPRW})
@String(CSVT = {IEEE TCSVT})

@String(PAMI = {IEEE Trans. Pattern Anal. Mach. Intell.})
@String(IJCV = {Int. J. Comput. Vis.})
@String(CVPR= {IEEE Conf. Comput. Vis. Pattern Recog.})
@String(ICCV= {Int. Conf. Comput. Vis.})
@String(ECCV= {Eur. Conf. Comput. Vis.})
@String(NIPS= {Adv. Neural Inform. Process. Syst.})
@String(ICPR = {Int. Conf. Pattern Recog.})
@String(BMVC= {Brit. Mach. Vis. Conf.})
@String(TOG= {ACM Trans. Graph.})
@String(TIP  = {IEEE Trans. Image Process.})
@String(TVCG  = {IEEE Trans. Vis. Comput. Graph.})
@String(TMM  = {IEEE Trans. Multimedia})
@String(ACMMM= {ACM Int. Conf. Multimedia})
@String(ICME = {Int. Conf. Multimedia and Expo})
@String(ICASSP=	{ICASSP})
@String(ICIP = {IEEE Int. Conf. Image Process.})
@String(ACCV  = {ACCV})
@String(ICLR = {Int. Conf. Learn. Represent.})
@String(IJCAI = {IJCAI})
@String(PR   = {Pattern Recognition})
@String(AAAI = {AAAI})
@String(CVPRW= {IEEE Conf. Comput. Vis. Pattern Recog. Worksh.})
@String(CSVT = {IEEE Trans. Circuit Syst. Video Technol.})

@String(SPL	= {IEEE Sign. Process. Letters})
@String(VR   = {Vis. Res.})
@String(JOV	 = {J. Vis.})
@String(TVC  = {The Vis. Comput.})
@String(JCST  = {J. Comput. Sci. Tech.})
@String(CGF  = {Comput. Graph. Forum})
@String(CVM = {Computational Visual Media})
@String(CGF = {CGF})

@string{ieeem = "IEEE Multimedia"}
@string{camp = "CAMP"}
@string{cvpr = "CVPR"}
@string{tdv = "3DV"}
@string{tdpvt = "3DPVT"}
@string{tdimpvt = "3DIMPVT"}
@string{tdim = "3DIM"}
@string{icpr = "ICPR"}
@string{iccv = "ICCV"}
@string{eccv = "ECCV"}
@string{accv = "ACCV"}
@string{bmvc = "BMVC"}
@string{wacv = "WACV"}
@string{icip = "ICIP"}
@string{icra = "ICRA"}
@string{icml = "ICML"}
@string{amdo = "AMDO"}
@string{iccp = "ICCP"}
@string{spie = "SPIE"}
@string{procams = "PROCAMS"}
@string{fg = "FG"}
@string{tog = "TOG"}
@string{pami = "TPAMI"}
@string{ijcv = "IJCV"}
@string{cviu = "CVIU"}
@string{csvt = "TCSVT"}
@string{icspcc = "ICSPCC"}
@string{jmiv = "JMIV"}
@string{siggraph = "SIGGRAPH"}
@string{siggraphasia = "SIGGRAPH Asia"}

@misc{Authors06,
 author = {Authors},
 title = {The frobnicatable foo filter},
 note = {ECCV06 submission ID 324. Supplied as additional material {\tt eccv06.pdf}},
 year = 2006
}

@misc{Authors06b,
 author = {Authors},
 title = {Frobnication tutorial},
 note = {Supplied as additional material {\tt tr.pdf}},
 year = 2006
}

@article{Alpher02,
author = {A. Alpher},
title = {Frobnication},
journal = {Journal of Foo},
volume = 12, 
number = 1, 
pages = {234--778}, 
year = 2002
}

@article{Alpher03,
author = {A. Alpher and J.~P.~N. Fotheringham-Smythe},
title = {Frobnication revisited},
journal = {Journal of Foo},
volume = 13, 
number = 1, 
pages = {234--778}, 
year = 2003
}

@article{Alpher04,
author = {A. Alpher and J.~P.~N. Fotheringham-Smythe and G. Gamow},
title = {Can a machine frobnicate?},
journal = {Journal of Foo},
volume = 14, 
number = 1, 
pages = {234--778}, 
year = 2004
}

@article{Mermin89,
author = {N. David Mermin},
title = {What's wrong with these equations?},
journal = {Physics Today},
year = 1989,
month = oct,
note = {\small\url{http://www.cvpr.org/doc/mermin.pdf}}
}

@Book{Hartley00,
  author       = "Hartley, R.~I. and Zisserman, A.",
  title        = "Multiple View Geometry in Computer Vision",
  year         = "2000",
  publisher    = "Cambridge University Press, ISBN: 0521623049",
}

@InProceedings{Claus05,
  author       = "Claus, D. and Fitzgibbon, A.~W.",
  title        = "A Rational Function Lens Distortion Model for General
                 Cameras",
  booktitle    = cvpr,
  year         = "2005",
  pages        = "213--219",
}

@InProceedings{Zhang96,
  author =	 "Z. Zhang",
  title =	 "On the Epipolar Geometry Between Two Images With
                  Lens Distortion",
  booktitle =	 icpr,
  year =	 "1996",
  pages =	 "407--411",
}

@InProceedings{Fitzgibbon01,
  author       = "Fitzgibbon, A.~W.",
  title        = "Simultaneous Linear Estimation of Multiple View
                 Geometry and Lens Distortion",
  booktitle    = cvpr,
  year         = "2001"
}


@article{Brown71,
author = {D.~C. Brown},
title = {Close-range camera calibration},
journal = {Photogrammetric Eng.},
volume = 37,
number = 8,
pages = {855--866}, 
year = 1971
}

@article{Devernay01,
author = {F. Devernay and O. Faugeras},
title = {Straight lines have to be straight},
journal = {MVA},
volume = 13,
pages = {14--24}, 
year = 2001
}

@article{Swaminathan00,
author = {R. Swaminathan and S. Nayar},
title = {Nonmetric calibration of wide-angle lenses and polycameras},
journal = tpami,
volume = 22,
number = 10,
pages = {1172--1178}, 
year = 2000
}

@InProceedings{Tsai86,
  author =	 "Tsai, Y.~R.",
  title =	 "An Efficient and Accurate Camera Calibration
                  Technique for {3D} Machine Vision",
  booktitle = cvpr,
  year =	 "1986",
}

@article{h36m_pami,
author = {Ionescu, Catalin and Papava, Dragos and Olaru, Vlad and Sminchisescu,  Cristian},
title = {Human3.6{M}: Large Scale Datasets and Predictive Methods for 3D Human Sensing in Natural Environments},
journal = pami,
volume = {36},
number = {7},
pages = {1325-1339},
year = {2014}
}

@article{Joo_2017_TPAMI,
  title={Panoptic Studio: A Massively Multiview System for Social Interaction Capture},
  author={Joo, Hanbyul and Simon, Tomas and Li, Xulong and Liu, Hao and Tan, Lei and Gui, Lin and Banerjee, Sean and Godisart, Timothy Scott and Nabbe, Bart and Matthews, Iain and Kanade, Takeo and Nobuhara, Shohei and Sheikh, Yaser},
  journal=pami,
  year={2017}
}



@InProceedings{Takahashi18,
  author       = "Takahashi, Kosuke and Mikami, Dan and Isogawa, Mariko and Kimata, Hideaki",
  title        = "Human Pose as Calibration Pattern; 3D Human Pose Estimation with Multiple Unsynchronized and Uncalibrated Cameras",
  booktitle    = "Proc. CVPRW",
  year         = "2018"
}

@article{Garau2020,
  title={Fast automatic camera network calibration through human mesh recovery},
  author={Garau, Nicola and Natale, Francesco G. B. De and Conci, Nicola},
  journal={Journal of Real-Time Image Processing},
  year={2020}
}


@article{tomasi1992shape,
  title={Shape and motion from image streams under orthography: a factorization method},
  author={Tomasi, Carlo and Kanade, Takeo},
  journal=ijcv,
  volume={9},
  number={2},
  pages={137--154},
  year={1992},
}

@inproceedings{brand2002incremental,
  title={Incremental singular value decomposition of uncertain data with missing values},
  author={Brand, Matthew},
  booktitle=eccv,
  pages={707--720},
  year={2002},
}

@INPROCEEDINGS{jiang2013global,
  author={Jiang, Nianjuan and Cui, Zhaopeng and Tan, Ping},
  booktitle=iccv, 
  title={A Global Linear Method for Camera Pose Registration}, 
  year={2013},
  volume={},
  number={},
  doi={10.1109/ICCV.2013.66}}
  
  
  @inproceedings{wei2016convolutional,
  title={Convolutional pose machines},
  author={Wei, Shih-En and Ramakrishna, Varun and Kanade, Takeo and Sheikh, Yaser},
  booktitle=cvpr,
  year={2016}
}

@article{cao2019openpose,
  title={OpenPose: realtime multi-person 2D pose estimation using Part Affinity Fields},
  author={Cao, Zhe and Hidalgo, Gines and Simon, Tomas and Wei, Shih-En and Sheikh, Yaser},
  journal=pami,
  volume={43},
  number={1},
  pages={172--186},
  year={2019},
}


@inproceedings{lin2014mscoco,
  title={Microsoft coco: Common objects in context},
  author={Lin, Tsung-Yi and Maire, Michael and Belongie, Serge and Hays, James and Perona, Pietro and Ramanan, Deva and Doll{\'a}r, Piotr and Zitnick, C Lawrence},
  booktitle=eccv,
  pages={740--755},
  year={2014},
}

@article{mehta2017vnect,
  title={Vnect: Real-time 3d human pose estimation with a single rgb camera},
  author={Mehta, Dushyant and Sridhar, Srinath and Sotnychenko, Oleksandr and Rhodin, Helge and Shafiei, Mohammad and Seidel, Hans-Peter and Xu, Weipeng and Casas, Dan and Theobalt, Christian},
  journal=tog,
  volume={36},
  number={4},
  pages={1--14},
  year={2017},
}

@article{loper2015smpl,
  title={SMPL: A skinned multi-person linear model},
  author={Loper, Matthew and Mahmood, Naureen and Romero, Javier and Pons-Moll, Gerard and Black, Michael J},
  journal=tog,
  volume={34},
  number={6},
  pages={1--16},
  year={2015},
}

@InProceedings{hmrKanazawa17,
  title={End-to-end Recovery of Human Shape and Pose},
  author = {Angjoo Kanazawa and Michael J. Black and David W. Jacobs and Jitendra Malik},
  booktitle=cvpr,
  year={2018}
}

@inproceedings{Bogo:ECCV:2016,
title = {Keep it {SMPL}: Automatic Estimation of {3D} Human Pose and Shape
from a Single Image},
author = {Bogo, Federica and Kanazawa, Angjoo and Lassner, Christoph and
Gehler, Peter and Romero, Javier and Black, Michael J.},
booktitle = eccv,
year = {2016}
}

@article{Lowe:SIFT,
    title = {Distinctive Image Features from Scale-Invariant Keypoints},
    author = {Lowe, David G.},
    journal = ijcv,
    month = nov,
    number = 2,
    numpages = {20},
    pages = {91--110},
    volume = 60,
    year = {2004}
}

@article{fischler_bolles:RANSAC,
  author = {Fischler, M. and Bolles, R.},
  journal = {CACM},
  number = { 6},
  pages = { 381-395},
  title = { Random Sample Consensus: A Paradigm for Model Fitting with Applications to Image Analysis and Automated Cartography},
  volume = { 24},
  year = { 1981}
}


@inproceedings{kanazawa2019hmmr,
  title={Learning 3d human dynamics from video},
  author={Kanazawa, Angjoo and Zhang, Jason Y and Felsen, Panna and Malik, Jitendra},
  booktitle=cvpr,
  year={2019}
}

@InProceedings{Luo_2020_meva,
    author    = {Luo, Zhengyi and Golestaneh, S. Alireza and Kitani, Kris M.},
    title     = {3D Human Motion Estimation via Motion Compression and Refinement},
    booktitle = accv,
    year      = {2020}
}

@inproceedings{iskakov2019learnable,
  title={Learnable triangulation of human pose},
  author={Iskakov, Karim and Burkov, Egor and Lempitsky, Victor and Malkov, Yury},
  booktitle=iccv,
  pages={7718--7727},
  year={2019}
}

@inproceedings{pavllo:videopose3d:2019,
  title={3D human pose estimation in video with temporal convolutions and semi-supervised training},
  author={Pavllo, Dario and Feichtenhofer, Christoph and Grangier, David and Auli, Michael},
  booktitle=cvpr,
  year={2019}
}

@inproceedings{martinez_2017_3dbaseline,
  title={A simple yet effective baseline for 3d human pose estimation},
  author={Martinez, Julieta and Hossain, Rayat and Romero, Javier and Little, James J.},
  booktitle=iccv,
  year={2017}
}
@inproceedings{puwein_2014,
  author = {Puwein, Jens and Ballan, Luca and Ziegler, Remo and Pollefeys, Marc},
  booktitle = accv,
  title = {Joint Camera Pose Estimation and 3D Human Pose Estimation in a Multi-camera Setup},
  year = 2014
}






@inproceedings{Huang_cvpr2016_pedestrian,
  author = {Huang, Shiyao and Ying, Xianghua and Rong, Jiangpeng and Shang, Zeyu and Zha, Hongbin},
  booktitle = cvpr,
  title = {Camera Calibration from Periodic Motion of a Pedestrian.},
  year = 2016
}


@article{Lv_pami2006_walking,
  journal=pami,
  pages = {1513-1518},
  author = {Lv, Fengjun and Zhao, Tao and Nevatia, Ramakant},
  title = {Camera Calibration from Video of a Walking Human.},
  volume = 28,
  year = 2006
}


@article{philip_icv2008_motion,
  
  author = {Tresadern, Philip A. and Reid, Ian D.},
  journal = {Image Vis. Comput.},
  keywords = {dblp},
  number = 6,
  pages = {851-862},
  title = {Camera calibration from human motion.},
  volume = 26,
  year = 2008
}

@inproceedings{zhang_icig2009,
  author = {Zhang, Xiuwei and Zhang, Yanning and Zhang, Xingong and Yang, Tao and Tong, Xiaomin and Zhang, Haichao},
  title = {A Convenient Multi-camera Self-Calibration Method Based on Human Body Motion Analysis},
  booktitle = {Int.~Conf.~on Image and Graphics},
  year = 2009
}



@InProceedings{Moliner,
  author =	 "Olivier Moliner, Sangxia Huang and Kalle Astrom",
  title =	 "Better Prior Knowledge Improves Human-Pose-Based Extrinsic Camera Calibration",
  booktitle = icpr,
  year =	 "2020",
}

@article{Caprile_ijcv1990,

  author = {Caprile, Bruno and Torre, Vincent},
  journal = ijcv,
  keywords = {dblp},
  number = 2,
  pages = {127-139},
  title = {Using vanishing points for camera calibration.},
  volume = 4,
  year = 1990
}
@INPROCEEDINGS{nakano2021,
  author={Nakano, Gaku},
  booktitle={Proc. ICPR}, 
  title={Camera Calibration Using Parallel Line Segments}, 
  year={2021},
  volume={},
  number={},
  pages={1505-1512},
  doi={10.1109/ICPR48806.2021.9412183}}
@inproceedings{Bartoli2003_line
,	title	= {Multiple-View Structure and Motion From Line Correspondences.}
,	author	= {Bartoli, Adrien and Sturm, Peter F.}
,	booktitle	= iccv
,	pages	= {207--212}
,	year	= {2003}
}

@inproceedings{SalaunMM16,
title = {Robust and Accurate Line- and/or Point-Based Pose Estimation without Manhattan Assumptions.},
author = {Salaün, Yohann and Marlet, Renaud and Monasse, Pascal},
booktitle = eccv,
year = {2016}
}




@article{hwang_jang_park_cho_kim_2021, 
    title={Elder{S}im: A Synthetic Data Generation Platform for Human Action Recognition in Eldercare Applications}, 
    DOI={10.1109/access.2021.3051842}, 
    journal={IEEE Access}, 
    author={Hwang, Hochul and Jang, Cheongjae and Park, Geonwoo and Cho, Junghyun and Kim, Ig-Jae}, year={2021}, 
    pages={1–1}}
        
@misc{wu2019detectron2,
  author =       {Yuxin Wu and Alexander Kirillov and Francisco Massa and
                  Wan-Yen Lo and Ross Girshick},
  title =        {Detectron2},
  howpublished = {\url{https://github.com/facebookresearch/detectron2}},
  year =         {2019}
}


@inproceedings{agarwal2009building,
  title={Building Rome in a day},
  author={Agarwal, Sameer and Snavely, Noah and Simon, Ian and Seitz, Steven M and Szeliski, Richard},
  booktitle=iccv,
  year={2009}
}

@InProceedings{taneja2011modeling,
author="Taneja, Aparna
and Ballan, Luca
and Pollefeys, Marc",
title="Modeling Dynamic Scenes Recorded with Freely Moving Cameras",
booktitle=accv,
year="2011",
}

@InProceedings{mustafa2015general,
author = {Mustafa, Armin and Kim, Hansung and Guillemaut, Jean-Yves and Hilton, Adrian},
title = {General Dynamic Scene Reconstruction From Multiple View Video},
booktitle = iccv,
year = {2015}
}

@INPROCEEDINGS{furukawa2008accurate,
  author={Yasutaka Furukawa and Ponce, Jean},
  booktitle=cvpr, 
  title={Accurate camera calibration from multi-view stereo and bundle adjustment}, 
  year={2008},
}

@article{elhayek2015outdoor,
author = {Elhayek, A. and Stoll, C. and Kim, K. I. and Theobalt, C.},
title = {Outdoor Human Motion Capture by Simultaneous Optimization of Pose and Camera Parameters},
journal = cgf,
volume = {34},
number = {6},
pages = {86-98},
year = {2015}
}

@inproceedings{hasler2009markerless,
  title={Markerless motion capture with unsynchronized moving cameras},
  author={Hasler, Nils and Rosenhahn, Bodo and Thormahlen, Thorsten and Wand, Michael and Gall, J{\"u}rgen and Seidel, Hans-Peter},
  booktitle=cvpr,
  year={2009},
}

@InProceedings{simon2017hand,
author = {Simon, Tomas and Joo, Hanbyul and Matthews, Iain and Sheikh, Yaser},
title = {Hand Keypoint Detection in Single Images Using Multiview Bootstrapping},
booktitle = cvpr,
year = {2017}
}

@InProceedings{rhodin2018learning,
author = {Rhodin, Helge and Spörri, Jörg and Katircioglu, Isinsu and Constantin, Victor and Meyer, Frédéric and Müller, Erich and Salzmann, Mathieu and Fua, Pascal},
title = {Learning Monocular 3D Human Pose Estimation From Multi-View Images},
booktitle = cvpr,
year = {2018}
}

@article{moakher2002means,
author = {Moakher, Maher},
title = {Means and Averaging in the Group of Rotations},
year = {2002},
address = {USA},
volume = {24},
number = {1},
journal = {SIAM J. on Matrix Analysis and Applications},
pages = {1–16},
}

@inproceedings{fang2017rmpe,
  title={{RMPE}: Regional Multi-person Pose Estimation},
  author={Fang, Hao-Shu and Xie, Shuqin and Tai, Yu-Wing and Lu, Cewu},
  booktitle=iccv,
  year={2017}
}

@inproceedings{xiu2018poseflow,
  author = {Xiu, Yuliang and Li, Jiefeng and Wang, Haoyu and Fang, Yinghong and Lu, Cewu},
  title = {{Pose Flow}: Efficient Online Pose Tracking},
  booktitle=bmvc,
  year = {2018}
}

@InProceedings{kreiss2019pifpaf,
author = {Kreiss, Sven and Bertoni, Lorenzo and Alahi, Alexandre},
title = {PifPaf: Composite Fields for Human Pose Estimation},
booktitle = cvpr,
year = {2019}
}

@article{horn1987closed,
  title={Closed-form solution of absolute orientation using unit quaternions},
  author={Horn, Berthold KP},
  journal={JOSA-A},
  volume={4},
  number={4},
  pages={629--642},
  year={1987},

}

@article{lepetit2009epnp,
  title={Epnp: An accurate o (n) solution to the pnp problem},
  author={Lepetit, Vincent and Moreno-Noguer, Francesc and Fua, Pascal},
  journal=ijcv,
  volume={81},
  number={2},
  pages={155},
  year={2009},
}

@inproceedings{govindu2001combining,
  title={Combining two-view constraints for motion estimation},
  author={Govindu, Venu Madhav},
  booktitle=cvpr,
  year={2001},
}

@inproceedings{yan2021wide-baseline,
  title={Wide-Baseline Multi-Camera Calibration Using Person Re-Identification},
  author={Yan Xu and Yu-Jhe Li and Xinshuo Weng and Kris Kitani},
  booktitle = cvpr,
  year={2021},
}

@inproceedings{Jakab2020self-supervised,
  title={Self-Supervised Learning of Interpretable Keypoints From Unlabelled Videos},
  author={Tomas Jakab and Ankush Gupta and Hakan Bilen and Andrea Vedaldi},
  booktitle = cvpr,
  year={2020},
}

@article{varol21_surreact,
  title   = {Synthetic Humans for Action Recognition from Unseen Viewpoints},
  author  = {Varol, G{\"u}l and Laptev, Ivan and Schmid, Cordelia and Zisserman, Andrew},
  journal = {IJCV},
  year    = {2021}
}
@article{sadari2020vinet,
  title   = {VI-Net: View-Invariant Quality of Human Movement Assessment},
  author  = {Faegheh Sardari and
               Adeline Paiement and
               Sion L. Hannuna and
               Majid Mirmehdi},
  journal = {Sensors},
  volume = 20, 
  pages={5258},
  year    = {2020}
}


@inproceedings{shahroudy2016ntu,
  title={NTU RGB+D: A large scale dataset for 3D human activity analysis},
  author={Shahroudy, Amir and Liu, Jun and Ng, Tian-Tsong and Wang, Gang},
  booktitle=cvpr,
  pages={1010--1019},
  year={2016}
}

@article{nister2004efficient,
  title={An efficient solution to the five-point relative pose problem},
  author={Nist{\'e}r, David},
  journal=pami,
  volume={26},
  number={6},
  pages={756--770},
  year={2004},
}

@InProceedings{Kocabas_2019_CVPR,
author = {Kocabas, Muhammed and Karagoz, Salih and Akbas, Emre},
title = {Self-Supervised Learning of 3D Human Pose Using Multi-View Geometry},
booktitle = cvpr,
year = {2019}
}

@article{journals_pami_Umeyama91,
  author = {Umeyama, Shinji},
  journal = pami,
  number = 4,
  pages = {376-380},
  timestamp = {2018-11-15T15:01:00.000+0100},
  title = {Least-Squares Estimation of Transformation Parameters Between Two Point Patterns.},
  volume = 13,
  year = 1991
}



@ARTICLE{zhang2000flexible,
  author={Zhang, Zhengyou},
  journal=pami, 
  title={A flexible new technique for camera calibration}, 
  year={2000},
  volume={22},
  number={11},
  pages={1330-1334},
}



@ARTICLE{aruco2014,
  author={S. Garrido-Jurado and R. Muñoz-Salinas and F.J. Madrid-Cuevas and M.J. Marín-Jiménez},
  journal=PR, 
  title={Automatic generation and detection of highly reliable fiducial markers under occlusion}, 
  year={2014},
  volume={47},
  number={6},
  pages={2280-2292},
}

@article{Sun2020PapersMV,
  title={Multi-view video synchronization using motion rhythms of human joints},
  author={S. Sun and Kosuke Takahashi and Dan Mikami and Mariko Isogawa and Yoshinori Kusachi},
  journal={Multimedia Tools and Applications},
  year={2020},
  volume={8},
  pages={100-110}
}

@article{Sigal2010HumanEvaSV,
  title={HumanEva: Synchronized Video and Motion Capture Dataset and Baseline Algorithm for Evaluation of Articulated Human Motion},
  author={Leonid Sigal and Alexandru O. Balan and Michael J. Black},
  journal=ijcv,
  year={2010},
  volume={87},
  pages={4-27}
}



@article{mitchelson2003wand,
  title={Wand-based multiple camera studio calibration},
  author={Mitchelson, Joel and Hilton, Adrian},
  journal={CVSSP Technical Report},
  year={2003},
  publisher={Univ. Surrey}
}



@article{caprile1990using,
  title={Using vanishing points for camera calibration},
  author={Caprile, Bruno and Torre, Vincent},
  journal={International journal of computer vision},
  volume={4},
  number={2},
  pages={127--139},
  year={1990},
  publisher={Springer}
}

@ARTICLE{leeRAL2022,
  author={Lee, Sang-Eun and Shibata, Keisuke and Nonaka, Soma and Nobuhara, Shohei and Nishino, Ko},
  journal={IEEE Robotics and Automation Letters}, 
  title={Extrinsic Camera Calibration From a Moving Person}, 
  year={2022},
  volume={7},
  number={4},
  pages={10344-10351},
  doi={10.1109/LRA.2022.3192629}}



@inproceedings{huang2021dynamic,
  title={Dynamic multi-person mesh recovery from uncalibrated multi-view cameras},
  author={Huang, Buzhen and Shu, Yuan and Zhang, Tianshu and Wang, Yangang},
  booktitle=tdv,
  pages={710--720},
  year={2021},
  organization={IEEE}
}


@article{Saini2022SmartMocapJE,
  title={SmartMocap: Joint Estimation of Human and Camera Motion Using Uncalibrated RGB Cameras},
  author={Nitin Saini and Chun-Hao Paul Huang and Michael J. Black and Aamir Ahmad},
  journal={IEEE Robotics and Automation Letters},
  year={2022},
  volume={8},
  pages={3206-3213}
}

@article{Loper2015SMPLAS,
  title={SMPL: a skinned multi-person linear model},
  author={Matthew Loper and Naureen Mahmood and Javier Romero and Gerard Pons-Moll and Michael J. Black},
  journal={ACM Trans. Graph.},
  year={2015},
  volume={34},
  pages={248:1-248:16}
}

@article{Vo2020SpatiotemporalBA,
  title={Spatiotemporal Bundle Adjustment for Dynamic 3D Human Reconstruction in the Wild},
  author={Minh Vo and Yaser Sheikh and Srinivasa G. Narasimhan},
  journal=pami,
  year={2020},
  volume={44},
  pages={1066-1080}
}



@article{Patzold2022OnlineME,
  title={Online Marker-free Extrinsic Camera Calibration using Person Keypoint Detections},
  author={Bastian Patzold and Simon Bultmann and Sven Behnke},
  journal={ArXiv},
  year={2022},
  volume={abs/2209.07393}
}

@inproceedings{Chen1991ObjectMB,
  title={Object modeling by registration of multiple range images},
  author={Yang Chen and G{\'e}rard G. Medioni},
  booktitle=icra,
  year={1991},
  pages={2724-2729 vol.3}
}

@article{Rohlf2005ProcrustesP,
  title={Procrustes Problems},
  author={F. James Rohlf},
  journal={Journal of the American Statistical Association},
  year={2005},
  volume={100},
  pages={1097 - 1097}
}

@article{Besl1992AMF,
  title={A Method for Registration of 3-D Shapes},
  author={Paul J. Besl and Neil D. McKay},
  journal={IEEE Trans. Pattern Anal. Mach. Intell.},
  year={1992},
  volume={14},
  pages={239-256}
}

@inproceedings{Parkison2018SemanticIC,
  title={Semantic Iterative Closest Point through Expectation-Maximization},
  author={Steven A. Parkison and Lu Gan and Maani Ghaffari Jadidi and Ryan M. Eustice},
  booktitle=bmvc,
  year={2018}
}

@article{Moon1996TheEA,
  title={The expectation-maximization algorithm},
  author={Todd K. Moon},
  journal={IEEE Signal Process. Mag.},
  year={1996},
  volume={13},
  pages={47-60}
}
@article{Lowe2004DistinctiveIF,
  title={Distinctive Image Features from Scale-Invariant Keypoints},
  author={David G. Lowe},
  journal={International Journal of Computer Vision},
  year={2004},
  volume={60},
  pages={91-110}
}

@article{Gioi2012LSDAL,
  title={LSD: a Line Segment Detector},
  author={Rafael Grompone von Gioi and J{\'e}r{\'e}mie Jakubowicz and Jean-Michel Morel and Gregory Randall},
  journal={Image Process. Line},
  year={2012},
  volume={2},
  pages={35-55}
}
@article{Tresadern2009VideoSF,
  title={Video synchronization from human motion using rank constraints},
  author={Philip A. Tresadern and Ian D. Reid},
  journal={Comput. Vis. Image Underst.},
  year={2009},
  volume={113},
  pages={891-906}
}
@inproceedings{Peng2022ARCSAR,
  title={ARCS: Accurate Rotation and Correspondence Search},
  author={Liangzu Peng and Manolis C. Tsakiris and Ren{\'e} Vidal},
  booktitle=cvpr,
  year={2022},
  pages={11143-11153}
}

@inproceedings{Wedge2006MotionGV,
  title={Motion Guided Video Sequence Synchronization},
  author={Daniel Wedge and Du Q. Huynh and Peter Kovesi},
  booktitle={Asian Conference on Computer Vision},
  year={2006}
}
@article{Schnemann1966AGS,
  title={A generalized solution of the orthogonal procrustes problem},
  author={Peter H. Sch{\"o}nemann},
  journal={Psychometrika},
  year={1966},
  volume={31},
  pages={1-10}
}

@inproceedings{cai2022humman,
  title={{HuMMan}: Multi-modal 4d human dataset for versatile sensing and modeling},
  author={Cai, Zhongang and Ren, Daxuan and Zeng, Ailing and Lin, Zhengyu and Yu, Tao and Wang, Wenjia and Fan,
          Xiangyu and Gao, Yang and Yu, Yifan and Pan, Liang and Hong, Fangzhou and Zhang, Mingyuan and
          Loy, Chen Change and Yang, Lei and Liu, Ziwei},
  booktitle=eccv,
  pages={557--577},
  year={2022},
  organization={Springer}
}



@inproceedings{peng2021neural,
        title={Neural Body: Implicit Neural Representations with Structured Latent Codes for Novel View Synthesis of Dynamic Humans},
        author={Pene, Sida and Zhang, Yuanqing and Xu, Yinghao and Wang, Qianqian and Shuai, Qing and Bao, Hujun and Zhou, Xiaowei},
        booktitle={CVPR},
        year={2021}
    }

@article{alphapose,
  author = {Fang, Hao-Shu and Li, Jiefeng and Tang, Hongyang and Xu, Chao and Zhu, Haoyi and Xiu, Yuliang and Li, Yong-Lu and Lu, Cewu},
  journal = pami,
  title = {AlphaPose: Whole-Body Regional Multi-Person Pose Estimation and Tracking in Real-Time},
  year = {2022}
}

@inproceedings{motionbert2022,
  title     =   {MotionBERT: A Unified Perspective on Learning Human Motion Representations}, 
  author    =   {Zhu, Wentao and Ma, Xiaoxuan and Liu, Zhaoyang and Liu, Libin and Wu, Wayne and Wang, Yizhou},
  booktitle =   iccv,
  year      =   {2023},
}
@article{zhou2021osnet,
  title={Learning Generalisable Omni-Scale Representations for Person Re-Identification},
  author={Zhou, Kaiyang and Yang, Yongxin and Cavallaro, Andrea and Xiang, Tao},
  journal={TPAMI},
  year={2021}
}

@article{Umeyama1991LeastSquaresEO,
  title={Least-Squares Estimation of Transformation Parameters Between Two Point Patterns},
  author={Shinji Umeyama},
  journal={IEEE Trans. Pattern Anal. Mach. Intell.},
  year={1991},
  volume={13},
  pages={376-380},
  url={https://api.semanticscholar.org/CorpusID:206421766}
}

@misc{redmon2018yolov3,
      title={YOLOv3: An Incremental Improvement}, 
      author={Joseph Redmon and Ali Farhadi},
      year={2018},
      eprint={1804.02767},
      archivePrefix={arXiv},
      primaryClass={cs.CV}
}

@article{Nistr2004AnES,
  title={An efficient solution to the five-point relative pose problem},
  author={David Nist{\'e}r},
  journal={IEEE Transactions on Pattern Analysis and Machine Intelligence},
  year={2004},
  volume={26},
  pages={756-770},
  url={https://api.semanticscholar.org/CorpusID:886598}
}

@article{Govindu2001CombiningTC,
  title={Combining two-view constraints for motion estimation},
  author={Venu Madhav Govindu},
  journal={Proceedings of the 2001 IEEE Computer Society Conference on Computer Vision and Pattern Recognition. CVPR 2001},
  year={2001},
  volume={2},
  pages={II-II},
  url={https://api.semanticscholar.org/CorpusID:8252027}
}

@article{Lepetit2009EPnPAA,
  title={EPnP: An Accurate O(n) Solution to the PnP Problem},
  author={Vincent Lepetit and Francesc Moreno-Noguer and P. Fua},
  journal={International Journal of Computer Vision},
  year={2009},
  volume={81},
  pages={155-166},
  url={https://api.semanticscholar.org/CorpusID:207252029}
}


@inproceedings{dong2021fast,
  title={Fast and Robust Multi-Person 3D Pose Estimation and Tracking from Multiple Views},
  author={Dong, Junting and Fang, Qi and Jiang, Wen and Yang, Yurou and Bao, Hujun and Zhou, Xiaowei},
  booktitle={T-PAMI},
  year={2021}
}

@article{10.1115/1.3662552,
    author = {Kalman, R. E.},
    title = "{A New Approach to Linear Filtering and Prediction Problems}",
    journal = {Journal of Basic Engineering},
    volume = {82},
    number = {1},
    pages = {35-45},
    year = {1960},
    month = {03},
    abstract = "{The classical filtering and prediction problem is re-examined using the Bode-Shannon representation of random processes and the “state-transition” method of analysis of dynamic systems. New results are: (1) The formulation and methods of solution of the problem apply without modification to stationary and nonstationary statistics and to growing-memory and infinite-memory filters. (2) A nonlinear difference (or differential) equation is derived for the covariance matrix of the optimal estimation error. From the solution of this equation the co-efficients of the difference (or differential) equation of the optimal linear filter are obtained without further calculations. (3) The filtering problem is shown to be the dual of the noise-free regulator problem. The new method developed here is applied to two well-known problems, confirming and extending earlier results. The discussion is largely self-contained and proceeds from first principles; basic concepts of the theory of random processes are reviewed in the Appendix.}",
    issn = {0021-9223},
    doi = {10.1115/1.3662552},
    url = {https://doi.org/10.1115/1.3662552},
    eprint = {https://asmedigitalcollection.asme.org/fluidsengineering/article-pdf/82/1/35/5518977/35\_1.pdf},
}
@INPROCEEDINGS{ndt2003,
  author={Biber, P. and Strasser, W.},
  booktitle=iros, 
  title={The normal distributions transform: a new approach to laser scan matching}, 
  year={2003},
  volume={3},
  number={},
  pages={2743-2748 vol.3}}


@article{Fisher1953DispersionOA,
  title={Dispersion on a sphere},
  author={Rory A. Fisher},
  journal={Proceedings of the Royal Society of London. Series A. Mathematical and Physical Sciences},
  year={1953},
  volume={217},
  pages={295 - 305},
  url={https://api.semanticscholar.org/CorpusID:123166853}
}

@misc{solà2021micro,
      title={A micro Lie theory for state estimation in robotics}, 
      author={Joan Solà and Jeremie Deray and Dinesh Atchuthan},
      year={2021},
      eprint={1812.01537},
      archivePrefix={arXiv},
      primaryClass={cs.RO}
}
@misc{vSLAM,
title={14 Lectures on Visual SLAM: From Theory to Practice},
publisher = {Publishing House of Electronics Industry},
year = {2017},
author = {Xiang Gao and Tao Zhang and Yi Liu and Qinrui Yan},
} 


@article{Bijsterbosch2010SolvingTR,
  title={Solving the Rectangular assignment problem and applications},
  author={J. Bijsterbosch and A. Volgenant},
  journal={Annals of Operations Research},
  year={2010},
  volume={181},
  pages={443-462}
}

@misc{naphade20237th,
      title={The 7th AI City Challenge}, 
      author={Milind Naphade and Shuo Wang and David C. Anastasiu and Zheng Tang and Ming-Ching Chang and Yue Yao and Liang Zheng and Mohammed Shaiqur Rahman and Meenakshi S. Arya and Anuj Sharma and Qi Feng and Vitaly Ablavsky and Stan Sclaroff and Pranamesh Chakraborty and Sanjita Prajapati and Alice Li and Shangru Li and Krishna Kunadharaju and Shenxin Jiang and Rama Chellappa},
      year={2023},
      eprint={2304.07500},
      archivePrefix={arXiv},
      primaryClass={cs.CV}
}

@inproceedings{chen2020cross,
  title={Cross-view tracking for multi-human 3d pose estimation at over 100 fps},
  author={Chen, Long and Ai, Haizhou and Chen, Rui and Zhuang, Zijie and Liu, Shuang},
  booktitle=cvpr,
  pages={3279--3288},
  year={2020}
}

@inproceedings{Xu_2022_BMVC,
author    = {Yan Xu and Kris Kitani},
title     = {Multi-View Multi-Person 3D Pose Estimation with Uncalibrated Camera Networks},
booktitle = {33rd British Machine Vision Conference 2022, {BMVC} 2022, London, UK, November 21-24, 2022},
publisher = {{BMVA} Press},
year      = {2022},
url       = {https://bmvc2022.mpi-inf.mpg.de/0132.pdf}
}


@article{liao2023mirrorcalib,
  title={MirrorCalib: Utilizing Human Pose Information for Mirror-based Virtual Camera Calibration},
  author={Liao, Longyun and Mitchell, Andrew and Zheng, Rong},
  journal={arXiv preprint arXiv:2311.02791},
  year={2023}
}

@ARTICLE{Huang2023Hcalib,
  author={Huang, Buzhen and Ju, Jingyi and Shu, Yuan and Wang, Yangang},
  journal={IEEE Transactions on Circuits and Systems for Video Technology}, 
  title={Simultaneously Recovering Multi-Person Meshes and Multi-View Cameras with Human Semantics}, 
  year={2023},
  volume={},
  number={},
  pages={1-1},
  keywords={Cameras;Calibration;Semantics;Optimization;Three-dimensional displays;Dynamics;Noise measurement;Multi-person mesh recovery;camera calibration;motion prior and cross-view correspondence},
  doi={10.1109/TCSVT.2023.3328371}}


@inproceedings{Liu_Ai_Xing_Li_Wang_Tao_2024, title={Advancing Video Synchronization with Fractional Frame Analysis: Introducing a Novel Dataset and Model}, booktitle=aaai, author={Liu, Yuxuan and Ai, Haizhou and Xing, Junliang and Li, Xuri and Wang, Xiaoyi and Tao, Pin}, year={2024}, month={Mar.}, pages={3828-3836} }




@inproceedings{han2021mmptrack,
  title={MMPTRACK: Large-scale densely annotated multi-camera multiple people tracking benchmark},
  author={Han, Xiaotian and You, Quanzeng and Wang, Chunyu and Zhang, Zhizheng and Chu, Peng and Hu, Houdong and Wang, Jiang and Liu, Zicheng},
  booktitle=cvpr,
  pages={4860--4869},
  year={2023}
}

@inproceedings{chen2023beyond,
  title={Beyond Appearance: a Semantic Controllable Self-Supervised Learning Framework for Human-Centric Visual Tasks},
  author={Weihua Chen and Xianzhe Xu and Jian Jia and Hao Luo and Yaohua Wang and Fan Wang and Rong Jin and Xiuyu Sun},
  booktitle=cvpr,
  year={2023},
}

@INPROCEEDINGS{chsong-2024-cvpr,  
    AUTHOR = { Chaehyeon Song and Jaeho Shin and Myung-Hwan Jeon and Jongwoo Lim and Ayoung Kim },  
    TITLE = { Unbiased Estimator for Distorted Conic in Camera Calibration },  
    BOOKTITLE = { IEEE/CVF Conference on Computer Vision and Pattern Recognition (CVPR) },  
    YEAR = { 2024 },  
    MONTH = { June. },  
    ADDRESS = { Seattle },  
}

@inproceedings{elhayek2012feature,
  title={Feature-based multi-video synchronization with subframe accuracy},
  author={Elhayek, Ahmed and Stoll, Carsten and Kim, Kwang In and Seidel, H-P and Theobalt, Christian},
  booktitle={Joint DAGM (German Association for Pattern Recognition) and OAGM Symposium},
  pages={266--275},
  year={2012},
  organization={Springer}
}
@inproceedings{bazin2016actionsnapping,
  title={Actionsnapping: Motion-based video synchronization},
  author={Bazin, Jean-Charles and Sorkine-Hornung, Alexander},
  booktitle={Computer Vision--ECCV 2016: 14th European Conference, Amsterdam, The Netherlands, October 11-14, 2016, Proceedings, Part V 14},
  pages={155--169},
  year={2016},
  organization={Springer}
}
@article{shin2024pelical,
  title={PeLiCal: Targetless Extrinsic Calibration via Penetrating Lines for RGB-D Cameras with Limited Co-visibility},
  author={Shin, Jaeho and Yun, Seungsang and Kim, Ayoung},
  journal={arXiv preprint arXiv:2404.13949},
  year={2024}
}

@inproceedings{pellegrini2008generalisation,
  title={A Generalisation of the ICP Algorithm for Articulated Bodies.},
  author={Pellegrini, Stefano and Schindler, Konrad and Nardi, Daniele and others},
  booktitle={BMVC},
  volume={3},
  pages={4},
  year={2008},
  organization={Citeseer}
}

@article{myronenko2010point,
  title={Point set registration: Coherent point drift},
  author={Myronenko, Andriy and Song, Xubo},
  journal=pami,
  volume={32},
  number={12},
  pages={2262--2275},
  year={2010},
  publisher={IEEE}
}
@inproceedings{segal2009generalized,
  title={Generalized-icp.},
  author={Segal, Aleksandr and Haehnel, Dirk and Thrun, Sebastian},
  booktitle={Robotics: science and systems},
  volume={2},
  number={4},
  pages={435},
  year={2009},
  organization={Seattle, WA}
}

@article{huang2021comprehensive,
  title={A comprehensive survey on point cloud registration},
  author={Huang, Xiaoshui and Mei, Guofeng and Zhang, Jian and Abbas, Rana},
  journal={arXiv preprint arXiv:2103.02690},
  year={2021}
}
@inproceedings{yang2019quaternion,
  title={A quaternion-based certifiably optimal solution to the Wahba problem with outliers},
  author={Yang, Heng and Carlone, Luca},
  booktitle=iccv,
  pages={1665--1674},
  year={2019}
}
@inproceedings{cipolla1999camera,
  title={Camera Calibration from Vanishing Points in Image of Architectural Scenes.},
  author={Cipolla, Roberto and Drummond, Tom and Robertson, Duncan P},
  booktitle={BMVC},
  volume={99},
  pages={382--391},
  year={1999}
}
@InProceedings{Ye_2023_CVPR,
    author    = {Ye, Vickie and Pavlakos, Georgios and Malik, Jitendra and Kanazawa, Angjoo},
    title     = {Decoupling Human and Camera Motion From Videos in the Wild},
    booktitle = cvpr,
    month     = {June},
    year      = {2023},
    pages     = {21222-21232}
}

@inproceedings{ye2023decoupling,
  title={Decoupling human and camera motion from videos in the wild},
  author={Ye, Vickie and Pavlakos, Georgios and Malik, Jitendra and Kanazawa, Angjoo},
  booktitle={Proceedings of the IEEE/CVF conference on computer vision and pattern recognition},
  pages={21222--21232},
  year={2023}
}
@article{xu2023multi,
  title={Multi-View Person Matching and 3D Pose Estimation with Arbitrary Uncalibrated Camera Networks},
  author={Xu, Yan and Kitani, Kris},
  journal={arXiv preprint arXiv:2312.01561},
  year={2023}
}
@article{li2024multi,
  title={Multi-Person 3D Pose Estimation from Multi-View Uncalibrated Depth Cameras},
  author={Li, Yu-Jhe and Xu, Yan and Khirodkar, Rawal and Park, Jinhyung and Kitani, Kris},
  journal={arXiv preprint arXiv:2401.15616},
  year={2024}
}
@inproceedings{zhou2012generalized,
  title={Generalized time warping for multi-modal alignment of human motion},
  author={Zhou, Feng and De la Torre, Fernando},
  booktitle={2012 IEEE Conference on Computer Vision and Pattern Recognition},
  pages={1282--1289},
  year={2012},
  organization={IEEE}
}

@inproceedings{wu2019multi,
  title={Multi-video temporal synchronization by matching pose features of shared moving subjects},
  author={Wu, Xinyi and Wu, Zhenyao and Zhang, Yujun and Ju, Lili and Wang, Song},
  booktitle={Proc. CVPRW},
  year={2019}
}@inproceedings{jenni2020self,
  title={Self-supervised multi-view synchronization learning for 3d pose estimation},
  author={Jenni, Simon and Favaro, Paolo},
  booktitle=accv,
  year={2020}
}
@inproceedings{albl2017two,
  title={On the two-view geometry of unsynchronized cameras},
  author={Albl, Cenek and Kukelova, Zuzana and Fitzgibbon, Andrew and Heller, Jan and Smid, Matej and Pajdla, Tomas},
  booktitle=cvpr,
  pages={4847--4856},
  year={2017}
}
@article{sun2020multi,
  title={Multi-view video synchronization using motion rhythms of human joints},
  author={Sun, Siqi and Takahashi, Kosuke and Mikami, Dan and Isogawa, Mariko and Kusachi, Yoshinori},
  journal={ITE Transactions on Media Technology and Applications},
  volume={8},
  number={2},
  pages={100--110},
  year={2020},
  publisher={The Institute of Image Information and Television Engineers}
}

@inproceedings{kummerle2011g,
  title={g2o: A general framework for graph optimization},
  author={K{\"u}mmerle, Rainer and Grisetti, Giorgio and Strasdat, Hauke and Konolige, Kurt and Burgard, Wolfram},
  booktitle=icra,
  pages={3607--3613},
  year={2011},
  organization={IEEE}
}


@inproceedings{basha2012photo,
  title={Photo sequencing},
  author={Basha, Tali and Moses, Yael and Avidan, Shai},
  booktitle=eccv,
  pages={654--667},
  year={2012},
  organization={Springer}
}


@article{caspi2006feature,
  title={Feature-based sequence-to-sequence matching},
  author={Caspi, Yaron and Simakov, Denis and Irani, Michal},
  journal=ijcv,
  volume={68},
  pages={53--64},
  year={2006},
  publisher={Springer}
}

@article{dehaeck2023wide,
  title={Wide-baseline multi-camera calibration from a room filled with people},
  author={Dehaeck, Sam and Domken, Corentin and Bey-Temsamani, Abdellatif and Abedrabbo, Gabriel},
  journal={Machine Vision and Applications},
  volume={34},
  number={3},
  pages={45},
  year={2023},
  publisher={Springer}
}


@article{gower1975generalized,
  title={Generalized procrustes analysis},
  author={Gower, John C},
  journal={Psychometrika},
  volume={40},
  pages={33--51},
  year={1975},
  publisher={Springer}
}


@inproceedings{besl1992method,
  title={Method for registration of 3-D shapes},
  author={Besl, Paul J and McKay, Neil D},
  booktitle={Sensor fusion IV: control paradigms and data structures},
  volume={1611},
  pages={586--606},
  year={1992},
  organization={Spie}
}
@inproceedings{schonberger2016structure,
  title={Structure-from-motion revisited},
  author={Schonberger, Johannes L and Frahm, Jan-Michael},
  booktitle=cvpr,
  pages={4104--4113},
  year={2016}
}

