@article{Garau2020,
  title={Fast automatic camera network calibration through human mesh recovery},
  author={Garau, Nicola and Natale, Francesco G. B. De and Conci, Nicola},
  journal={Journal of Real-Time Image Processing},
  year={2020}
}

@article{Joo_2017_TPAMI,
  title={Panoptic Studio: A Massively Multiview System for Social Interaction Capture},
  author={Joo, Hanbyul and Simon, Tomas and Li, Xulong and Liu, Hao and Tan, Lei and Gui, Lin and Banerjee, Sean and Godisart, Timothy Scott and Nabbe, Bart and Matthews, Iain and Kanade, Takeo and Nobuhara, Shohei and Sheikh, Yaser},
  journal=pami,
  year={2017}
}

@inproceedings{Liu_Ai_Xing_Li_Wang_Tao_2024, title={Advancing Video Synchronization with Fractional Frame Analysis: Introducing a Novel Dataset and Model}, booktitle=aaai, author={Liu, Yuxuan and Ai, Haizhou and Xing, Junliang and Li, Xuri and Wang, Xiaoyi and Tao, Pin}, year={2024}, month={Mar.}, pages={3828-3836} }

@article{Lv_pami2006_walking,
  journal=pami,
  pages = {1513-1518},
  author = {Lv, Fengjun and Zhao, Tao and Nevatia, Ramakant},
  title = {Camera Calibration from Video of a Walking Human.},
  volume = 28,
  year = 2006
}

@inproceedings{Parkison2018SemanticIC,
  title={Semantic Iterative Closest Point through Expectation-Maximization},
  author={Steven A. Parkison and Lu Gan and Maani Ghaffari Jadidi and Ryan M. Eustice},
  booktitle=bmvc,
  year={2018}
}

@inproceedings{Peng2022ARCSAR,
  title={ARCS: Accurate Rotation and Correspondence Search},
  author={Liangzu Peng and Manolis C. Tsakiris and Ren{\'e} Vidal},
  booktitle=cvpr,
  year={2022},
  pages={11143-11153}
}

@article{Schnemann1966AGS,
  title={A generalized solution of the orthogonal procrustes problem},
  author={Peter H. Sch{\"o}nemann},
  journal={Psychometrika},
  year={1966},
  volume={31},
  pages={1-10}
}

@article{Sigal2010HumanEvaSV,
  title={HumanEva: Synchronized Video and Motion Capture Dataset and Baseline Algorithm for Evaluation of Articulated Human Motion},
  author={Leonid Sigal and Alexandru O. Balan and Michael J. Black},
  journal=ijcv,
  year={2010},
  volume={87},
  pages={4-27}
}

@InProceedings{Takahashi18,
  author       = "Takahashi, Kosuke and Mikami, Dan and Isogawa, Mariko and Kimata, Hideaki",
  title        = "Human Pose as Calibration Pattern; 3D Human Pose Estimation with Multiple Unsynchronized and Uncalibrated Cameras",
  booktitle    = "Proc. CVPRW",
  year         = "2018"
}

@article{Vo2020SpatiotemporalBA,
  title={Spatiotemporal Bundle Adjustment for Dynamic 3D Human Reconstruction in the Wild},
  author={Minh Vo and Yaser Sheikh and Srinivasa G. Narasimhan},
  journal=pami,
  year={2020},
  volume={44},
  pages={1066-1080}
}

@InProceedings{Zhang96,
  author =	 "Z. Zhang",
  title =	 "On the Epipolar Geometry Between Two Images With
                  Lens Distortion",
  booktitle =	 icpr,
  year =	 "1996",
  pages =	 "407--411",
}

@inproceedings{albl2017two,
  title={On the two-view geometry of unsynchronized cameras},
  author={Albl, Cenek and Kukelova, Zuzana and Fitzgibbon, Andrew and Heller, Jan and Smid, Matej and Pajdla, Tomas},
  booktitle=cvpr,
  pages={4847--4856},
  year={2017}
}

@ARTICLE{aruco2014,
  author={S. Garrido-Jurado and R. Muñoz-Salinas and F.J. Madrid-Cuevas and M.J. Marín-Jiménez},
  journal=PR, 
  title={Automatic generation and detection of highly reliable fiducial markers under occlusion}, 
  year={2014},
  volume={47},
  number={6},
  pages={2280-2292},
}

@inproceedings{besl1992method,
  title={Method for registration of 3-D shapes},
  author={Besl, Paul J and McKay, Neil D},
  booktitle={Sensor fusion IV: control paradigms and data structures},
  volume={1611},
  pages={586--606},
  year={1992},
  organization={Spie}
}

@article{caspi2006feature,
  title={Feature-based sequence-to-sequence matching},
  author={Caspi, Yaron and Simakov, Denis and Irani, Michal},
  journal=ijcv,
  volume={68},
  pages={53--64},
  year={2006},
  publisher={Springer}
}

@inproceedings{elhayek2012feature,
  title={Feature-based multi-video synchronization with subframe accuracy},
  author={Elhayek, Ahmed and Stoll, Carsten and Kim, Kwang In and Seidel, H-P and Theobalt, Christian},
  booktitle={Joint DAGM (German Association for Pattern Recognition) and OAGM Symposium},
  pages={266--275},
  year={2012},
  organization={Springer}
}

@article{gower1975generalized,
  title={Generalized procrustes analysis},
  author={Gower, John C},
  journal={Psychometrika},
  volume={40},
  pages={33--51},
  year={1975},
  publisher={Springer}
}

@inproceedings{hasler2009markerless,
  title={Markerless motion capture with unsynchronized moving cameras},
  author={Hasler, Nils and Rosenhahn, Bodo and Thormahlen, Thorsten and Wand, Michael and Gall, J{\"u}rgen and Seidel, Hans-Peter},
  booktitle=cvpr,
  year={2009},
}

@inproceedings{huang2021dynamic,
  title={Dynamic multi-person mesh recovery from uncalibrated multi-view cameras},
  author={Huang, Buzhen and Shu, Yuan and Zhang, Tianshu and Wang, Yangang},
  booktitle=tdv,
  pages={710--720},
  year={2021},
  organization={IEEE}
}

@inproceedings{jenni2020self,
  title={Self-supervised multi-view synchronization learning for 3d pose estimation},
  author={Jenni, Simon and Favaro, Paolo},
  booktitle=accv,
  year={2020}
}

@ARTICLE{leeRAL2022,
  author={Lee, Sang-Eun and Shibata, Keisuke and Nonaka, Soma and Nobuhara, Shohei and Nishino, Ko},
  journal={IEEE Robotics and Automation Letters}, 
  title={Extrinsic Camera Calibration From a Moving Person}, 
  year={2022},
  volume={7},
  number={4},
  pages={10344-10351},
  doi={10.1109/LRA.2022.3192629}}

@article{li2024multi,
  title={Multi-Person 3D Pose Estimation from Multi-View Uncalibrated Depth Cameras},
  author={Li, Yu-Jhe and Xu, Yan and Khirodkar, Rawal and Park, Jinhyung and Kitani, Kris},
  journal={arXiv preprint arXiv:2401.15616},
  year={2024}
}

@article{myronenko2010point,
  title={Point set registration: Coherent point drift},
  author={Myronenko, Andriy and Song, Xubo},
  journal=pami,
  volume={32},
  number={12},
  pages={2262--2275},
  year={2010},
  publisher={IEEE}
}

@INPROCEEDINGS{nakano2021,
  author={Nakano, Gaku},
  booktitle={Proc. ICPR}, 
  title={Camera Calibration Using Parallel Line Segments}, 
  year={2021},
  volume={},
  number={},
  pages={1505-1512},
  doi={10.1109/ICPR48806.2021.9412183}}

@inproceedings{segal2009generalized,
  title={Generalized-icp.},
  author={Segal, Aleksandr and Haehnel, Dirk and Thrun, Sebastian},
  booktitle={Robotics: science and systems},
  volume={2},
  number={4},
  pages={435},
  year={2009},
  organization={Seattle, WA}
}

@inproceedings{wu2019multi,
  title={Multi-video temporal synchronization by matching pose features of shared moving subjects},
  author={Wu, Xinyi and Wu, Zhenyao and Zhang, Yujun and Ju, Lili and Wang, Song},
  booktitle={Proc. CVPRW},
  year={2019}
}

@article{xu2023multi,
  title={Multi-View Person Matching and 3D Pose Estimation with Arbitrary Uncalibrated Camera Networks},
  author={Xu, Yan and Kitani, Kris},
  journal={arXiv preprint arXiv:2312.01561},
  year={2023}
}

@inproceedings{yan2021wide-baseline,
  title={Wide-Baseline Multi-Camera Calibration Using Person Re-Identification},
  author={Yan Xu and Yu-Jhe Li and Xinshuo Weng and Kris Kitani},
  booktitle = cvpr,
  year={2021},
}

@inproceedings{yang2019quaternion,
  title={A quaternion-based certifiably optimal solution to the Wahba problem with outliers},
  author={Yang, Heng and Carlone, Luca},
  booktitle=iccv,
  pages={1665--1674},
  year={2019}
}

