@inproceedings{chmiel2023accurate,
  title={Accurate neural training with 4-bit matrix multiplications at standard formats},
  author={Chmiel, Brian and Banner, Ron and Hoffer, Elad and Ben-Yaacov, Hilla and Soudry, Daniel},
  booktitle={The Eleventh International Conference on Learning Representations},
  year={2023}
}

@article{fishman2024scaling,
  title={Scaling FP8 training to trillion-token LLMs},
  author={Fishman, Maxim and Chmiel, Brian and Banner, Ron and Soudry, Daniel},
  journal={arXiv preprint arXiv:2409.12517},
  year={2024}
}

@article{fu2021cpt,
  title={Cpt: Efficient deep neural network training via cyclic precision},
  author={Fu, Yonggan and Guo, Han and Li, Meng and Yang, Xin and Ding, Yining and Chandra, Vikas and Lin, Yingyan},
  journal={arXiv preprint arXiv:2101.09868},
  year={2021}
}

@article{micikevicius2022fp8,
  title={Fp8 formats for deep learning},
  author={Micikevicius, Paulius and Stosic, Dusan and Burgess, Neil and Cornea, Marius and Dubey, Pradeep and Grisenthwaite, Richard and Ha, Sangwon and Heinecke, Alexander and Judd, Patrick and Kamalu, John and others},
  journal={arXiv preprint arXiv:2209.05433},
  year={2022}
}

@article{sun2019hybrid,
  title={Hybrid 8-bit floating point (HFP8) training and inference for deep neural networks},
  author={Sun, Xiao and Choi, Jungwook and Chen, Chia-Yu and Wang, Naigang and Venkataramani, Swagath and Srinivasan, Vijayalakshmi Viji and Cui, Xiaodong and Zhang, Wei and Gopalakrishnan, Kailash},
  journal={Advances in neural information processing systems},
  volume={32},
  year={2019}
}

@article{wang2018training,
  title={Training deep neural networks with 8-bit floating point numbers},
  author={Wang, Naigang and Choi, Jungwook and Brand, Daniel and Chen, Chia-Yu and Gopalakrishnan, Kailash},
  journal={Advances in neural information processing systems},
  volume={31},
  year={2018}
}

@article{wang2025optimizing,
  title={Optimizing Large Language Model Training Using FP4 Quantization},
  author={Wang, Ruizhe and Gong, Yeyun and Liu, Xiao and Zhao, Guoshuai and Yang, Ziyue and Guo, Baining and Zha, Zhengjun and Cheng, Peng},
  journal={arXiv preprint arXiv:2501.17116},
  year={2025}
}

@article{xi2023training,
  title={Training transformers with 4-bit integers},
  author={Xi, Haocheng and Li, Changhao and Chen, Jianfei and Zhu, Jun},
  journal={Advances in Neural Information Processing Systems},
  volume={36},
  pages={49146--49168},
  year={2023}
}

