@inproceedings{bilovs2021neural,
  title={Neural flows: Efficient alternative to neural ODEs},
  author={Bilo{\v{s}}, Marin and Sommer, Johanna and Rangapuram, Syama Sundar and Januschowski, Tim and G{\"u}nnemann, Stephan},
  booktitle={Advances in neural information processing systems},
  volume={34},
  pages={21325--21337},
  year={2021}
}

@book{chopin2020introduction,
  title={An introduction to sequential {M}onte {C}arlo},
  author={Chopin, Nicolas and Papaspiliopoulos, Omiros and others},
  volume={4},
  year={2020},
  publisher={Springer}
}

@article{naesseth2019elements,
  title={Elements of sequential {M}onte {C}arlo},
  author={Naesseth, Christian A and Lindsten, Fredrik and Sch{\"o}n, Thomas B and others},
  journal={Foundations and Trends{\textregistered} in Machine Learning},
  volume={12},
  number={3},
  pages={307--392},
  year={2019},
  publisher={Now Publishers, Inc.}
}

@article{giles2006smoking,
  title={Smoking adjoints: Fast {M}onte {C}arlo greeks},
  author={Giles, Mike and Glasserman, Paul},
  journal={Risk},
  volume={19},
  number={1},
  pages={88--92},
  year={2006}
}

@article{gobet2005sensitivity,
  title={Sensitivity analysis using {I}t\^o--{M}alliavin calculus and martingales, and application to stochastic optimal control},
  author={Gobet, Emmanuel and Munos, R{\'e}mi},
  journal={SIAM Journal on control and optimization},
  volume={43},
  number={5},
  pages={1676--1713},
  year={2005},
  publisher={SIAM}
}

@article{yang1991monte,
  title={A {M}onte {C}arlo method for sensitivity analysis and parametric optimization of nonlinear stochastic systems},
  author={Yang, Jichuan and Kushner, Harold J},
  journal={SIAM journal on control and optimization},
  volume={29},
  number={5},
  pages={1216--1249},
  year={1991},
  publisher={SIAM}
}

%%%%%%%%%%%%%%%%%%%%%%%%%%%%%%%%%%%%%%%%%%%%%%%%%%%%%%%%%%%%%%%%%%%%%%%% Generative Models %%%%%%%%%%%%%%%%%%%%%%%%%%%%%%%%%%%%%%%%%%%%%%%%%%%%%%%%%%%%%%%%%%%%%%%%
%%%%%%%%%%%%%%%%%%%%%%%%%% Books & Surveys %%%%%%%%%%%%%%%%%%%%%%%%%%
@book{mackay2003information,
  title={Information theory, inference and learning algorithms},
  author={MacKay, David JC},
  year={2003},
  publisher={Cambridge university press}
}
@article{creswell2018generative,
  title={Generative adversarial networks: An overview},
  author={Creswell, Antonia and White, Tom and Dumoulin, Vincent and Arulkumaran, Kai and Sengupta, Biswa and Bharath, Anil A},
  journal={IEEE Signal Processing Magazine},
  volume={35},
  number={1},
  pages={53--65},
  year={2018},
  publisher={IEEE}
}
@article{papamakarios2021normalizing,
  title={Normalizing flows for probabilistic modeling and inference},
  author={Papamakarios, George and Nalisnick, Eric and Rezende, Danilo Jimenez and Mohamed, Shakir and Lakshminarayanan, Balaji},
  journal={The Journal of Machine Learning Research},
  volume={22},
  number={1},
  pages={2617--2680},
  year={2021},
}
@book{tomczak2022deep,
  title={Deep generative modeling},
  author={Tomczak, Jakub M},
  year={2022},
  publisher={Springer}
}
@article{yang2022diffusion,
  title={Diffusion models: A comprehensive survey of methods and applications},
  author={Yang, Ling and Zhang, Zhilong and Song, Yang and Hong, Shenda and Xu, Runsheng and Zhao, Yue and Shao, Yingxia and Zhang, Wentao and Cui, Bin and Yang, Ming-Hsuan},
  journal={arXiv preprint arXiv:2209.00796},
  year={2022}
}
@article{song2017pixeldefend,
  title={Pixeldefend: Leveraging generative models to understand and defend against adversarial examples},
  author={Song, Yang and Kim, Taesup and Nowozin, Sebastian and Ermon, Stefano and Kushman, Nate},
  journal={arXiv preprint arXiv:1710.10766},
  year={2017}
}


%%%%%%%%%%%%%%%%%%%%%%%%%%%%%%%%%%%%%%%%%%%%%%%%%%%%%%%%%%%%%%%%%%%%%%%% GAN %%%%%%%%%%%%%%%%%%%%%%%%%%%%%%%%%%%%%%%%%%%%%%%%%%%%%%%%%%%%%%%%%%%%%%%%
%%%%%%%%%%%%%%%%%%%%%%%%%% Classic %%%%%%%%%%%%%%%%%%%%%%%%%%
@article{goodfellow2014generative,
  title={Generative adversarial nets},
  author={Goodfellow, Ian and Pouget-Abadie, Jean and Mirza, Mehdi and Xu, Bing and Warde-Farley, David and Ozair, Sherjil and Courville, Aaron and Bengio, Yoshua},
  journal={Advances in neural information processing systems},
  volume={27},
  year={2014}
}


%%%%%%%%%%%%%%%%%%%%%%%%%% SOTA %%%%%%%%%%%%%%%%%%%%%%%%%%
%  TODO


%%%%%%%%%%%%%%%%%%%%%%%%%% Problems %%%%%%%%%%%%%%%%%%%%%%%%%%
@article{arjovsky2017wasserstein,
  title={Wasserstein {GAN}. arXiv 2017},
  author={Arjovsky, Martin and Chintala, Soumith and Bottou, L{\'e}on},
  journal={arXiv preprint arXiv:1701.07875},
  volume={30},
  pages={4},
  year={2017}
}
@article{gulrajani2017improved,
  title={Improved training of {W}asserstein {GANs}},
  author={Gulrajani, Ishaan and Ahmed, Faruk and Arjovsky, Martin and Dumoulin, Vincent and Courville, Aaron C},
  journal={Advances in neural information processing systems},
  volume={30},
  year={2017}
}
@inproceedings{karras2019style,
  title={A style-based generator architecture for generative adversarial networks},
  author={Karras, Tero and Laine, Samuli and Aila, Timo},
  booktitle={Proceedings of the IEEE/CVF conference on computer vision and pattern recognition},
  pages={4401--4410},
  year={2019}
}
@article{brock2018large,
  title={Large scale {GAN} training for high fidelity natural image synthesis},
  author={Brock, Andrew and Donahue, Jeff and Simonyan, Karen},
  journal={arXiv preprint arXiv:1809.11096},
  year={2018}
}
@article{zhao2018bias,
  title={Bias and generalization in deep generative models: An empirical study},
  author={Zhao, Shengjia and Ren, Hongyu and Yuan, Arianna and Song, Jiaming and Goodman, Noah and Ermon, Stefano},
  journal={Advances in Neural Information Processing Systems},
  volume={31},
  year={2018}
}
@inproceedings{thanh2020catastrophic,
  title={Catastrophic forgetting and mode collapse in {GANs}},
  author={Thanh-Tung, Hoang and Tran, Truyen},
  booktitle={2020 International Joint Conference on Neural Networks (IJCNN)},
  pages={1--10},
  year={2020},
  organization={IEEE}
}


%%%%%%%%%%%%%%%%%%%%%%%%%% Other %%%%%%%%%%%%%%%%%%%%%%%%%%
@article{dai2017good,
  title={Good semi-supervised learning that requires a bad gan},
  author={Dai, Zihang and Yang, Zhilin and Yang, Fan and Cohen, William W and Salakhutdinov, Russ R},
  journal={Advances in neural information processing systems},
  volume={30},
  year={2017}
}


%%%%%%%%%%%%%%%%%%%%%%%%%%%%%%%%%%%%%%%%%%%%%%%%%%%%%%%%%%%%%%%%%%%%%%%% AR %%%%%%%%%%%%%%%%%%%%%%%%%%%%%%%%%%%%%%%%%%%%%%%%%%%%%%%%%%%%%%%%%%%%%%%%
%%%%%%%%%%%%%%%%%%%%%%%%%% SOTA %%%%%%%%%%%%%%%%%%%%%%%%%%
@inproceedings{ramesh2021zero,
  title={Zero-shot text-to-image generation},
  author={Ramesh, Aditya and Pavlov, Mikhail and Goh, Gabriel and Gray, Scott and Voss, Chelsea and Radford, Alec and Chen, Mark and Sutskever, Ilya},
  booktitle={International Conference on Machine Learning},
  pages={8821--8831},
  year={2021},
  organization={PMLR}
}

%%%%%%%%%%%%%%%%%%%%%%%%%% Problems %%%%%%%%%%%%%%%%%%%%%%%%%%
@inproceedings{zhang2021understanding,
  title={Understanding failures in out-of-distribution detection with deep generative models},
  author={Zhang, Lily and Goldstein, Mark and Ranganath, Rajesh},
  booktitle={International Conference on Machine Learning},
  pages={12427--12436},
  year={2021},
  organization={PMLR}
}


%%%%%%%%%%%%%%%%%%%%%%%%%%%%%%%%%%%%%%%%%%%%%%%%%%%%%%%%%%%%%%%%%%%%%%%% VAE %%%%%%%%%%%%%%%%%%%%%%%%%%%%%%%%%%%%%%%%%%%%%%%%%%%%%%%%%%%%%%%%%%%%%%%%
%%%%%%%%%%%%%%%%%%%%%%%%%% Classic %%%%%%%%%%%%%%%%%%%%%%%%%%
@article{kingma2014auto,
  title={Auto-encoding variational {B}ayes},
  author={Kingma, Diederik P and Welling, Max},
  journal={International Conference on Learning Representations},
  year={2014}
}
@inproceedings{rezende2014stochastic,
  title={Stochastic backpropagation and approximate inference in deep generative models},
  author={Rezende, Danilo Jimenez and Mohamed, Shakir and Wierstra, Daan},
  booktitle={International conference on machine learning},
  pages={1278--1286},
  year={2014},
  organization={PMLR}
}


%%%%%%%%%%%%%%%%%%%%%%%%%%%%%%%%%%%%%%%%%%%%%%%%%%%%%%%%%%%%%%%%%%%%%%%% Flow %%%%%%%%%%%%%%%%%%%%%%%%%%%%%%%%%%%%%%%%%%%%%%%%%%%%%%%%%%%%%%%%%%%%%%%%
%%%%%%%%%%%%%%%%%%%%%%%%%% RealNVP like %%%%%%%%%%%%%%%%%%%%%%%%%%
@inproceedings{
dinh2017density,
title={Density estimation using Real {NVP}},
author={Laurent Dinh and Jascha Sohl-Dickstein and Samy Bengio},
booktitle={International Conference on Learning Representations},
year={2017},
url={https://openreview.net/forum?id=HkpbnH9lx}
}
@article{kingma2018glow,
  title={Glow: Generative flow with invertible 1x1 convolutions},
  author={Kingma, Durk P and Dhariwal, Prafulla},
  journal={Advances in neural information processing systems},
  volume={31},
  year={2018}
}


%%%%%%%%%%%%%%%%%%%%%%%%%% Continues time %%%%%%%%%%%%%%%%%%%%%%%%%%
@article{chen2018neural,
  title={Neural ordinary differential equations},
  author={Chen, Ricky TQ and Rubanova, Yulia and Bettencourt, Jesse and Duvenaud, David K},
  journal={Advances in neural information processing systems},
  volume={31},
  year={2018}
}
@inproceedings{
grathwohl2018scalable,
title={Scalable Reversible Generative Models with Free-form Continuous Dynamics},
author={Will Grathwohl and Ricky T. Q. Chen and Jesse Bettencourt and David Duvenaud},
booktitle={International Conference on Learning Representations},
year={2019},
url={https://openreview.net/forum?id=rJxgknCcK7},
}

%%%%%%%%%%%%%%%%%%%%%%%%%% Curvature penalty %%%%%%%%%%%%%%%%%%%%%%%%%%
@article{kelly2020learning,
  title={Learning differential equations that are easy to solve},
  author={Kelly, Jacob and Bettencourt, Jesse and Johnson, Matthew J and Duvenaud, David K},
  journal={Advances in Neural Information Processing Systems},
  volume={33},
  pages={4370--4380},
  year={2020}
}


%%%%%%%%%%%%%%%%%%%%%%%%%% Other %%%%%%%%%%%%%%%%%%%%%%%%%%
@article{chen2019residual,
  title={Residual flows for invertible generative modeling},
  author={Chen, Ricky TQ and Behrmann, Jens and Duvenaud, David K and Jacobsen, J{\"o}rn-Henrik},
  journal={Advances in Neural Information Processing Systems},
  volume={32},
  year={2019}
}


%%%%%%%%%%%%%%%%%%%%%%%%%%%%%%%%%%%%%%%%%%%%%%%%%%%%%%%%%%%%%%%%%%%%%%%% EBM %%%%%%%%%%%%%%%%%%%%%%%%%%%%%%%%%%%%%%%%%%%%%%%%%%%%%%%%%%%%%%%%%%%%%%%%
@article{xiao2020vaebm,
  title={Vaebm: A symbiosis between variational autoencoders and energy-based models},
  author={Xiao, Zhisheng and Kreis, Karsten and Kautz, Jan and Vahdat, Arash},
  journal={arXiv preprint arXiv:2010.00654},
  year={2020}
}


%%%%%%%%%%%%%%%%%%%%%%%%%%%%%%%%%%%%%%%%%%%%%%%%%%%%%%%%%%%%%%%%%%%%%%%% Diffusion %%%%%%%%%%%%%%%%%%%%%%%%%%%%%%%%%%%%%%%%%%%%%%%%%%%%%%%%%%%%%%%%%%%%%%%%
%%%%%%%%%%%%%%%%%%%%%%%%%% Classic %%%%%%%%%%%%%%%%%%%%%%%%%%
@inproceedings{sohl2015deep,
  title={Deep unsupervised learning using nonequilibrium thermodynamics},
  author={Sohl-Dickstein, Jascha and Weiss, Eric and Maheswaranathan, Niru and Ganguli, Surya},
  booktitle={International Conference on Machine Learning},
  pages={2256--2265},
  year={2015},
  organization={PMLR}
}


%%%%%%%%%%%%%%%%%%%%%%%%%% DDPM %%%%%%%%%%%%%%%%%%%%%%%%%%
@article{ho2020denoising,
  title={Denoising diffusion probabilistic models},
  author={Ho, Jonathan and Jain, Ajay and Abbeel, Pieter},
  journal={Advances in neural information processing systems},
  volume={33},
  pages={6840--6851},
  year={2020}
}


%%%%%%%%%%%%%%%%%%%%%%%%%% Song + Ermon %%%%%%%%%%%%%%%%%%%%%%%%%%
@article{song2019generative,
  title={Generative modeling by estimating gradients of the data distribution},
  author={Song, Yang and Ermon, Stefano},
  journal={Advances in neural information processing systems},
  volume={32},
  year={2019}
}
@inproceedings{
song2021denoising,
title={Denoising Diffusion Implicit Models},
author={Jiaming Song and Chenlin Meng and Stefano Ermon},
booktitle={International Conference on Learning Representations},
year={2021},
url={https://openreview.net/forum?id=St1giarCHLP}
}
@inproceedings{
song2021scorebased,
title={Score-Based Generative Modeling through Stochastic Differential Equations},
author={Yang Song and Jascha Sohl-Dickstein and Diederik P Kingma and Abhishek Kumar and Stefano Ermon and Ben Poole},
booktitle={International Conference on Learning Representations},
year={2021},
url={https://openreview.net/forum?id=PxTIG12RRHS}
}
@article{song2021maximum,
  title={Maximum likelihood training of score-based diffusion models},
  author={Song, Yang and Durkan, Conor and Murray, Iain and Ermon, Stefano},
  journal={Advances in Neural Information Processing Systems},
  volume={34},
  pages={1415--1428},
  year={2021}
}


%%%%%%%%%%%%%%%%%%%%%%%%%% OpenAI %%%%%%%%%%%%%%%%%%%%%%%%%%
@inproceedings{nichol2021improved,
  title={Improved denoising diffusion probabilistic models},
  author={Nichol, Alexander Quinn and Dhariwal, Prafulla},
  booktitle={International conference on machine learning},
  pages={8162--8171},
  year={2021},
  organization={PMLR}
}
@article{dhariwal2021diffusion,
  title={Diffusion models beat gans on image synthesis},
  author={Dhariwal, Prafulla and Nichol, Alexander},
  journal={Advances in neural information processing systems},
  volume={34},
  pages={8780--8794},
  year={2021}
}


%%%%%%%%%%%%%%%%%%%%%%%%%% Variational Diffusion Models %%%%%%%%%%%%%%%%%%%%%%%%%%
@article{kingma2021variational,
  title={Variational diffusion models},
  author={Kingma, Diederik and Salimans, Tim and Poole, Ben and Ho, Jonathan},
  journal={Advances in neural information processing systems},
  volume={34},
  pages={21696--21707},
  year={2021}
}


%%%%%%%%%%%%%%%%%%%%%%%%%% focused on likelihood %%%%%%%%%%%%%%%%%%%%%%%%%%
@inproceedings{zheng2023improved,
  title={Improved techniques for maximum likelihood estimation for diffusion odes},
  author={Zheng, Kaiwen and Lu, Cheng and Chen, Jianfei and Zhu, Jun},
  booktitle={International Conference on Machine Learning},
  pages={42363--42389},
  year={2023},
  organization={PMLR}
}
@article{kingma2024understanding,
  title={Understanding diffusion objectives as the ELBO with simple data augmentation},
  author={Kingma, Diederik and Gao, Ruiqi},
  journal={Advances in Neural Information Processing Systems},
  volume={36},
  year={2024}
}


%%%%%%%%%%%%%%%%%% Blurring %%%%%%%%%%%%%%%%%%
@inproceedings{
rissanen2023generative,
title={Generative Modelling with Inverse Heat Dissipation},
author={Severi Rissanen and Markus Heinonen and Arno Solin},
booktitle={The Eleventh International Conference on Learning Representations },
year={2023},
url={https://openreview.net/forum?id=4PJUBT9f2Ol}
}
@article{daras2022soft,
  title={Soft diffusion: Score matching for general corruptions},
  author={Daras, Giannis and Delbracio, Mauricio and Talebi, Hossein and Dimakis, Alexandros G and Milanfar, Peyman},
  journal={arXiv preprint arXiv:2209.05442},
  year={2022}
}
@inproceedings{
hoogeboom2023blurring,
title={Blurring Diffusion Models},
author={Emiel Hoogeboom and Tim Salimans},
booktitle={The Eleventh International Conference on Learning Representations },
year={2023},
url={https://openreview.net/forum?id=OjDkC57x5sz}
}


%%%%%%%%%%%%%%%%%% Wavelet %%%%%%%%%%%%%%%%%%
@inproceedings{phung2023wavelet,
  title={Wavelet diffusion models are fast and scalable image generators},
  author={Phung, Hao and Dao, Quan and Tran, Anh},
  booktitle={Proceedings of the IEEE/CVF Conference on Computer Vision and Pattern Recognition},
  pages={10199--10208},
  year={2023}
}


%%%%%%%%%%%%%%%%%% Star-Shaped %%%%%%%%%%%%%%%%%%
@article{okhotin2024star,
  title={Star-shaped denoising diffusion probabilistic models},
  author={Okhotin, Andrey and Molchanov, Dmitry and Vladimir, Arkhipkin and Bartosh, Grigory and Ohanesian, Viktor and Alanov, Aibek and Vetrov, Dmitry P},
  journal={Advances in Neural Information Processing Systems},
  volume={36},
  year={2024}
}


%%%%%%%%%%%%%%%%%%%%%%%%%% Diffusion GAN %%%%%%%%%%%%%%%%%%%%%%%%%%
@article{xiao2021tackling,
  title={Tackling the Generative Learning Trilemma with Denoising Diffusion {GANs}},
  author={Xiao, Zhisheng and Kreis, Karsten and Vahdat, Arash},
  journal={arXiv preprint arXiv:2112.07804},
  year={2021}
}


%%%%%%%%%%%%%%%%%% Cascade %%%%%%%%%%%%%%%%%%
@article{saharia2021image,
  title={Image super-resolution via iterative refinement},
  author={Saharia, Chitwan and Ho, Jonathan and Chan, William and Salimans, Tim and Fleet, David J and Norouzi, Mohammad},
  journal={arXiv preprint arXiv:2104.07636},
  year={2021}
}
@article{ho2022cascaded,
  title={Cascaded diffusion models for high fidelity image generation},
  author={Ho, Jonathan and Saharia, Chitwan and Chan, William and Fleet, David J and Norouzi, Mohammad and Salimans, Tim},
  journal={The Journal of Machine Learning Research},
  volume={23},
  number={1},
  pages={2249--2281},
  year={2022},
  publisher={JMLRORG}
}


%%%%%%%%%%%%%%%%%%%%%%%%%% Distillation %%%%%%%%%%%%%%%%%%%%%%%%%%
@inproceedings{
salimans2022progressive,
title={Progressive Distillation for Fast Sampling of Diffusion Models},
author={Tim Salimans and Jonathan Ho},
booktitle={International Conference on Learning Representations},
year={2022},
url={https://openreview.net/forum?id=TIdIXIpzhoI}
}
@inproceedings{
song2023consistency,
  title={Consistency models},
  author={Song, Yang and Dhariwal, Prafulla and Chen, Mark and Sutskever, Ilya},
booktitle={The Eleventh International Conference on Learning Representations },
year={2023}
}
@article{kim2023consistency,
  title={Consistency trajectory models: Learning probability flow ode trajectory of diffusion},
  author={Kim, Dongjun and Lai, Chieh-Hsin and Liao, Wei-Hsiang and Murata, Naoki and Takida, Yuhta and Uesaka, Toshimitsu and He, Yutong and Mitsufuji, Yuki and Ermon, Stefano},
  journal={arXiv preprint arXiv:2310.02279},
  year={2023}
}
@inproceedings{zheng2023fast,
  title={Fast sampling of diffusion models via operator learning},
  author={Zheng, Hongkai and Nie, Weili and Vahdat, Arash and Azizzadenesheli, Kamyar and Anandkumar, Anima},
  booktitle={International Conference on Machine Learning},
  pages={42390--42402},
  year={2023},
  organization={PMLR}
}
@article{yin2023one,
  title={One-step Diffusion with Distribution Matching Distillation},
  author={Yin, Tianwei and Gharbi, Micha{\"e}l and Zhang, Richard and Shechtman, Eli and Durand, Fredo and Freeman, William T and Park, Taesung},
  journal={arXiv preprint arXiv:2311.18828},
  year={2023}
}



%%%%%%%%%%%%%%%%%%%%%%%%%% Solvers %%%%%%%%%%%%%%%%%%%%%%%%%%
@article{tachibana2021taylor,
  title={It$\backslash$\^{}$\{$o$\}$-Taylor Sampling Scheme for Denoising Diffusion Probabilistic Models using Ideal Derivatives},
  author={Tachibana, Hideyuki and Go, Mocho and Inahara, Muneyoshi and Katayama, Yotaro and Watanabe, Yotaro},
  journal={arXiv preprint arXiv:2112.13339},
  year={2021}
}
@inproceedings{
liu2022pseudo,
title={Pseudo Numerical Methods for Diffusion Models on Manifolds},
author={Luping Liu and Yi Ren and Zhijie Lin and Zhou Zhao},
booktitle={International Conference on Learning Representations},
year={2022},
url={https://openreview.net/forum?id=PlKWVd2yBkY}
}
@article{lu2022dpm,
  title={Dpm-solver: A fast ode solver for diffusion probabilistic model sampling in around 10 steps},
  author={Lu, Cheng and Zhou, Yuhao and Bao, Fan and Chen, Jianfei and Li, Chongxuan and Zhu, Jun},
  journal={Advances in Neural Information Processing Systems},
  volume={35},
  pages={5775--5787},
  year={2022}
}
@inproceedings{
shaul2024bespoke,
title={Bespoke Solvers for Generative Flow Models},
author={Neta Shaul and Juan Perez and Ricky T. Q. Chen and Ali Thabet and Albert Pumarola and Yaron Lipman},
booktitle={The Twelfth International Conference on Learning Representations},
year={2024},
url={https://openreview.net/forum?id=1PXEY7ofFX}
}


%%%%%%%%%%%%%%%%%% Flow Matching %%%%%%%%%%%%%%%%%%
@inproceedings{
lipman2023flow,
title={Flow Matching for Generative Modeling},
author={Yaron Lipman and Ricky T. Q. Chen and Heli Ben-Hamu and Maximilian Nickel and Matthew Le},
booktitle={The Eleventh International Conference on Learning Representations },
year={2023},
url={https://openreview.net/forum?id=PqvMRDCJT9t}
}


%%%%%%%%%%%%%%%%%% Action Matching %%%%%%%%%%%%%%%%%%
@article{neklyudov2022action,
  title={Action Matching: A Variational Method for Learning Stochastic Dynamics from Samples},
  author={Neklyudov, Kirill and Severo, Daniel and Makhzani, Alireza},
  journal={arXiv preprint arXiv:2210.06662},
  year={2022}
}


%%%%%%%%%%%%%%%%%% Stochastic Interpolants %%%%%%%%%%%%%%%%%%
@inproceedings{
albergo2023building,
title={Building Normalizing Flows with Stochastic Interpolants},
author={Michael Samuel Albergo and Eric Vanden-Eijnden},
booktitle={The Eleventh International Conference on Learning Representations },
year={2023},
url={https://openreview.net/forum?id=li7qeBbCR1t}
}
@misc{albergo2023stochastic,
  doi = {10.48550/ARXIV.2303.08797},
  url = {https://arxiv.org/abs/2303.08797},
  author = {Albergo, Michael S. and Boffi, Nicholas M. and Vanden-Eijnden, Eric},
  title = {Stochastic Interpolants: A Unifying Framework for Flows and Diffusions},
  publisher = {arXiv},
  year = {2023},
}


%%%%%%%%%%%%%%%%%% Given couplings (like inpainting, super-res etc.) %%%%%%%%%%%%%%%%%%
@article{liu20232,
  title={I $\^{} 2$ SB: Image-to-Image Schr$\backslash$" odinger Bridge},
  author={Liu, Guan-Horng and Vahdat, Arash and Huang, De-An and Theodorou, Evangelos A and Nie, Weili and Anandkumar, Anima},
  journal={arXiv preprint arXiv:2302.05872},
  year={2023}
}
@article{de2023augmented,
  title={Augmented Bridge Matching},
  author={De Bortoli, Valentin and Liu, Guan-Horng and Chen, Tianrong and Theodorou, Evangelos A and Nie, Weilie},
  journal={arXiv preprint arXiv:2311.06978},
  year={2023}
}
@article{albergo2023couplings,
  title={Stochastic interpolants with data-dependent couplings},
  author={Albergo, Michael S and Goldstein, Mark and Boffi, Nicholas M and Ranganath, Rajesh and Vanden-Eijnden, Eric},
  journal={arXiv preprint arXiv:2310.03725},
  year={2023}
}


%%%%%%%%%%%%%%%%%% ~SOTA %%%%%%%%%%%%%%%%%%
@article{saharia2022photorealistic,
  title={Photorealistic text-to-image diffusion models with deep language understanding},
  author={Saharia, Chitwan and Chan, William and Saxena, Saurabh and Li, Lala and Whang, Jay and Denton, Emily L and Ghasemipour, Kamyar and Gontijo Lopes, Raphael and Karagol Ayan, Burcu and Salimans, Tim and others},
  journal={Advances in Neural Information Processing Systems},
  volume={35},
  pages={36479--36494},
  year={2022}
}


%%%%%%%%%%%%%%%%%%%%%%%%%%%%%%%%%%%%%%%%%%%%%%%%%%%%%%%%%%%%%%%%%%%%%%%% Learnable %%%%%%%%%%%%%%%%%%%%%%%%%%%%%%%%%%%%%%%%%%%%%%%%%%%%%%%%%%%%%%%%%%%%%%%%
%%%%%%%%%%%%%%%%%% Step by step forward %%%%%%%%%%%%%%%%%%
@article{zhang2021diffusion,
  title={Diffusion normalizing flow},
  author={Zhang, Qinsheng and Chen, Yongxin},
  journal={Advances in Neural Information Processing Systems},
  volume={34},
  pages={16280--16291},
  year={2021}
}


%%%%%%%%%%%%%%%%%% Linear %%%%%%%%%%%%%%%%%%
@inproceedings{du2023flexible,
  title={A flexible diffusion model},
  author={Du, Weitao and Zhang, He and Yang, Tao and Du, Yuanqi},
  booktitle={International Conference on Machine Learning},
  pages={8678--8696},
  year={2023},
  organization={PMLR}
}
@inproceedings{
singhal2023where,
title={Where to Diffuse, How to Diffuse, and How to Get Back: Automated Learning for Multivariate Diffusions},
author={Raghav Singhal and Mark Goldstein and Rajesh Ranganath},
booktitle={The Eleventh International Conference on Learning Representations },
year={2023},
url={https://openreview.net/forum?id=osei3IzUia}
}


%%%%%%%%%%%%%%%%%% Learn gauss variance %%%%%%%%%%%%%%%%%%
@misc{
sahoo2024diffusion,
title={Diffusion Models With Learned Adaptive Noise Processes},
author={Subham Sekhar Sahoo and Aaron Gokaslan and Christopher De Sa and Volodymyr Kuleshov},
year={2024},
url={https://openreview.net/forum?id=8gZtt8nrpI}
}


%%%%%%%%%%%%%%%%%% Latent space of VAE %%%%%%%%%%%%%%%%%%
@article{vahdat2021score,
  title={Score-based generative modeling in latent space},
  author={Vahdat, Arash and Kreis, Karsten and Kautz, Jan},
  journal={Advances in Neural Information Processing Systems},
  volume={34},
  pages={11287--11302},
  year={2021}
}
@inproceedings{rombach2022high,
  title={High-resolution image synthesis with latent diffusion models},
  author={Rombach, Robin and Blattmann, Andreas and Lorenz, Dominik and Esser, Patrick and Ommer, Bj{\"o}rn},
  booktitle={Proceedings of the IEEE/CVF conference on computer vision and pattern recognition},
  pages={10684--10695},
  year={2022}
}
@article{dao2023flow,
  title={Flow matching in latent space},
  author={Dao, Quan and Phung, Hao and Nguyen, Binh and Tran, Anh},
  journal={arXiv preprint arXiv:2307.08698},
  year={2023}
}


%%%%%%%%%%%%%%%%%% Latent space of Flow %%%%%%%%%%%%%%%%%%
@article{kim2022maximum,
  title={Maximum likelihood training of implicit nonlinear diffusion model},
  author={Kim, Dongjun and Na, Byeonghu and Kwon, Se Jung and Lee, Dongsoo and Kang, Wanmo and Moon, Il-chul},
  journal={Advances in Neural Information Processing Systems},
  volume={35},
  pages={32270--32284},
  year={2022}
}


%%%%%%%%%%%%%%%%%% Learn steps, then interpolate %%%%%%%%%%%%%%%%%%
@inproceedings{
gu2023fdm,
title={f-{DM}: A Multi-stage Diffusion Model via Progressive Signal Transformation},
author={Jiatao Gu and Shuangfei Zhai and Yizhe Zhang and Miguel {\'A}ngel Bautista and Joshua M. Susskind},
booktitle={The Eleventh International Conference on Learning Representations },
year={2023},
url={https://openreview.net/forum?id=iBdwKIsg4m}
}


%%%%%%%%%%%%%%%%%% Learn conditional shift %%%%%%%%%%%%%%%%%%
@inproceedings{zhang2023shiftddpms,
  title={ShiftDDPMs: exploring conditional diffusion models by shifting diffusion trajectories},
  author={Zhang, Zijian and Zhao, Zhou and Yu, Jun and Tian, Qi},
  booktitle={Proceedings of the AAAI Conference on Artificial Intelligence},
  volume={37},
  number={3},
  pages={3552--3560},
  year={2023}
}


%%%%%%%%%%%%%%%%%% Learn gaussian mean %%%%%%%%%%%%%%%%%%
@inproceedings{
nielsen2024diffenc,
title={DiffEnc: Variational Diffusion with a Learned Encoder},
author={Beatrix Miranda Ginn Nielsen and Anders Christensen and Andrea Dittadi and Ole Winther},
booktitle={The Twelfth International Conference on Learning Representations},
year={2024},
url={https://openreview.net/forum?id=8nxy1bQWTG}
}
@article{bartosh2023neural,
  title={Neural Diffusion Models},
  author={Bartosh, Grigory and Vetrov, Dmitry and Naesseth, Christian A},
  journal={arXiv preprint arXiv:2310.08337},
  year={2023}
}


%%%%%%%%%%%%%%%%%% Fully learnable %%%%%%%%%%%%%%%%%%
@article{du2024doob,
  title={Doob's Lagrangian: A Sample-Efficient Variational Approach to Transition Path Sampling},
  author={Du, Yuanqi and Plainer, Michael and Brekelmans, Rob and Duan, Chenru and No{\'e}, Frank and Gomes, Carla P and Aspuru-Guzik, Al{\'a}n and Neklyudov, Kirill},
  journal={arXiv preprint arXiv:2410.07974},
  year={2024}
}
@article{bartosh2024neural,
  title={Neural Flow Diffusion Models: Learnable Forward Process for Improved Diffusion Modelling},
  author={Bartosh, Grigory and Vetrov, Dmitry and Naesseth, Christian A},
  journal={arXiv preprint arXiv:2404.12940},
  year={2024}
}


%%%%%%%%%%%%%%%%%% Schrodinger Bridge %%%%%%%%%%%%%%%%%%
@article{de2021diffusion,
  title={Diffusion Schr{\"o}dinger bridge with applications to score-based generative modeling},
  author={De Bortoli, Valentin and Thornton, James and Heng, Jeremy and Doucet, Arnaud},
  journal={Advances in Neural Information Processing Systems},
  volume={34},
  pages={17695--17709},
  year={2021}
}
@inproceedings{wang2021deep,
  title={Deep generative learning via schr{\"o}dinger bridge},
  author={Wang, Gefei and Jiao, Yuling and Xu, Qian and Wang, Yang and Yang, Can},
  booktitle={International Conference on Machine Learning},
  pages={10794--10804},
  year={2021},
  organization={PMLR}
}
@article{peluchettinon,
  title={Non-Denoising Forward-Time Diffusions},
  author={Peluchetti, Stefano}
}
@article{chen2021likelihood,
  title={Likelihood training of schr$\backslash$" odinger bridge using forward-backward sdes theory},
  author={Chen, Tianrong and Liu, Guan-Horng and Theodorou, Evangelos A},
  journal={arXiv preprint arXiv:2110.11291},
  year={2021}
}
@article{shi2024diffusion,
  title={Diffusion Schr{\"o}dinger bridge matching},
  author={Shi, Yuyang and De Bortoli, Valentin and Campbell, Andrew and Doucet, Arnaud},
  journal={Advances in Neural Information Processing Systems},
  volume={36},
  year={2024}
}
@inproceedings{
liu2024generalized,
title={Generalized Schr\"odinger Bridge Matching},
author={Guan-Horng Liu and Yaron Lipman and Maximilian Nickel and Brian Karrer and Evangelos Theodorou and Ricky T. Q. Chen},
booktitle={The Twelfth International Conference on Learning Representations},
year={2024},
url={https://openreview.net/forum?id=SoismgeX7z}
}


%%%%%%%%%%%%%%%%%%%%%%%%%%%%%%%%%%%%%%%%%%%%%%%%%%%%%%%%%%%%%%%%%%%%%%%% Optimal Transport %%%%%%%%%%%%%%%%%%%%%%%%%%%%%%%%%%%%%%%%%%%%%%%%%%%%%%%%%%%%%%%%%%%%%%%%
%%%%%%%%%%%%%%%%%% straighter ode %%%%%%%%%%%%%%%%%%
@article{karras2022elucidating,
  title={Elucidating the design space of diffusion-based generative models},
  author={Karras, Tero and Aittala, Miika and Aila, Timo and Laine, Samuli},
  journal={Advances in Neural Information Processing Systems},
  volume={35},
  pages={26565--26577},
  year={2022}
}


%%%%%%%%%%%%%%%%%% Rectified flow %%%%%%%%%%%%%%%%%%
@inproceedings{
liu2023flow,
title={Flow Straight and Fast: Learning to Generate and Transfer Data with Rectified Flow},
author={Xingchao Liu and Chengyue Gong and qiang liu},
booktitle={The Eleventh International Conference on Learning Representations },
year={2023},
url={https://openreview.net/forum?id=XVjTT1nw5z}
}
@article{liu2022rectified,
  title={Rectified flow: A marginal preserving approach to optimal transport},
  author={Liu, Qiang},
  journal={arXiv preprint arXiv:2209.14577},
  year={2022}
}


%%%%%%%%%%%%%%%%%% learn q(z_1|x) %%%%%%%%%%%%%%%%%%
@inproceedings{lee2023minimizing,
  title={Minimizing trajectory curvature of ode-based generative models},
  author={Lee, Sangyun and Kim, Beomsu and Ye, Jong Chul},
  booktitle={International Conference on Machine Learning},
  pages={18957--18973},
  year={2023},
  organization={PMLR}
}


%%%%%%%%%%%%%%%%%% minibatch OT %%%%%%%%%%%%%%%%%%
@inproceedings{pooladian2023multisample,
  title={Multisample flow matching: Straightening flows with minibatch couplings},
  author={Pooladian, Aram-Alexandre and Ben-Hamu, Heli and Domingo-Enrich, Carles and Amos, Brandon and Lipman, Yaron and Chen, Ricky},
  booktitle={International Conference on Machine Learning},
  year={2023},
  organization={PMLR}
}
@inproceedings{tong2023improving,
  title={Improving and generalizing flow-based generative models with minibatch optimal transport},
  author={Tong, Alexander and Malkin, Nikolay and Huguet, Guillaume and Zhang, Yanlei and Rector-Brooks, Jarrid and Fatras, Kilian and Wolf, Guy and Bengio, Yoshua},
  booktitle={ICML Workshop on New Frontiers in Learning, Control, and Dynamical Systems},
  year={2023}
}


%%%%%%%%%%%%%%%%%% kinetic energy minimization %%%%%%%%%%%%%%%%%%
@inproceedings{shaul2023kinetic,
  title={On kinetic optimal probability paths for generative models},
  author={Shaul, Neta and Chen, Ricky TQ and Nickel, Maximilian and Le, Matthew and Lipman, Yaron},
  booktitle={International Conference on Machine Learning},
  pages={30883--30907},
  year={2023},
  organization={PMLR}
}


%%%%%%%%%%%%%%%%%%%%%%%%%%%%%%%%%%%%%%%%%%%%%%%%%%%%%%%%%%%%%%%%%%%%%%%% Time series %%%%%%%%%%%%%%%%%%%%%%%%%%%%%%%%%%%%%%%%%%%%%%%%%%%%%%%%%%%%%%%%%%%%%%%%
@article{rubanova2019latent,
  title={Latent ordinary differential equations for irregularly-sampled time series},
  author={Rubanova, Yulia and Chen, Ricky TQ and Duvenaud, David K},
  journal={Advances in neural information processing systems},
  volume={32},
  year={2019}
}
@inproceedings{li2020scalable,
  title={Scalable gradients for stochastic differential equations},
  author={Li, Xuechen and Wong, Ting-Kam Leonard and Chen, Ricky TQ and Duvenaud, David},
  booktitle={International Conference on Artificial Intelligence and Statistics},
  pages={3870--3882},
  year={2020},
  organization={PMLR}
}
@inproceedings{fortuin2020gp,
  title={Gp-vae: Deep probabilistic time series imputation},
  author={Fortuin, Vincent and Baranchuk, Dmitry and R{\"a}tsch, Gunnar and Mandt, Stephan},
  booktitle={International conference on artificial intelligence and statistics},
  pages={1651--1661},
  year={2020},
  organization={PMLR}
}
@article{course2024amortized,
  title={Amortized reparametrization: efficient and scalable variational inference for latent SDEs},
  author={Course, Kevin and Nair, Prasanth},
  journal={Advances in Neural Information Processing Systems},
  volume={36},
  year={2023}
}
@inproceedings{zhang2024trajectory,
  title={Trajectory flow matching with applications to clinical time series modeling},
  author={Zhang, Xi and Pu, Yuan and Kawamura, Yuki and Loza, Andrew and Bengio, Yoshua and Shung, Dennis L and Tong, Alexander},
  booktitle={Advances in Neural Information Processing Systems},
  volume={37},
  year={2024}
}
@inproceedings{heinonen2018learning,
  title={Learning unknown ODE models with Gaussian processes},
  author={Heinonen, Markus and Yildiz, Cagatay and Mannerstr{\"o}m, Henrik and Intosalmi, Jukka and L{\"a}hdesm{\"a}ki, Harri},
  booktitle={International conference on machine learning},
  pages={1959--1968},
  year={2018},
  organization={PMLR}
}
@article{yildiz2019ode2vae,
  title={Ode2vae: Deep generative second order odes with {B}ayesian neural networks},
  author={Yildiz, Cagatay and Heinonen, Markus and Lahdesmaki, Harri},
  journal={Advances in Neural Information Processing Systems},
  volume={32},
  year={2019}
}
@article{lea2000sensitivity,
  title={Sensitivity analysis of the climate of a chaotic system},
  author={Lea, Daniel J and Allen, Myles R and Haine, Thomas WN},
  journal={Tellus A: Dynamic Meteorology and Oceanography},
  volume={52},
  number={5},
  pages={523--532},
  year={2000},
  publisher={Taylor \& Francis}
}
@inproceedings{finlay2020train,
  title={How to train your neural ODE: the world of Jacobian and kinetic regularization},
  author={Finlay, Chris and Jacobsen, J{\"o}rn-Henrik and Nurbekyan, Levon and Oberman, Adam},
  booktitle={International conference on machine learning},
  pages={3154--3164},
  year={2020},
  organization={PMLR}
}
@inproceedings{kidger2021hey,
  title={" Hey, that's not an ODE": Faster ODE Adjoints via Seminorms.},
  author={Kidger, Patrick and Chen, Ricky TQ and Lyons, Terry J},
  booktitle={ICML},
  pages={5443--5452},
  year={2021}
}
@article{kidger2021efficient,
  title={Efficient and accurate gradients for neural sdes},
  author={Kidger, Patrick and Foster, James and Li, Xuechen Chen and Lyons, Terry},
  journal={Advances in Neural Information Processing Systems},
  volume={34},
  pages={18747--18761},
  year={2021}
}
@article{cho2014learning,
  title={Learning phrase representations using RNN encoder-decoder for statistical machine translation},
  author={Cho, Kyunghyun and Van Merri{\"e}nboer, Bart and Gulcehre, Caglar and Bahdanau, Dzmitry and Bougares, Fethi and Schwenk, Holger and Bengio, Yoshua},
  journal={arXiv preprint arXiv:1406.1078},
  year={2014}
}
@inproceedings{archambeau2007gaussian,
  title={Gaussian process approximations of stochastic differential equations},
  author={Archambeau, Cedric and Cornford, Dan and Opper, Manfred and Shawe-Taylor, John},
  booktitle={Gaussian Processes in Practice},
  pages={1--16},
  year={2007},
  organization={PMLR}
}
@article{archambeau2007variational,
  title={Variational inference for diffusion processes},
  author={Archambeau, C{\'e}dric and Opper, Manfred and Shen, Yuan and Cornford, Dan and Shawe-Taylor, John},
  journal={Advances in neural information processing systems},
  volume={20},
  year={2007}
}


%%%%%%%%%%%%%%%%%%%%%%%%%%%%%%%%%%%%%%%%%%%%%%%%%%%%%%%%%%%%%%%%%%%%%%%% Sound + shape %%%%%%%%%%%%%%%%%%%%%%%%%%%%%%%%%%%%%%%%%%%%%%%%%%%%%%%%%%%%%%%%%%%%%%%%
@inproceedings{trippe2023diffusion,
title={Diffusion Probabilistic Modeling of Protein Backbones in {3D} for the motif-scaffolding problem},
author={Brian L. Trippe and Jason Yim and Doug Tischer and David Baker and Tamara Broderick and Regina Barzilay and Tommi S. Jaakkola},
booktitle={The Eleventh International Conference on Learning Representations },
year={2023},
}
@inproceedings{popov2021grad,
  title={Grad-tts: A diffusion probabilistic model for text-to-speech},
  author={Popov, Vadim and Vovk, Ivan and Gogoryan, Vladimir and Sadekova, Tasnima and Kudinov, Mikhail},
  booktitle={International Conference on Machine Learning},
  pages={8599--8608},
  year={2021},
  organization={PMLR}
}
@article{tan2024naturalspeech,
  title={NaturalSpeech: End-to-End Text-to-Speech Synthesis with Human-Level Quality},
  author={Tan, Xu and Chen, Jiawei and Liu, Haohe and Cong, Jian and Zhang, Chen and Liu, Yanqing and Wang, Xi and Leng, Yichong and Yi, Yuanhao and He, Lei and others},
  journal={IEEE Transactions on Pattern Analysis and Machine Intelligence},
  year={2024},
  publisher={IEEE}
}


%%%%%%%%%%%%%%%%%% Conditional %%%%%%%%%%%%%%%%%%
@inproceedings{wu2023practical,
  title={Practical and Asymptotically Exact Conditional Sampling in Diffusion Models},
  author={Wu, Luhuan and Trippe, Brian and Naesseth, Christian A and Blei, David and Cunningham, John P},
  booktitle = {Advances in Neural Information Processing Systems},
  volume={36},
  pages = {31372--31403},
  year={2023}
}


%%%%%%%%%%%%%%%%%%%%%%%%%%%%%%%%%%%%%%%%%%%%%%%%%%%%%%%%%%%%%%%%%%%%%%%% Molecules / Proteins %%%%%%%%%%%%%%%%%%%%%%%%%%%%%%%%%%%%%%%%%%%%%%%%%%%%%%%%%%%%%%%%%%%%%%%%
@article{watson2022broadly,
  title={Broadly applicable and accurate protein design by integrating structure prediction networks and diffusion generative models},
  author={Watson, Joseph L and Juergens, David and Bennett, Nathaniel R and Trippe, Brian L and Yim, Jason and Eisenach, Helen E and Ahern, Woody and Borst, Andrew J and Ragotte, Robert J and Milles, Lukas F and others},
  journal={bioRxiv},
  pages={2022--12},
  year={2022},
  publisher={Cold Spring Harbor Laboratory}
}
@article{watson2023novo,
  title={De novo design of protein structure and function with RFdiffusion},
  author={Watson, Joseph L and Juergens, David and Bennett, Nathaniel R and Trippe, Brian L and Yim, Jason and Eisenach, Helen E and Ahern, Woody and Borst, Andrew J and Ragotte, Robert J and Milles, Lukas F and others},
  journal={Nature},
  volume={620},
  number={7976},
  pages={1089--1100},
  year={2023},
  publisher={Nature Publishing Group UK London}
}


%%%%%%%%%%%%%%%%%%%%%%%%%%%%%%%%%%%%%%%%%%%%%%%%%%%%%%%%%%%%%%%%%%%%%%%% Compression %%%%%%%%%%%%%%%%%%%%%%%%%%%%%%%%%%%%%%%%%%%%%%%%%%%%%%%%%%%%%%%%%%%%%%%%
@article{ho2021anfic,
  title={Anfic: Image compression using augmented normalizing flows},
  author={Ho, Yung-Han and Chan, Chih-Chun and Peng, Wen-Hsiao and Hang, Hsueh-Ming and Doma{\'n}ski, Marek},
  journal={IEEE Open Journal of Circuits and Systems},
  volume={2},
  pages={613--626},
  year={2021},
  publisher={IEEE}
}
@article{yang2024lossy,
  title={Lossy image compression with conditional diffusion models},
  author={Yang, Ruihan and Mandt, Stephan},
  journal={Advances in Neural Information Processing Systems},
  volume={36},
  year={2024}
}


%%%%%%%%%%%%%%%%%%%%%%%%%%%%%%%%%%%%%%%%%%%%%%%%%%%%%%%%%%%%%%%%%%%%%%%% OOD %%%%%%%%%%%%%%%%%%%%%%%%%%%%%%%%%%%%%%%%%%%%%%%%%%%%%%%%%%%%%%%%%%%%%%%%
@inproceedings{chen2018autoencoder,
  title={Autoencoder-based network anomaly detection},
  author={Chen, Zhaomin and Yeo, Chai Kiat and Lee, Bu Sung and Lau, Chiew Tong},
  booktitle={2018 Wireless telecommunications symposium (WTS)},
  pages={1--5},
  year={2018},
  organization={IEEE}
}
@inproceedings{dias2020anomaly,
  title={Anomaly detection in trajectory data with normalizing flows},
  author={Dias, Madson LD and Mattos, C{\'e}sar Lincoln C and da Silva, Ticiana LC and de Macedo, Jos{\'e} Ant{\^o}nio F and Silva, Wellington CP},
  booktitle={2020 international joint conference on neural networks (IJCNN)},
  pages={1--8},
  year={2020},
  organization={IEEE}
}
@inproceedings{
serra2020input,
title={Input Complexity and Out-of-distribution Detection with Likelihood-based Generative Models},
author={Joan Serrà and David Álvarez and Vicenç Gómez and Olga Slizovskaia and José F. Núñez and Jordi Luque},
booktitle={International Conference on Learning Representations},
year={2020},
url={https://openreview.net/forum?id=SyxIWpVYvr}
}
@article{xiao2020likelihood,
  title={Likelihood regret: An out-of-distribution detection score for variational auto-encoder},
  author={Xiao, Zhisheng and Yan, Qing and Amit, Yali},
  journal={Advances in neural information processing systems},
  volume={33},
  pages={20685--20696},
  year={2020}
}


%%%%%%%%%%%%%%%%%%%%%%%%%%%%%%%%%%%%%%%%%%%%%%%%%%%%%%%%%%%%%%%%%%%%%%%% Metrics %%%%%%%%%%%%%%%%%%%%%%%%%%%%%%%%%%%%%%%%%%%%%%%%%%%%%%%%%%%%%%%%%%%%%%%%
@article{heusel2017gans,
  title={Gans trained by a two time-scale update rule converge to a local nash equilibrium},
  author={Heusel, Martin and Ramsauer, Hubert and Unterthiner, Thomas and Nessler, Bernhard and Hochreiter, Sepp},
  journal={Advances in neural information processing systems},
  volume={30},
  year={2017}
}



%%%%%%%%%%%%%%%%%%%%%%%%%%%%%%%%%%%%%%%%%%%%%%%%%%%%%%%%%%%%%%%%%%%%%%%% Datasets %%%%%%%%%%%%%%%%%%%%%%%%%%%%%%%%%%%%%%%%%%%%%%%%%%%%%%%%%%%%%%%%%%%%%%%%
@article{deng2012mnist,
  title={The mnist database of handwritten digit images for machine learning research [best of the web]},
  author={Deng, Li},
  journal={IEEE signal processing magazine},
  volume={29},
  number={6},
  pages={141--142},
  year={2012},
  publisher={IEEE}
}
@article{krizhevsky2009learning,
  title={Learning multiple layers of features from tiny images},
  author={Krizhevsky, Alex and Hinton, Geoffrey and others},
  year={2009},
  publisher={Toronto, ON, Canada}
}
@article{razavi2019generating,
  title={Generating diverse high-fidelity images with vq-vae-2},
  author={Razavi, Ali and Van den Oord, Aaron and Vinyals, Oriol},
  journal={Advances in neural information processing systems},
  volume={32},
  year={2019}
}
@article{chrabaszcz2017downsampled,
  title={A downsampled variant of imagenet as an alternative to the cifar datasets},
  author={Chrabaszcz, Patryk and Loshchilov, Ilya and Hutter, Frank},
  journal={arXiv preprint arXiv:1707.08819},
  year={2017}
}
@inproceedings{deng2009imagenet,
  title={Imagenet: A large-scale hierarchical image database},
  author={Deng, Jia and Dong, Wei and Socher, Richard and Li, Li-Jia and Li, Kai and Fei-Fei, Li},
  booktitle={2009 IEEE conference on computer vision and pattern recognition},
  pages={248--255},
  year={2009},
  organization={Ieee}
}
@inproceedings{van2016pixel,
  title={Pixel recurrent neural networks},
  author={Van Den Oord, A{\"a}ron and Kalchbrenner, Nal and Kavukcuoglu, Koray},
  booktitle={International conference on machine learning},
  pages={1747--1756},
  year={2016},
  organization={PMLR}
}
@article{karras2017progressive,
  title={Progressive growing of gans for improved quality, stability, and variation},
  author={Karras, Tero and Aila, Timo and Laine, Samuli and Lehtinen, Jaakko},
  journal={arXiv preprint arXiv:1710.10196},
  year={2017}
}
@inproceedings{choi2020stargan,
  title={Stargan v2: Diverse image synthesis for multiple domains},
  author={Choi, Yunjey and Uh, Youngjung and Yoo, Jaejun and Ha, Jung-Woo},
  booktitle={Proceedings of the IEEE/CVF conference on computer vision and pattern recognition},
  pages={8188--8197},
  year={2020}
}
@article{gan2015deep,
  title={Deep temporal sigmoid belief networks for sequence modeling},
  author={Gan, Zhe and Li, Chunyuan and Henao, Ricardo and Carlson, David E and Carin, Lawrence},
  journal={Advances in Neural Information Processing Systems},
  volume={28},
  year={2015}
}
@article{wang2007gaussian,
  title={Gaussian process dynamical models for human motion},
  author={Wang, Jack M and Fleet, David J and Hertzmann, Aaron},
  journal={IEEE transactions on pattern analysis and machine intelligence},
  volume={30},
  number={2},
  pages={283--298},
  year={2007},
  publisher={IEEE}
}


%%%%%%%%%%%%%%%%%%%%%%%%%%%%%%%%%%%%%%%%%%%%%%%%%%%%%%%%%%%%%%%%%%%%%%%% Tools %%%%%%%%%%%%%%%%%%%%%%%%%%%%%%%%%%%%%%%%%%%%%%%%%%%%%%%%%%%%%%%%%%%%%%%%
@article{paszke2017automatic,
  title={Automatic differentiation in PyTorch},
  author={Paszke, Adam and Gross, Sam and Chintala, Soumith and Chanan, Gregory and Yang, Edward and DeVito, Zachary and Lin, Zeming and Desmaison, Alban and Antiga, Luca and Lerer, Adam},
  year={2017}
}
@article{jax2018github,
  author = {James Bradbury and Roy Frostig and Peter Hawkins and Matthew James Johnson and Chris Leary and Dougal Maclaurin and George Necula and Adam Paszke and Jake Vander{P}las and Skye Wanderman-{M}ilne and Qiao Zhang},
  title = {{JAX}: composable transformations of {P}ython+{N}um{P}y programs},
  url = {http://github.com/google/jax},
  version = {0.3.13},
  year = {2018},
}
@misc{wandb,
title = {Experiment Tracking with Weights and Biases},
year = {2020},
note = {Software available from wandb.com},
url={https://www.wandb.com/},
author = {Biewald, Lukas},
}


%%%%%%%%%%%%%%%%%%%%%%%%%%%%%%%%%%%%%%%%%%%%%%%%%%%%%%%%%%%%%%%%%%%%%%%% Other %%%%%%%%%%%%%%%%%%%%%%%%%%%%%%%%%%%%%%%%%%%%%%%%%%%%%%%%%%%%%%%%%%%%%%%%
@book{lee2012introduction,
  title={Introduction to Smooth Manifolds},
  author={Lee, John M.},
  year={2012},
  publisher={Springer}
}

@book{rudin2006real,
  title={Differential equations, dynamical systems, and linear algebra},
  author={Rudin, Walter},
  year={2006},
  publisher={Tata McGraw-Hill Education}
}

@book{bogachev2007measure,
  title={Measure theory},
  author={Bogachev, Vladimir Igorevich},
  year={2007},
  publisher={Springer}
}

@book{smale1974differential,
  title={Differential equations, dynamical systems, and linear algebra},
  author={Smale, Stephen and Hirsch, Morris W},
  volume={60},
  year={1974},
  publisher={Elsevier}
}
@article{dormand1980family,
  title={A family of embedded Runge-Kutta formulae},
  author={Dormand, John R and Prince, Peter J},
  journal={Journal of computational and applied mathematics},
  volume={6},
  number={1},
  pages={19--26},
  year={1980},
  publisher={Elsevier}
}
@article{anderson1982reverse,
  title={Reverse-time diffusion equation models},
  author={Anderson, Brian DO},
  journal={Stochastic Processes and their Applications},
  volume={12},
  number={3},
  pages={313--326},
  year={1982},
  publisher={Elsevier}
}
@book{oksendal2003stochastic,
  title={Stochastic differential equations},
  author={{\O}ksendal, Bernt and {\O}ksendal, Bernt},
  year={2003},
  publisher={Springer}
}
@article{vincent2011connection,
  title={A connection between score matching and denoising autoencoders},
  author={Vincent, Pascal},
  journal={Neural computation},
  volume={23},
  number={7},
  pages={1661--1674},
  year={2011},
  publisher={MIT Press}
}
@article{kingma2014adam,
  title={Adam: A method for stochastic optimization},
  author={Kingma, Diederik P},
  journal={arXiv preprint arXiv:1412.6980},
  year={2014}
}