@inproceedings{archambeau2007gaussian,
  title={Gaussian process approximations of stochastic differential equations},
  author={Archambeau, Cedric and Cornford, Dan and Opper, Manfred and Shawe-Taylor, John},
  booktitle={Gaussian Processes in Practice},
  pages={1--16},
  year={2007},
  organization={PMLR}
}

@article{archambeau2007variational,
  title={Variational inference for diffusion processes},
  author={Archambeau, C{\'e}dric and Opper, Manfred and Shen, Yuan and Cornford, Dan and Shawe-Taylor, John},
  journal={Advances in neural information processing systems},
  volume={20},
  year={2007}
}

@article{bartosh2023neural,
  title={Neural Diffusion Models},
  author={Bartosh, Grigory and Vetrov, Dmitry and Naesseth, Christian A},
  journal={arXiv preprint arXiv:2310.08337},
  year={2023}
}

@article{bartosh2024neural,
  title={Neural Flow Diffusion Models: Learnable Forward Process for Improved Diffusion Modelling},
  author={Bartosh, Grigory and Vetrov, Dmitry and Naesseth, Christian A},
  journal={arXiv preprint arXiv:2404.12940},
  year={2024}
}

@article{chen2018neural,
  title={Neural ordinary differential equations},
  author={Chen, Ricky TQ and Rubanova, Yulia and Bettencourt, Jesse and Duvenaud, David K},
  journal={Advances in neural information processing systems},
  volume={31},
  year={2018}
}

@article{course2024amortized,
  title={Amortized reparametrization: efficient and scalable variational inference for latent SDEs},
  author={Course, Kevin and Nair, Prasanth},
  journal={Advances in Neural Information Processing Systems},
  volume={36},
  year={2023}
}

@article{du2024doob,
  title={Doob's Lagrangian: A Sample-Efficient Variational Approach to Transition Path Sampling},
  author={Du, Yuanqi and Plainer, Michael and Brekelmans, Rob and Duan, Chenru and No{\'e}, Frank and Gomes, Carla P and Aspuru-Guzik, Al{\'a}n and Neklyudov, Kirill},
  journal={arXiv preprint arXiv:2410.07974},
  year={2024}
}

@inproceedings{finlay2020train,
  title={How to train your neural ODE: the world of Jacobian and kinetic regularization},
  author={Finlay, Chris and Jacobsen, J{\"o}rn-Henrik and Nurbekyan, Levon and Oberman, Adam},
  booktitle={International conference on machine learning},
  pages={3154--3164},
  year={2020},
  organization={PMLR}
}

@article{ho2020denoising,
  title={Denoising diffusion probabilistic models},
  author={Ho, Jonathan and Jain, Ajay and Abbeel, Pieter},
  journal={Advances in neural information processing systems},
  volume={33},
  pages={6840--6851},
  year={2020}
}

@article{kelly2020learning,
  title={Learning differential equations that are easy to solve},
  author={Kelly, Jacob and Bettencourt, Jesse and Johnson, Matthew J and Duvenaud, David K},
  journal={Advances in Neural Information Processing Systems},
  volume={33},
  pages={4370--4380},
  year={2020}
}

@article{kidger2021efficient,
  title={Efficient and accurate gradients for neural sdes},
  author={Kidger, Patrick and Foster, James and Li, Xuechen Chen and Lyons, Terry},
  journal={Advances in Neural Information Processing Systems},
  volume={34},
  pages={18747--18761},
  year={2021}
}

@inproceedings{kidger2021hey,
  title={" Hey, that's not an ODE": Faster ODE Adjoints via Seminorms.},
  author={Kidger, Patrick and Chen, Ricky TQ and Lyons, Terry J},
  booktitle={ICML},
  pages={5443--5452},
  year={2021}
}

@article{lea2000sensitivity,
  title={Sensitivity analysis of the climate of a chaotic system},
  author={Lea, Daniel J and Allen, Myles R and Haine, Thomas WN},
  journal={Tellus A: Dynamic Meteorology and Oceanography},
  volume={52},
  number={5},
  pages={523--532},
  year={2000},
  publisher={Taylor \& Francis}
}

@inproceedings{li2020scalable,
  title={Scalable gradients for stochastic differential equations},
  author={Li, Xuechen and Wong, Ting-Kam Leonard and Chen, Ricky TQ and Duvenaud, David},
  booktitle={International Conference on Artificial Intelligence and Statistics},
  pages={3870--3882},
  year={2020},
  organization={PMLR}
}

@article{rubanova2019latent,
  title={Latent ordinary differential equations for irregularly-sampled time series},
  author={Rubanova, Yulia and Chen, Ricky TQ and Duvenaud, David K},
  journal={Advances in neural information processing systems},
  volume={32},
  year={2019}
}

@inproceedings{zhang2024trajectory,
  title={Trajectory flow matching with applications to clinical time series modeling},
  author={Zhang, Xi and Pu, Yuan and Kawamura, Yuki and Loza, Andrew and Bengio, Yoshua and Shung, Dennis L and Tong, Alexander},
  booktitle={Advances in Neural Information Processing Systems},
  volume={37},
  year={2024}
}

