@ARTICLE{Cao,
  author={Cao, Di and Hu, Weihao and Xu, Xiao and Wu, Qiuwei and Huang, Qi and Chen, Zhe and Blaabjerg, Frede},
  journal={J. Mod. Power Syst. Clean Energy}, 
  title={Deep Reinforcement Learning Based Approach for Optimal Power Flow of Distribution Networks Embedded with Renewable Energy and Storage Devices}, 
  year={2021},
  volume={9},
  number={5},
  pages={1101-1110},
}

@ARTICLE{Chatzos2022,
author={Chatzos, Minas and Mak, Terrence W. K. and Hentenryck, Pascal Van},
journal={IEEE Trans. Power Syst.}, 
title={Spatial Network Decomposition for Fast and Scalable {AC-OPF} Learning}, 
year={2022},
volume={37},
number={4},
pages={2601-2612},
}

@article{Fioretto2019,
author = {Fioretto, Ferdinando and Mak, Terrence and Van Hentenryck, Pascal},
year = {2020},
month = {04},
pages = {630-637},
title = {Predicting {AC} Optimal Power Flows: Combining Deep Learning and Lagrangian Dual Methods},
volume = {34},
journal = {Proceedings of the AAAI Conference on Artificial Intelligence},
}

@ARTICLE{Gao2023,
author={Gao, Maosheng and Yu, Juan and Yang, Zhifang and Zhao, Junbo},
journal={IEEE Trans. Power Syst.}, 
title={A Physics-Guided Graph Convolution Neural Network for Optimal Power Flow}, 
year={2023},
volume={},
number={},
pages={1-11},
}

@article{Huang2021_v,
title={{DeepOPF-V}: Solving {AC-OPF} Problems Efficiently},
author={Wanjun Huang and Xiang Pan and Minghua Chen and Steven H. Low},
journal={IEEE Trans. Power Syst.},
year={2021},
volume={37},
pages={800-803},
}

% INPROCEEDINGS{KejunISGT,
% author={Chen, Kejun and Zhang, Yu},
% booktitle={IEEE Power \& Energy Society ISGT}, 
% title={Variation-cognizant Probabilistic Power Flow Analysis via Multi-task Learning}, 
% year={2022},
% volume={},
% number={},
% pages={1-5},
% location = {Washington DC},
% date = {April 24-28, 2022}
% }

@ARTICLE{Junfei2022,
author={Wang, Junfei and Srikantha, Pirathayini},
journal={IEEE Trans. Power Syst.}, 
title={Fast Optimal Power Flow With Guarantees Via an Unsupervised Generative Model}, 
year={2022},
volume={},
number={},
pages={1-12},
}

@INPROCEEDINGS{KejunGlobal,
author={Chen, Kejun and Bose, Shourya and Zhang, Yu},
booktitle={IEEE Global Communications Conference}, 
title={Unsupervised Deep Learning for {AC} Optimal Power Flow via Lagrangian Duality}, 
year={2022},
volume={},
number={},
pages={5305-5310},
location = {Rio de Janeiro-RJ Brazil},
date = {December 04-08, 2022}
}

@ARTICLE{Lei2021,
author={Lei, Xingyu and Yang, Zhifang and Yu, Juan and Zhao, Junbo and Gao, Qian and Yu, Hongxin},
journal={IEEE Trans. Power Syst.}, 
title={Data-Driven Optimal Power Flow: A Physics-Informed Machine Learning Approach}, 
year={2021},
volume={36},
number={1},
pages={346-354},
}

@ARTICLE{Liu2020,
author={Liu, Sijia and Chen, Pin-Yu and Kailkhura, Bhavya and Zhang, Gaoyuan and Hero III, Alfred O. and Varshney, Pramod K.},
journal={IEEE Signal Process. Mag.}, 
title={A Primer on Zeroth-Order Optimization in Signal Processing and Machine Learning: Principals, Recent Advances, and Applications}, 
year={2020},
volume={37},
number={5},
pages={43-54},
}

@article{NELLIKKATH,
title = {Physics-Informed Neural Networks for {AC} Optimal Power Flow},
journal = {Electric Power Systems Research},
volume = {212},
pages = {108412},
year = {2022},
issn = {0378-7796},
author = {Rahul Nellikkath and Spyros Chatzivasileiadis},
}

@INPROCEEDINGS{Owerko2020,
author={Owerko, Damian and Gama, Fernando and Ribeiro, Alejandro},
booktitle={IEEE ICASSP}, 
title={Optimal Power Flow Using Graph Neural Networks}, 
year={2020},
volume={},
number={},
pages={5930-5934},
location = {Barcelona, Spain},
date = {May 04-08, 2020}
}

@ARTICLE{Seonho2023,
  author={Park, Seonho and Chen, Wenbo and Mak, Terrence W.K. and Van Hentenryck, Pascal},
  journal={IEEE Trans. Power Syst.}, 
  title={Compact Optimization Learning for AC Optimal Power Flow}, 
  year={2024},
  volume={39},
  number={2},
  pages={4350-4359},
}

@article{WANG2022,
title = {Approximating multi-purpose {AC} Optimal Power Flow with reinforcement trained Artificial Neural Network},
journal = {Energy and AI},
volume = {7},
pages = {100133},
year = {2022},
issn = {2666-5468},
author = {Zhenqi Wang and Jan-Hendrik Menke and Florian Schäfer and Martin Braun and Alexander Scheidler},
}

@ARTICLE{ZhangIot,
  author={Zhang, Zhenyong and Deng, Ruilong and Yau, David K. Y. and Chen, Peng},
  journal={IEEE Internet Things J.}, 
  title={Zero-Parameter-Information Data Integrity Attacks and Countermeasures in IoT-Based Smart Grid}, 
  year={2021},
  volume={8},
  number={8},
  pages={6608-6623},
}

% ARTICLE{Zimmerman,
% author={Zimmerman, Ray Daniel and Murillo-Sánchez, Carlos Edmundo and Thomas, Robert John},
% journal={IEEE Trans. Power Syst.}, 
% title={MATPOWER: Steady-State Operations, Planning, and Analysis Tools for Power Systems Research and Education}, 
% year={2011},
% volume={26},
% number={1},
% pages={12-19},
% }

@ARTICLE{Zhou2023,
author={Zhou, Min and Chen, Minghua and Low, Steven H.},
journal={IEEE Trans. Power Syst.}, 
title={{DeepOPF-FT}: One Deep Neural Network for Multiple {AC-OPF} Problems With Flexible Topology}, 
year={2023},
volume={38},
number={1},
pages={964-967},
}

misc{deka2019,
title={Learning for {DC-OPF}: Classifying active sets using neural nets}, 
author={Deepjyoti Deka and Sidhant Misra},
year={2019},
eprint={1902.05607},
archivePrefix={arXiv},
}

@misc{chatzos2020,
title={High-Fidelity Machine Learning Approximations of Large-Scale Optimal Power Flow}, 
author={Minas Chatzos and Ferdinando Fioretto and Terrence W. K. Mak and Pascal Van Hentenryck},
year={2020},
eprint={2006.16356},
archivePrefix={arXiv},
url={https://arxiv.org/abs/2006.16356}, 
}

@ARTICLE{deepopf,
author={Pan, Xiang and Chen, Minghua and Zhao, Tianyu and Low, Steven H.},
journal={IEEE Systems Journal}, 
title={{DeepOPF}: A Feasibility-Optimized Deep Neural Network Approach for {AC} Optimal Power Flow Problems}, 
year={2023},
volume={17},
number={1},
pages={673-683},
}

@inproceedings{donti2021dc3,
title={{DC3}: A learning method for optimization with hard constraints},
author={Donti, Priya and Rolnick, David and Kolter, J Zico},
booktitle={ICML},
year={2021}
}

@ARTICLE{falconer2022,
  author={Falconer, Thomas and Mones, Letif},
  journal={IEEE Trans. Power Syst.}, 
  title={Leveraging Power Grid Topology in Machine Learning Assisted Optimal Power Flow}, 
  year={2023},
  volume={38},
  number={3},
  pages={2234-2246}}

@inproceedings{huang2021,
title={{DeepOPF-NGT}: A Fast Unsupervised Learning Approach for Solving {AC-OPF} Problems without Ground Truth},
author={Huang, Wanjun and Chen, Minghua},
booktitle={ICML Workshop on Tackling Climate Change with Machine Learning},
year={2021}
}

@inproceedings{parkaaai,
  title={Self-supervised primal-dual learning for constrained optimization},
  author={Park, Seonho and Van Hentenryck, Pascal},
  booktitle={Proceedings of the AAAI Conference on Artificial Intelligence},
  volume={37},
  number={4},
  pages={4052--4060},
  year={2023}
}

