@article{bernaerts2023combined,
  title={Combined statistical-mechanistic modeling links ion channel genes to physiology of cortical neuron types},
  author={Bernaerts, Yves and Deistler, Michael and Gon{\c{c}}alves, Pedro J and Beck, Jonas and Stimberg, Marcel and Scala, Federico and Tolias, Andreas S and Macke, Jakob and Kobak, Dmitry and Berens, Philipp},
  journal={bioRxiv},
  pages={2023--03},
  year={2023},
  publisher={Cold Spring Harbor Laboratory}
}

@article{cranmer2020frontier,
  title={The frontier of simulation-based inference},
  author={Cranmer, Kyle and Brehmer, Johann and Louppe, Gilles},
  journal={Proceedings of the National Academy of Sciences},
  volume={117},
  number={48},
  pages={30055--30062},
  year={2020},
  publisher={National Acad Sciences}
}

@article{gao2023generalized,
  title={Generalized Bayesian inference for scientific simulators via amortized cost estimation},
  author={Gao, Richard and Deistler, Michael and Macke, Jakob H},
  journal={Advances in Neural Information Processing Systems},
  volume={36},
  pages={80191--80219},
  year={2023}
}

@article{gloeckler2023adversarial,
  title={Adversarial robustness of amortized Bayesian inference},
  author={Gl{\"o}ckler, Manuel and Deistler, Michael and Macke, Jakob H},
  journal={arXiv preprint arXiv:2305.14984},
  year={2023}
}

@article{huang2024learning,
  title={Learning robust statistics for simulation-based inference under model misspecification},
  author={Huang, Daolang and Bharti, Ayush and Souza, Amauri and Acerbi, Luigi and Kaski, Samuel},
  journal={Advances in Neural Information Processing Systems},
  volume={36},
  year={2024}
}

@article{kelly2023misspecification,
  title={Misspecification-robust sequential neural likelihood},
  author={Kelly, Ryan P and Nott, David J and Frazier, David T and Warne, David J and Drovandi, Chris},
  journal={arXiv preprint arXiv:2301.13368},
  year={2023}
}

@article{siahkoohi2023reliable,
  title={Reliable amortized variational inference with physics-based latent distribution correction},
  author={Siahkoohi, Ali and Rizzuti, Gabrio and Orozco, Rafael and Herrmann, Felix J},
  journal={Geophysics},
  volume={88},
  number={3},
  pages={R297--R322},
  year={2023},
  publisher={Society of Exploration Geophysicists}
}

@article{swierc2024domain_npe,
  title={Domain-Adaptive Neural Posterior Estimation for Strong Gravitational Lens Analysis},
  author={Swierc, Paxson and Tamargo-Arizmendi, Marcos and {\'C}iprijanovi{\'c}, Aleksandra and Nord, Brian D},
  journal={arXiv preprint arXiv:2410.16347},
  year={2024}
}

@article{ward2022robust,
  title={Robust neural posterior estimation and statistical model criticism},
  author={Ward, Daniel and Cannon, Patrick and Beaumont, Mark and Fasiolo, Matteo and Schmon, Sebastian},
  journal={Advances in Neural Information Processing Systems},
  volume={35},
  pages={33845--33859},
  year={2022}
}

@article{wehenkel2024addressing,
  title={Addressing Misspecification in Simulation-based Inference through Data-driven Calibration},
  author={Wehenkel, Antoine and Gamella, Juan L and Sener, Ozan and Behrmann, Jens and Sapiro, Guillermo and Cuturi, Marco and Jacobsen, J{\"o}rn-Henrik},
  journal={arXiv preprint arXiv:2405.08719},
  year={2024}
}

