@incollection{singmann2019mixed,
  author		= "Singmann, H. and Kellen, D.",
  title			= "An introduction to mixed models for experimental psychology",
  editor		= "Spieler, D. H. and Schumacher, E.",
  booktitle		= "New methods in {C}ognitive {P}sychology",
  pages			= "4--31",
  address		= "New {Y}ork",
  publisher		= "Routledge",
  year			= "2019"
}

@article{scholz2022prediction,
  title={Prediction can be safely used as a proxy for explanation in causally consistent Bayesian generalized linear models},
  author={Scholz, Maximilian and B{\"u}rkner, Paul-Christian},
  journal={arXiv preprint arXiv:2210.06927},
  year={2022}
}


@article{ardizzone2018analyzing,
  title={Analyzing inverse problems with invertible neural networks},
  author={Ardizzone, Lynton and Kruse, Jakob and Wirkert, Sebastian and Rahner, Daniel and Pellegrini, Eric W and Klessen, Ralf S and Maier-Hein, Lena and Rother, Carsten and K{\"o}the, Ullrich},
  journal={arXiv preprint arXiv:1808.04730},
  year={2018}
}


@book{cover2012elements,
  title={Elements of information theory},
  author={Cover, Thomas M and Thomas, Joy A},
  year={2012},
  publisher={John Wiley \& Sons}
}


@article{pacilio2024simulation,
  title={Simulation-based inference of black hole ringdowns in the time domain},
  author={Pacilio, Costantino and Bhagwat, Swetha and Cotesta, Roberto},
  journal={Physical Review D},
  volume={110},
  number={8},
  pages={083010},
  year={2024},
  publisher={APS}
}


@article{gloeckler2024all,
  title={All-in-one simulation-based inference},
  author={Gloeckler, Manuel and Deistler, Michael and Weilbach, Christian and Wood, Frank and Macke, Jakob H},
  journal={arXiv preprint arXiv:2404.09636},
  year={2024}
}



@article{elsemuller2024sensitivity,
  title={Sensitivity-aware amortized bayesian inference},
  author={Elsem{\"u}ller, Lasse and Olischl{\"a}ger, Hans and Schmitt, Marvin and B{\"u}rkner, Paul-Christian and K{\"o}the, Ullrich and Radev, Stefan T},
  journal={Transactions on Machine Learning Research (TMLR)},
  year={2024}
}


@article{miller2021truncated,
  title={Truncated marginal neural ratio estimation},
  author={Miller, Benjamin K and Cole, Alex and Forr{\'e}, Patrick and Louppe, Gilles and Weniger, Christoph},
  journal={Advances in Neural Information Processing Systems},
  volume={34},
  pages={129--143},
  year={2021}
}


@inproceedings{hermans2020likelihood,
  title={Likelihood-free mcmc with amortized approximate ratio estimators},
  author={Hermans, Joeri and Begy, Volodimir and Louppe, Gilles},
  booktitle={International conference on machine learning},
  pages={4239--4248},
  year={2020},
  organization={PMLR}
}


@inproceedings{papamakarios2019sequential,
  title={Sequential neural likelihood: Fast likelihood-free inference with autoregressive flows},
  author={Papamakarios, George and Sterratt, David and Murray, Iain},
  booktitle={The 22nd international conference on artificial intelligence and statistics},
  pages={837--848},
  year={2019},
  organization={PMLR}
}


@article{papamakarios2016fast,
  title={Fast $\varepsilon$-free inference of simulation models with bayesian conditional density estimation},
  author={Papamakarios, George and Murray, Iain},
  journal={Advances in neural information processing systems},
  volume={29},
  year={2016}
}


@article{chan2018likelihood,
  title={A likelihood-free inference framework for population genetic data using exchangeable neural networks},
  author={Chan, Jeffrey and Perrone, Valerio and Spence, Jeffrey and Jenkins, Paul and Mathieson, Sara and Song, Yun},
  journal={Advances in neural information processing systems},
  volume={31},
  year={2018}
}


@article{zammit2024neural,
  title={Neural methods for amortized inference},
  author={Zammit-Mangion, Andrew and Sainsbury-Dale, Matthew and Huser, Rapha{\"e}l},
  journal={Annual Review of Statistics and Its Application},
  volume={12},
  year={2024},
  publisher={Annual Reviews}
}



@article{savage2023synthetic,
  title={Synthetic data could be better than real data.},
  author={Savage, Neil},
  journal={Nature},
  year={2023}
}


@article{rainforth2024modern,
  title={Modern Bayesian experimental design},
  author={Rainforth, Tom and Foster, Adam and Ivanova, Desi R and Bickford Smith, Freddie},
  journal={Statistical Science},
  volume={39},
  number={1},
  pages={100--114},
  year={2024},
  publisher={Institute of Mathematical Statistics}
}

@article{gronau2017Rbridgesampling,
  title={bridgesampling: An R package for estimating normalizing constants},
  author={Gronau, Quentin F and Singmann, Henrik and Wagenmakers, Eric-Jan},
  journal={arXiv preprint arXiv:1710.08162},
  year={2017}
}

@inproceedings{wiqvist2019partially,
  title={Partially exchangeable networks and architectures for learning summary statistics in approximate Bayesian computation},
  author={Wiqvist, Samuel and Mattei, Pierre-Alexandre and Picchini, Umberto and Frellsen, Jes},
  booktitle={International Conference on Machine Learning},
  pages={6798--6807},
  year={2019},
  organization={PMLR}
}

@article{barron1999consistency,
  title={The consistency of posterior distributions in nonparametric problems},
  author={Barron, Andrew and Schervish, Mark J and Wasserman, Larry},
  journal={The Annals of Statistics},
  volume={27},
  number={2},
  pages={536--561},
  year={1999},
  publisher={Institute of Mathematical Statistics}
}

@book{van2000asymptotic,
  title={Asymptotic statistics},
  author={Van der Vaart, Aad W},
  volume={3},
  year={2000},
  publisher={Cambridge university press}
}

@article{zaheer2017deep,
  title={Deep sets},
  author={Zaheer, Manzil and Kottur, Satwik and Ravanbakhsh, Siamak and Poczos, Barnabas and Salakhutdinov, Russ R and Smola, Alexander J},
  journal={Advances in neural information processing systems},
  volume={30},
  year={2017}
}

@article{bloem2020probabilistic,
  title={Probabilistic Symmetries and Invariant Neural Networks.},
  author={Bloem-Reddy, Benjamin and Teh, Yee Whye},
  journal={J. Mach. Learn. Res.},
  volume={21},
  pages={90--1},
  year={2020}
}

@article{ramvkb2021,
  author		= "Radev, S. T. and D'Alessandro, M. and Mertens, U. K. and Voss, A. and Koethe, U. and BÃ¼rkner, P. C.",
  title			= "Amortized Bayesian Model Comparison with Evidential Deep Learning",
  journal		= "arXiv",
  year			= "2021",
  archivePrefix		= "arXiv",
  eprint		= "2004.10629",
}


@article{o1995fractional,
  title={Fractional Bayes factors for model comparison},
  author={O'Hagan, Anthony},
  journal={Journal of the Royal Statistical Society: Series B (Methodological)},
  volume={57},
  number={1},
  pages={99--118},
  year={1995},
  publisher={Wiley Online Library}
}

@article{meng2002warp,
  title={Warp bridge sampling},
  author={Meng, Xiao-Li and Schilling, Stephen},
  journal={Journal of Computational and Graphical Statistics},
  volume={11},
  number={3},
  pages={552--586},
  year={2002},
  publisher={Taylor \& Francis}
}

@book{palestro2018likelihood,
  title={Likelihood-free methods for cognitive science},
  author={Palestro, James J and Sederberg, Per B and Osth, Adam F and Van Zandt, Trisha and Turner, Brandon M},
  year={2018},
  publisher={Springer}
}

@book{hox2017multilevel,
  title={Multilevel analysis: Techniques and applications},
  author={Hox, Joop J and Moerbeek, Mirjam and Van de Schoot, Rens},
  year={2017},
  publisher={Routledge}
}

@inproceedings{guo2017calibration,
  title={On calibration of modern neural networks},
  author={Guo, Chuan and Pleiss, Geoff and Sun, Yu and Weinberger, Kilian Q},
  booktitle={International Conference on Machine Learning},
  pages={1321--1330},
  year={2017},
  organization={PMLR}
}

@article{voss2007fast,
  title={Fast-dm: A free program for efficient diffusion model analysis},
  author={Voss, Andreas and Voss, Jochen},
  journal={Behavior research methods},
  volume={39},
  number={4},
  pages={767--775},
  year={2007},
  publisher={Springer}
}

@article{bezanson2017julia,
  title={Julia: A fresh approach to numerical computing},
  author={Bezanson, Jeff and Edelman, Alan and Karpinski, Stefan and Shah, Viral B},
  journal={SIAM review},
  volume={59},
  number={1},
  pages={65--98},
  year={2017},
  publisher={SIAM}
}

@inproceedings{ng2015deep,
  title={Deep learning for emotion recognition on small datasets using transfer learning},
  author={Ng, Hong-Wei and Nguyen, Viet Dung and Vonikakis, Vassilios and Winkler, Stefan},
  booktitle={Proceedings of the 2015 ACM on international conference on multimodal interaction},
  pages={443--449},
  year={2015}
}

@article{voss2019sequential,
  title={Sequential sampling models with variable boundaries and non-normal noise: A comparison of six models},
  author={Voss, Andreas and Lerche, Veronika and Mertens, Ulf and Voss, Jochen},
  journal={Psychonomic bulletin \& review},
  volume={26},
  number={3},
  pages={813--832},
  year={2019},
  publisher={Springer}
}

@article{wieschen2020jumping,
  title={Jumping to conclusion? a l{\'e}vy flight model of decision making},
  author={Wieschen, Eva Marie and Voss, Andreas and Radev, Stefan},
  journal={The Quantitative Methods for Psychology},
  volume={16},
  number={2},
  pages={120--132},
  year={2020}
}

@article{haaf2017developing,
  title={Developing constraint in Bayesian mixed models.},
  author={Haaf, Julia M and Rouder, Jeffrey N},
  journal={Psychological methods},
  volume={22},
  number={4},
  pages={779},
  year={2017},
  publisher={American Psychological Association}
}

@article{jalilian2021hierarchical,
  title={A hierarchical spatio-temporal model to analyze relative risk variations of COVID-19: a focus on Spain, Italy and Germany},
  author={Jalilian, Abdollah and Mateu, Jorge},
  journal={Stochastic Environmental Research and Risk Assessment},
  volume={35},
  number={4},
  pages={797--812},
  year={2021},
  publisher={Springer}
}

@article{ulitzsch2020multiprocess,
  title={A multiprocess item response model for not-reached items due to time limits and quitting},
  author={Ulitzsch, Esther and von Davier, Matthias and Pohl, Steffi},
  journal={Educational and Psychological Measurement},
  volume={80},
  number={3},
  pages={522--547},
  year={2020},
  publisher={Sage Publications Sage CA: Los Angeles, CA}
}


@article{gneiting2007strictly,
  title={Strictly proper scoring rules, prediction, and estimation},
  author={Gneiting, Tilmann and Raftery, Adrian E},
  journal={Journal of the American statistical Association},
  volume={102},
  number={477},
  pages={359--378},
  year={2007},
  publisher={Taylor \& Francis}
}

@article{turner2014hierarchical,
  title={Hierarchical approximate Bayesian computation},
  author={Turner, Brandon M and Van Zandt, Trisha},
  journal={Psychometrika},
  volume={79},
  number={2},
  pages={185--209},
  year={2014},
  publisher={Springer}
}

@article{sisson2007sequential,
  title={Sequential monte carlo without likelihoods},
  author={Sisson, Scott A and Fan, Yanan and Tanaka, Mark M},
  journal={Proceedings of the National Academy of Sciences},
  volume={104},
  number={6},
  pages={1760--1765},
  year={2007},
  publisher={National Acad Sciences}
}

@article{turner2014generalized,
  title={A generalized, likelihood-free method for posterior estimation},
  author={Turner, Brandon M and Sederberg, Per B},
  journal={Psychonomic bulletin \& review},
  volume={21},
  number={2},
  pages={227--250},
  year={2014},
  publisher={Springer}
}

@article{von2022mental,
  title={Mental speed is high until age 60 as revealed by analysis of over a million participants},
  author={von Krause, Mischa and Radev, Stefan T and Voss, Andreas},
  journal={Nature Human Behaviour},
  volume={6},
  number={5},
  pages={700--708},
  year={2022},
  publisher={Nature Publishing Group}
}

@article{ratcliff2016diffusion,
  title={Diffusion decision model: Current issues and history},
  author={Ratcliff, Roger and Smith, Philip L and Brown, Scott D and McKoon, Gail},
  journal={Trends in cognitive sciences},
  volume={20},
  number={4},
  pages={260--281},
  year={2016},
  publisher={Elsevier}
}

@book{mcelreath2020statistical,
  title={Statistical rethinking: A Bayesian course with examples in R and Stan},
  author={McElreath, Richard},
  year={2020},
  publisher={Chapman and Hall/CRC}
}

@article{carpenter2017stan,
  title={Stan: A probabilistic programming language},
  author={Carpenter, Bob and Gelman, Andrew and Hoffman, Matthew D and Lee, Daniel and Goodrich, Ben and Betancourt, Michael and Brubaker, Marcus and Guo, Jiqiang and Li, Peter and Riddell, Allen},
  journal={Journal of statistical software},
  volume={76},
  number={1},
  year={2017},
  publisher={Columbia Univ., New York, NY (United States); Harvard Univ., Cambridge, MA~â¦}
}

@article{bennett1976efficient,
  title={Efficient estimation of free energy differences from Monte Carlo data},
  author={Bennett, Charles H},
  journal={Journal of Computational Physics},
  volume={22},
  number={2},
  pages={245--268},
  year={1976},
  publisher={Elsevier}
}

@article{wagenmakers2010bayesian,
  title={Bayesian hypothesis testing for psychologists: A tutorial on the Savage--Dickey method},
  author={Wagenmakers, Eric-Jan and Lodewyckx, Tom and Kuriyal, Himanshu and Grasman, Raoul},
  journal={Cognitive psychology},
  volume={60},
  number={3},
  pages={158--189},
  year={2010},
  publisher={Elsevier}
}

@article{dickey1970weighted,
  title={The weighted likelihood ratio, sharp hypotheses about chances, the order of a Markov chain},
  author={Dickey, James M and Lientz, BP},
  journal={The Annals of Mathematical Statistics},
  pages={214--226},
  year={1970},
  publisher={JSTOR}
}

@article{mestdagh2019prepaid,
  title={Prepaid parameter estimation without likelihoods},
  author={Mestdagh, Merijn and Verdonck, Stijn and Meers, Kristof and Loossens, Tim and Tuerlinckx, Francis},
  journal={PLoS computational biology},
  volume={15},
  number={9},
  pages={e1007181},
  year={2019},
  publisher={Public Library of Science San Francisco, CA USA}
}

@article{wong1998generalized,
  title={Generalized Dirichlet distribution in Bayesian analysis},
  author={Wong, Tzu-Tsung},
  journal={Applied Mathematics and Computation},
  volume={97},
  number={2-3},
  pages={165--181},
  year={1998},
  publisher={Elsevier}
}

@article{grathwohl2019your,
  title={Your classifier is secretly an energy based model and you should treat it like one},
  author={Grathwohl, Will and Wang, Kuan-Chieh and Jacobsen, J{\"o}rn-Henrik and Duvenaud, David and Norouzi, Mohammad and Swersky, Kevin},
  journal={arXiv preprint arXiv:1912.03263},
  year={2019}
}

@inproceedings{ardizzone2021conditional,
  title={Conditional invertible neural networks for diverse image-to-image translation},
  author={Ardizzone, Lynton and Kruse, Jakob and L{\"u}th, Carsten and Bracher, Niels and Rother, Carsten and K{\"o}the, Ullrich},
  booktitle={Pattern Recognition: 42nd DAGM German Conference, DAGM GCPR 2020, T{\"u}bingen, Germany, September 28--October 1, 2020, Proceedings 42},
  pages={373--387},
  year={2021},
  organization={Springer}
}


@inproceedings{gershman2014amortized,
  title={Amortized inference in probabilistic reasoning},
  author={Gershman, Samuel and Goodman, Noah},
  booktitle={Proceedings of the annual meeting of the cognitive science society},
  volume={36},
  year={2014}
}


@article{burkner2023some,
  title={Some models are useful, but how do we know which ones? Towards a unified Bayesian model taxonomy},
  author={B{\"u}rkner, Paul-Christian and Scholz, Maximilian and Radev, Stefan T},
  journal={Statistic Surveys},
  volume={17},
  pages={216--310},
  year={2023},
  publisher={The American Statistical Association, the Bernoulli Society, the Institute~â¦}
}


@article{sinharay2002sensitivity,
  title={On the sensitivity of Bayes factors to the prior distributions},
  author={Sinharay, Sandip and Stern, Hal S},
  journal={The American Statistician},
  volume={56},
  number={3},
  pages={196--201},
  year={2002},
  publisher={Taylor \& Francis}
}

@article{yang2005branch,
  title={Branch-length prior influences Bayesian posterior probability of phylogeny},
  author={Yang, Ziheng and Rannala, Bruce},
  journal={Systematic Biology},
  volume={54},
  number={3},
  pages={455--470},
  year={2005},
  publisher={Oxford University Press}
}


@article{dehning2020inferring,
  title={Inferring change points in the spread of COVID-19 reveals the effectiveness of interventions},
  author={Dehning, Jonas and Zierenberg, Johannes and Spitzner, F Paul and Wibral, Michael and Neto, Joao Pinheiro and Wilczek, Michael and Priesemann, Viola},
  journal={Science},
  volume={369},
  number={6500},
  pages={eabb9789},
  year={2020},
  publisher={American Association for the Advancement of Science}
}

@inproceedings{greenberg2019automatic,
  title={Automatic posterior transformation for likelihood-free inference},
  author={Greenberg, David and Nonnenmacher, Marcel and Macke, Jakob},
  booktitle={International Conference on Machine Learning},
  pages={2404--2414},
  year={2019},
  organization={PMLR}
}

@article{radev2020bayesflow,
  title={BayesFlow: Learning complex stochastic models with invertible neural networks},
  author={Radev, Stefan T and Mertens, Ulf K and Voss, Andreas and Ardizzone, Lynton and K{\"o}the, Ullrich},
  journal={IEEE transactions on neural networks and learning systems},
  year={2020},
  publisher={IEEE}
}

@article{radev2021amortized,
  title={Amortized bayesian model comparison with evidential deep learning},
  author={Radev, Stefan T and D'Alessandro, Marco and Mertens, Ulf K and Voss, Andreas and K{\"o}the, Ullrich and B{\"u}rkner, Paul-Christian},
  journal={IEEE Transactions on Neural Networks and Learning Systems},
  year={2021},
  publisher={IEEE}
}

@article{gronau2019simple,
  title={A simple method for comparing complex models: Bayesian model comparison for hierarchical multinomial processing tree models using Warp-III bridge sampling},
  author={Gronau, Quentin F and Wagenmakers, Eric-Jan and Heck, Daniel W and Matzke, Dora},
  journal={Psychometrika},
  volume={84},
  number={1},
  pages={261--284},
  year={2019},
  publisher={Springer}
}

@article{gronau2020computing,
  title={Computing Bayes factors for evidence-accumulation models using Warp-III bridge sampling},
  author={Gronau, Quentin F and Heathcote, Andrew and Matzke, Dora},
  journal={Behavior research methods},
  volume={52},
  number={2},
  pages={918--937},
  year={2020},
  publisher={Springer}
}

@article{meng1996simulating,
  title={Simulating ratios of normalizing constants via a simple identity: a theoretical exploration},
  author={Meng, Xiao-Li and Wong, Wing Hung},
  journal={Statistica Sinica},
  pages={831--860},
  year={1996},
  publisher={JSTOR}
}

@article{gelman1998simulating,
  title={Simulating normalizing constants: From importance sampling to bridge sampling to path sampling},
  author={Gelman, Andrew and Meng, Xiao-Li},
  journal={Statistical science},
  pages={163--185},
  year={1998},
  publisher={JSTOR}
}

@article{gelman2006multilevel,
  title={Multilevel (hierarchical) modeling: what it can and cannot do},
  author={Gelman, Andrew},
  journal={Technometrics},
  volume={48},
  number={3},
  pages={432--435},
  year={2006},
  publisher={Taylor \& Francis}
}

@article{beaumont2010approximate,
  title={Approximate Bayesian computation in evolution and ecology},
  author={Beaumont, Mark A},
  journal={Annual review of ecology, evolution, and systematics},
  volume={41},
  pages={379--406},
  year={2010},
  publisher={Annual Reviews}
}

@article{gronau2017tutorial,
  title={A tutorial on bridge sampling},
  author={Gronau, Quentin F and Sarafoglou, Alexandra and Matzke, Dora and Ly, Alexander and Boehm, Udo and Marsman, Maarten and Leslie, David S and Forster, Jonathan J and Wagenmakers, Eric-Jan and Steingroever, Helen},
  journal={Journal of mathematical psychology},
  volume={81},
  pages={80--97},
  year={2017},
  publisher={Elsevier}
}

@article{hermans2021towards,
  title={Towards constraining warm dark matter with stellar streams through neural simulation-based inference},
  author={Hermans, Joeri and Banik, Nilanjan and Weniger, Christoph and Bertone, Gianfranco and Louppe, Gilles},
  journal={Monthly Notices of the Royal Astronomical Society},
  volume={507},
  number={2},
  pages={1999--2011},
  year={2021},
  publisher={Oxford University Press}
}

@article{radev2021outbreakflow,
  title={{OutbreakFlow}: Model-based {Bayesian} inference of disease outbreak dynamics with invertible neural networks and its application to the {COVID-19} pandemics in Germany},
  author={Radev, Stefan T and Graw, Frederik and Chen, Simiao and Mutters, Nico T and Eichel, Vanessa M and B{\"a}rnighausen, Till and K{\"o}the, Ullrich},
  journal={PLoS computational biology},
  cvolume={17},
  cnumber={10},
  cpages={e1009472},
  year={2021},
  publisher={Public Library of Science San Francisco, CA USA}
}

@article{gonccalves2020training,
  title={Training deep neural density estimators to identify mechanistic models of neural dynamics},
  author={Gon{\c{c}}alves, Pedro J and Lueckmann, Jan-Matthis and Deistler, Michael and Nonnenmacher, Marcel and {\"O}cal, Kaan and Bassetto, Giacomo and Chintaluri, Chaitanya and Podlaski, William F and Haddad, Sara A and Vogels, Tim P and others},
  journal={Elife},
  volume={9},
  pages={e56261},
  year={2020},
  publisher={eLife Sciences Publications Limited}
}


@article{lotfi2022bayesian,
  title={Bayesian Model Selection, the Marginal Likelihood, and Generalization},
  author={Lotfi, Sanae and Izmailov, Pavel and Benton, Gregory and Goldblum, Micah and Wilson, Andrew Gordon},
  journal={arXiv preprint arXiv:2202.11678},
  year={2022}
}

@article{abc2,
  title={Approximate Bayesian computation (ABC) in practice},
  author={Csill{\'e}ry, Katalin and Blum, Michael GB and Gaggiotti, Oscar E and Fran{\c{c}}ois, Olivier},
  journal={Trends in Ecology \& Evolution},
  volume={25},
  number={7},
  pages={410--418},
  year={2010}
}

@book{marin2018likelihood,
  title={Likelihood-free model choice},
  author={Marin, Jean-Michel and Pudlo, Pierre and Estoup, Arnaud and Robert, Christian},
  year={2018},
  publisher={Chapman and Hall/CRC Press Boca Raton, FL}
}

@article{pudlo2016reliable,
  title={Reliable ABC model choice via random forests},
  author={Pudlo, Pierre and Marin, Jean-Michel and Estoup, Arnaud and Cornuet, Jean-Marie and Gautier, Mathieu and Robert, Christian P},
  journal={Bioinformatics},
  volume={32},
  number={6},
  pages={859--866},
  year={2016},
  publisher={Oxford University Press}
}

@article{mertens2018abrox,
  title={ABroxâA user-friendly Python module for approximate Bayesian computation with a focus on model comparison},
  author={Mertens, Ulf Kai and Voss, Andreas and Radev, Stefan},
  journal={PloS one},
  volume={13},
  number={3},
  pages={e0193981},
  year={2018},
  publisher={Public Library of Science San Francisco, CA USA}
}

@article{abc1,
  title={Approximate bayesian computation},
  author={Sunn{\aa}ker, Mikael and Busetto, Alberto Giovanni and Numminen, Elina and Corander, Jukka and Foll, Matthieu and Dessimoz, Christophe},
  journal={PLoS computational biology},
  volume={9},
  number={1},
  pages={e1002803},
  year={2013},
  publisher={Public Library of Science}
}

@book{mackay2003information,
  title={Information theory, inference and learning algorithms},
  author={MacKay, David},
  year={2003},
  publisher={Cambridge University Press}
}

@article{congdon2006bayesian,
  title={Bayesian model choice based on Monte Carlo estimates of posterior model probabilities},
  author={Congdon, Peter},
  journal={Computational statistics \& data analysis},
  volume={50},
  number={2},
  pages={346--357},
  year={2006},
  publisher={Elsevier}
}

@article{heck2022review,
  title={A review of applications of the bayes factor in psychological research.},
  author={Heck, Daniel W and Boehm, Udo and B{\"o}ing-Messing, Florian and B{\"u}rkner, Paul-Christian and Derks, Koen and Dienes, Zoltan and Fu, Qianrao and Gu, Xin and Karimova, Diana and Kiers, Henk AL and others},
  journal={Psychological Methods},
  year={2022},
  publisher={American Psychological Association}
}

@article{kass1995bayes,
  title={Bayes factors},
  author={Kass, Robert E and Raftery, Adrian E},
  journal={Journal of the american statistical association},
  volume={90},
  number={430},
  pages={773--795},
  year={1995},
  publisher={Taylor \& Francis}
}

@article{rouder2012default,
  title={Default Bayes factors for model selection in regression},
  author={Rouder, Jeffrey N and Morey, Richard D},
  journal={Multivariate Behavioral Research},
  volume={47},
  number={6},
  pages={877--903},
  year={2012},
  publisher={Taylor \& Francis}
}

@incollection{rouder2017bayesian,
  title={Bayesian hierarchical models of cognition.},
  author={Rouder, Jeffrey N and Morey, Richard D and Pratte, Michael S},
  editor={Batchelder, William H. and Colonius, Hans and Dzhafarov, Ehtibar N. and Myung, Jay},
  booktitle={New handbook of mathematical psychology: Foundations and methodology},
  pages={504â-551},
  year={2017},
  publisher={Cambridge University Press}
}

@book{farrell2018computational,
  title={Computational modeling of cognition and behavior},
  author={Farrell, Simon and Lewandowsky, Stephan},
  year={2018},
  publisher={Cambridge University Press}
}

@article{talts2018validating,
  title={Validating Bayesian inference algorithms with simulation-based calibration},
  author={Talts, Sean and Betancourt, Michael and Simpson, Daniel and Vehtari, Aki and Gelman, Andrew},
  journal={arXiv preprint arXiv:1804.06788},
  year={2018}
}

@article{schad2022workflow,
  title={Workflow techniques for the robust use of bayes factors.},
  author={Schad, Daniel J and Nicenboim, Bruno and B{\"u}rkner, Paul-Christian and Betancourt, Michael and Vasishth, Shravan},
  journal={Psychological Methods},
  year={2022},
  publisher={American Psychological Association}
}

@article{burkner2017brms,
  title={brms: An R package for Bayesian multilevel models using Stan},
  author={B{\"u}rkner, Paul-Christian},
  journal={Journal of statistical software},
  volume={80},
  pages={1--28},
  year={2017}
}

@article{schad2021toward,
  title={Toward a principled Bayesian workflow in cognitive science.},
  author={Schad, Daniel J and Betancourt, Michael and Vasishth, Shravan},
  journal={Psychological methods},
  volume={26},
  number={1},
  pages={103},
  year={2021},
  publisher={American Psychological Association}
}

@article{cranmer2020frontier,
  title={The frontier of simulation-based inference},
  author={Cranmer, Kyle and Brehmer, Johann and Louppe, Gilles},
  journal={Proceedings of the National Academy of Sciences},
  volume={117},
  number={48},
  pages={30055--30062},
  year={2020},
  publisher={National Acad Sciences}
}

@article{boehm2018diffusion,
    title = {Estimating across-trial variability parameters of the Diffusion Decision Model: Expert advice and recommendations},
    author = {Udo Boehm and Jeffrey Annis and Michael J. Frank and Guy E. Hawkins and Andrew Heathcote and David Kellen and Angelos-Miltiadis Krypotos and Veronika Lerche and Gordon D. Logan and Thomas J. Palmeri and Don {van Ravenzwaaij} and Mathieu Servant and Henrik Singmann and Jeffrey J. Starns and Andreas Voss and Thomas V. Wiecki and Dora Matzke and Eric-Jan Wagenmakers},
    journal = {Journal of Mathematical Psychology},
    volume = {87},
    pages = {46--75},
    year = {2018}
}

@article{lerche2016diffusion,
    title = {Model complexity in diffusion modeling: Benefits of making the model more parsimonious},
    author = {Lerche, Veronika and Voss, Andreas},
    journal = {Frontiers in Psychology},
    number = {1324},
    pages = {1--14},
    volume = {7},
    year = {2016}
}

@article{tensorflow2015,
    title={TensorFlow: Large-Scale Machine Learning on Heterogeneous Systems},
    author={Abadi, Mart{\'\i}n and Agarwal, Ashish and Barham, Paul and Brevdo, Eugene and Chen, Zhifeng and Citro, Craig and Corrado, Greg S and Davis, Andy and Dean, Jeffrey and Devin, Matthieu and others},
    journal={arXiv preprint arXiv:1603.04467},
    year={2015},
}

@article{kingma2015adam,
    title = {Adam: A method for stochastic optimization},
    author = {Kingma, Diederik P. and Ba, Jimmy Lei},
    journal = {3rd International Conference on Learning Representations},
    pages = {1--15},
    year = {2015}
}

@article{tran2021diffusion,
    title={Systematic Parameter Reviews in Cognitive Modeling: Towards a Robust and Cumulative Characterization of Psychological Processes in the Diffusion Decision Model},
    author={Tran, N.-Han and van Maanen, Leendert and Heathcote, Andrew and Matzke, Dora},   
    journal={Frontiers in Psychology},      
    volume={11},
    issue={608287},
    year={2021}
}

@inproceedings{cremer2018inference,
  title={Inference suboptimality in variational autoencoders},
  author={Cremer, Chris and Li, Xuechen and Duvenaud, David},
  booktitle={International Conference on Machine Learning},
  pages={1078--1086},
  year={2018},
  organization={PMLR}
}

@online{Gronau2021example,
    author = {Gronau, Quentin F.},
    booktitle = {CRAN},
    title = {{Hierarchical Normal Example (Stan)}},
    url = {https://cran.csiro.au/web/packages/bridgesampling/vignettes/bridgesampling_example_stan.html},
    year = {2021}
}

@online{nicenboim2022introduction,
  title={An introduction to Bayesian data analysis for cognitive science},
  author={Nicenboim, Bruno and Schad, Daniel J and Vasishth, Shravan},
  url={https://vasishth.github.io/bayescogsci/book/},
  year={2022}
}

@inproceedings{naeini2015obtaining,
  title={Obtaining Well Calibrated Probabilities Using Bayesian Binning},
  author={Naeini, Mahdi Pakdaman and Cooper, Gregory and Hauskrecht, Milos},
  booktitle={Proceedings of the Twenty-Ninth AAAI Conference on Artificial Intelligence},
  publisher = {AAAI Press},
  pages = {2901-â2907},
  year={2015}
}

@article{wiecki2013hddm,
  title={HDDM: Hierarchical Bayesian estimation of the Drift-Diffusion Model in Python},
  author={Wiecki, Thomas V and Sofer, Imri and Frank, Michael J},
  journal={Frontiers in Neuroinformatics},
  volume={7},
  year={2013},
  publisher={Frontiers}
}

@article{bradley1997use,
  title={The use of the area under the ROC curve in the evaluation of machine learning algorithms},
  author={Bradley, Andrew P},
  journal={Pattern recognition},
  volume={30},
  number={7},
  pages={1145--1159},
  year={1997},
  publisher={Elsevier}
}

@article{clarte2021componentwise,
  title={Componentwise approximate Bayesian computation via Gibbs-like steps},
  author={Clart{\'e}, Gr{\'e}goire and Robert, Christian P and Ryder, Robin J and Stoehr, Julien},
  journal={Biometrika},
  volume={108},
  number={3},
  pages={591--607},
  year={2021},
  publisher={Oxford University Press}
}

@article{vehtari2021rank,
  title={Rank-normalization, folding, and localization: an improved R for assessing convergence of MCMC (with discussion)},
  author={Vehtari, Aki and Gelman, Andrew and Simpson, Daniel and Carpenter, Bob and B{\"u}rkner, Paul-Christian},
  journal={Bayesian analysis},
  volume={16},
  number={2},
  pages={667--718},
  year={2021},
  publisher={International Society for Bayesian Analysis}
}

@article{marjoram2003markov,
  title={Markov chain Monte Carlo without likelihoods},
  author={Marjoram, Paul and Molitor, John and Plagnol, Vincent and Tavar{\'e}, Simon},
  journal={Proceedings of the National Academy of Sciences},
  volume={100},
  number={26},
  pages={15324--15328},
  year={2003},
  publisher={National Acad Sciences}
}

@book{van2019cognition,
  title={Cognition and intractability: A guide to classical and parameterized complexity analysis},
  author={Van Rooij, Iris and Blokpoel, Mark and Kwisthout, Johan and Wareham, Todd},
  year={2019},
  publisher={Cambridge University Press}
}

@book{green1966signal,
  title={Signal detection theory and psychophysics},
  author={Green, David Marvin and Swets, John A and others},
  volume={1},
  year={1966},
  publisher={Wiley New York}
}

@article{riefer1988multinomial,
  title={Multinomial modeling and the measurement of cognitive processes.},
  author={Riefer, David M and Batchelder, William H},
  journal={Psychological Review},
  volume={95},
  number={3},
  pages={318},
  year={1988},
  publisher={American Psychological Association}
}

@article{rouder2005introduction,
  title={An introduction to Bayesian hierarchical models with an application in the theory of signal detection},
  author={Rouder, Jeffrey N and Lu, Jun},
  journal={Psychonomic bulletin \& review},
  volume={12},
  number={4},
  pages={573--604},
  year={2005},
  publisher={Springer}
}

@article{klauer2010hierarchical,
  title={Hierarchical multinomial processing tree models: A latent-trait approach},
  author={Klauer, Karl Christoph},
  journal={Psychometrika},
  volume={75},
  number={1},
  pages={70--98},
  year={2010},
  publisher={Springer}
}

@article{singmann2013mptinr,
  title={MPTinR: Analysis of multinomial processing tree models in R},
  author={Singmann, Henrik and Kellen, David},
  journal={Behavior Research Methods},
  volume={45},
  number={2},
  pages={560--575},
  year={2013},
  publisher={Springer}
}

@online{standev2019,
title = {Stan Modeling Language Users Guide and Reference Manual},
author = {{Stan Development Team}},
note = {Version 2.21.0},
year = {2019},
url = {https://mc-stan.org},
}

@article{lee2011cognitive,
  title={How cognitive modeling can benefit from hierarchical Bayesian models},
  author={Lee, Michael D},
  journal={Journal of Mathematical Psychology},
  volume={55},
  number={1},
  pages={1--7},
  year={2011},
  publisher={Elsevier}
}

@inproceedings{niculescu2005predicting,
  title={Predicting good probabilities with supervised learning},
  author={Niculescu-Mizil, Alexandru and Caruana, Rich},
  booktitle={Proceedings of the 22nd international conference on Machine learning},
  pages={625--632},
  year={2005}
}

@article{degroot1983comparison,
  title={The comparison and evaluation of forecasters},
  author={DeGroot, Morris H and Fienberg, Stephen E},
  journal={Journal of the Royal Statistical Society: Series D (The Statistician)},
  volume={32},
  number={1-2},
  pages={12--22},
  year={1983},
  publisher={Wiley Online Library}
}

@article{vandekerckhove2011hierarchical,
  title={Hierarchical diffusion models for two-choice response times.},
  author={Vandekerckhove, Joachim and Tuerlinckx, Francis and Lee, Michael D},
  journal={Psychological methods},
  volume={16},
  number={1},
  pages={44},
  year={2011},
  publisher={American Psychological Association}
}

@article{hinton2019steve,
  title={Steve: A hierarchical Bayesian model for supernova cosmology},
  author={Hinton, Samuel R and Davis, TM and Kim, Alex G and Brout, D and DâAndrea, Christopher Brian and Kessler, Richard and Lasker, J and Lidman, Chris and Macaulay, E and M{\"o}ller, A and others},
  journal={The Astrophysical Journal},
  volume={876},
  number={1},
  pages={15},
  year={2019},
  publisher={IOP Publishing}
}

@article{fengler2021likelihood,
  title={Likelihood approximation networks (LANs) for fast inference of simulation models in cognitive neuroscience},
  author={Fengler, Alexander and Govindarajan, Lakshmi N and Chen, Tony and Frank, Michael J},
  journal={Elife},
  volume={10},
  pages={e65074},
  year={2021},
  publisher={eLife Sciences Publications Limited}
}

@article{haaf2021bayes,
  title={Bayes factor vs. Posterior-Predictive Model Assessment: Insights from Ordinal Constraints},
  author={Haaf, Julia M and Klaassen, Fayette and Rouder, Jeffrey N},
  journal={PsyArXiv preprint},
  year={2021},
  publisher={PsyArXiv}
}

@book{hastie2009elements,
  title={The elements of statistical learning: data mining, inference, and prediction},
  author={Hastie, Trevor and Tibshirani, Robert and Friedman, Jerome H and Friedman, Jerome H},
  volume={2},
  year={2009},
  publisher={Springer}
}

@article{schmitt2022meta,
  title={Meta-Uncertainty in Bayesian Model Comparison},
  author={Schmitt, Marvin and Radev, Stefan T and B{\"u}rkner, Paul-Christian},
  journal={arXiv preprint arXiv:2210.07278},
  year={2022}
}

@article{gelman2020bayesian,
  title={Bayesian workflow},
  author={Gelman, Andrew and Vehtari, Aki and Simpson, Daniel and Margossian, Charles C and Carpenter, Bob and Yao, Yuling and Kennedy, Lauren and Gabry, Jonah and B{\"u}rkner, Paul-Christian and Modr{\'a}k, Martin},
  journal={arXiv preprint arXiv:2011.01808},
  year={2020}
}

@article{ghaderi2023general,
  title={A general integrative neurocognitive modeling framework to jointly describe EEG and decision-making on single trials},
  author={Ghaderi-Kangavari, Amin and Rad, Jamal Amani and Nunez, Michael D},
  journal={Computational Brain \& Behavior},
  pages={1--60},
  year={2023},
  publisher={Springer}
}

@article{heathcote2022winner,
  title={Winner takes all! What are race models, and why and how should psychologists use them?},
  author={Heathcote, Andrew and Matzke, Dora},
  journal={Current Directions in Psychological Science},
  volume={31},
  number={5},
  pages={383--394},
  year={2022},
  publisher={SAGE Publications Sage CA: Los Angeles, CA}
}

@article{d2020bayesian,
  title={A Bayesian brain model of adaptive behavior: an application to the Wisconsin Card Sorting Task},
  author={DâAlessandro, Marco and Radev, Stefan T and Voss, Andreas and Lombardi, Luigi},
  journal={PeerJ},
  volume={8},
  pages={e10316},
  year={2020},
  publisher={PeerJ Inc.}
}

@article{hawkins2015revisiting,
  title={Revisiting the evidence for collapsing boundaries and urgency signals in perceptual decision-making},
  author={Hawkins, Guy E and Forstmann, Birte U and Wagenmakers, Eric-Jan and Ratcliff, Roger and Brown, Scott D},
  journal={Journal of Neuroscience},
  volume={35},
  number={6},
  pages={2476--2484},
  year={2015},
  publisher={Soc Neuroscience}
}

@article{collins2022advances,
  title={Advances in modeling learning and decision-making in neuroscience},
  author={Collins, Anne GE and Shenhav, Amitai},
  journal={Neuropsychopharmacology},
  volume={47},
  number={1},
  pages={104--118},
  year={2022},
  publisher={Nature Publishing Group}
}

@article{vanpaemel2010prior,
  title={Prior sensitivity in theory testing: An apologia for the Bayes factor},
  author={Vanpaemel, Wolf},
  journal={Journal of Mathematical Psychology},
  volume={54},
  number={6},
  pages={491--498},
  year={2010},
  publisher={Elsevier}
}

@article{gronau2019rejoinder,
  title={Rejoinder: More limitations of Bayesian leave-one-out cross-validation},
  author={Gronau, Quentin F and Wagenmakers, Eric-Jan},
  journal={Computational Brain \& Behavior},
  volume={2},
  number={1},
  pages={35--47},
  year={2019},
  publisher={Springer}
}

@article{gronau2019limitations,
  title={Limitations of Bayesian leave-one-out cross-validation for model selection},
  author={Gronau, Quentin F and Wagenmakers, Eric-Jan},
  journal={Computational brain \& behavior},
  volume={2},
  number={1},
  pages={1--11},
  year={2019},
  publisher={Springer}
}

@article{vehtari2019limitations,
  title={Limitations of âLimitations of Bayesian leave-one-out cross-validation for model selectionâ},
  author={Vehtari, Aki and Simpson, Daniel P and Yao, Yuling and Gelman, Andrew},
  journal={Computational Brain \& Behavior},
  volume={2},
  number={1},
  pages={22--27},
  year={2019},
  publisher={Springer}
}

@article{sarafoglou2022theory,
  title={Theory-Informed Refinement of Bayesian Hierarchical MPT Modeling},
  author={Sarafoglou, Alexandra and Kuhlmann, Beatrice G and Aust, Frederik and Haaf, Julia M},
  journal={PsyArXiv preprint},
  year={2022},
  publisher={PsyArXiv}
}

@article{myung2009optimal,
  title={Optimal experimental design for model discrimination.},
  author={Myung, Jay I and Pitt, Mark A},
  journal={Psychological review},
  volume={116},
  number={3},
  pages={499},
  year={2009},
  publisher={American Psychological Association}
}

@article{heck2019maximizing,
  title={Maximizing the expected information gain of cognitive modeling via design optimization},
  author={Heck, Daniel W and Erdfelder, Edgar},
  journal={Computational Brain \& Behavior},
  volume={2},
  number={3},
  pages={202--209},
  year={2019},
  publisher={Springer}
}

@article{erdfelder2009multinomial,
  title={Multinomial processing tree models: A review of the literature.},
  author={Erdfelder, Edgar and Auer, Tina-Sarah and Hilbig, Benjamin E and A{\ss}falg, Andr{\'e} and Moshagen, Morten and Nadarevic, Lena},
  journal={Zeitschrift f{\"u}r Psychologie/Journal of Psychology},
  volume={217},
  number={3},
  pages={108},
  year={2009},
  publisher={Hogrefe \& Huber Publishers}
}

@article{lodewyckx2011hierarchical,
  title={A hierarchical state space approach to affective dynamics},
  author={Lodewyckx, Tom and Tuerlinckx, Francis and Kuppens, Peter and Allen, Nicholas B and Sheeber, Lisa},
  journal={Journal of mathematical psychology},
  volume={55},
  number={1},
  pages={68--83},
  year={2011},
  publisher={Elsevier}
}

@article{schumacher2022neural,
  title={Neural Superstatistics: A Bayesian Method for Estimating Dynamic Models of Cognition},
  author={Schumacher, Lukas and B{\"u}rkner, Paul-Christian and Voss, Andreas and K{\"o}the, Ullrich and Radev, Stefan T},
  journal={arXiv preprint arXiv:2211.13165},
  year={2022}
}

@article{driver2018hierarchical,
  title={Hierarchical Bayesian continuous time dynamic modeling.},
  author={Driver, Charles C and Voelkle, Manuel C},
  journal={Psychological Methods},
  volume={23},
  number={4},
  pages={774},
  year={2018},
  publisher={American Psychological Association}
}

@incollection{torrey2010transfer,
  title={Transfer learning},
  author={Torrey, Lisa and Shavlik, Jude},
  booktitle={Handbook of research on machine learning applications and trends: algorithms, methods, and techniques},
  pages={242--264},
  year={2010},
  publisher={IGI global}
}

@inproceedings{bengio2009curriculum,
  title={Curriculum learning},
  author={Bengio, Yoshua and Louradour, J{\'e}r{\^o}me and Collobert, Ronan and Weston, Jason},
  booktitle={Proceedings of the 26th annual international conference on machine learning},
  pages={41--48},
  year={2009}
}

@book{bernardo2000bayesian,
  title={Bayesian Theory},
  author={Bernardo, Jos{\'e} M and Smith, Adrian FM},
  year={2000},
  publisher={John Wiley \& Sons}
}

@article{radev2023bayesflow,
  title={BayesFlow: Amortized Bayesian Workflows With Neural Networks},
  author={Radev, Stefan T and Schmitt, Marvin and Schumacher, Lukas and Elsem{\"u}ller, Lasse and Pratz, Valentin and Sch{\"a}lte, Yannik and K{\"o}the, Ullrich and B{\"u}rkner, Paul-Christian},
  journal={arXiv preprint arXiv:2306.16015},
  year={2023}
}

@article{tieleman2012lecture,
  title={Lecture 6.5-rmsprop, coursera: Neural networks for machine learning},
  author={Tieleman, Tijmen and Hinton, Geoffrey},
  journal={University of Toronto, Technical Report},
  volume={6},
  year={2012}
}

%%% Up until here: hierarchical model comparison paper citations

@article{gretton2012,
    author = {Gretton, A and Borgwardt, K. and Rasch, Malte and SchÃ¶lkopf, Bernhard and Smola, AJ},
    year = {2012},
    month = {03},
    pages = {723-773},
    title = {A Kernel Two-Sample Test},
    volume = {13},
    journal = {The Journal of Machine Learning Research}
}

@article{gers2000learning,
  title={Learning to forget: Continual prediction with LSTM},
  author={Gers, Felix A and Schmidhuber, J{\"u}rgen and Cummins, Fred},
  journal={Neural computation},
  volume={12},
  number={10},
  pages={2451--2471},
  year={2000},
  publisher={MIT Press}
}

@inproceedings{long2015fully,
  title={Fully convolutional networks for semantic segmentation},
  author={Long, Jonathan and Shelhamer, Evan and Darrell, Trevor},
  booktitle={Proceedings of the IEEE conference on computer vision and pattern recognition},
  pages={3431--3440},
  year={2015}
}

@article{elsemuller2023deep,
  title={A deep learning method for comparing bayesian hierarchical models},
  author={Elsem{\"u}ller, Lasse and Schnuerch, Martin and B{\"u}rkner, Paul-Christian and Radev, Stefan T},
  journal={arXiv preprint arXiv:2301.11873},
  year={2023}
}

@article{wenzel2020hyperparameter,
  title={Hyperparameter ensembles for robustness and uncertainty quantification},
  author={Wenzel, Florian and Snoek, Jasper and Tran, Dustin and Jenatton, Rodolphe},
  journal={Advances in Neural Information Processing Systems},
  volume={33},
  pages={6514--6527},
  year={2020}
}
@article{brunner2020,
  title = {Reduced Global Warming from {{CMIP6}} Projections When Weighting Models by Performance and Independence},
  author = {Brunner, Lukas and Pendergrass, Angeline G. and Lehner, Flavio and Merrifield, Anna L. and Lorenz, Ruth and Knutti, Reto},
  year = {2020},
  month = nov,
  journal = {Earth System Dynamics},
  volume = {11},
  number = {4},
  pages = {995--1012},
  publisher = {{Copernicus GmbH}},
  issn = {2190-4979},
  doi = {10.5194/esd-11-995-2020},
  url = {https://esd.copernicus.org/articles/11/995/2020/}
}

@article{diffenbaugh2023,
  title = {Data-Driven Predictions of the Time Remaining until Critical Global Warming Thresholds Are Reached},
  author = {Diffenbaugh, Noah S. and Barnes, Elizabeth A.},
  year = {2023},
  month = feb,
  journal = {Proceedings of the National Academy of Sciences},
  volume = {120},
  number = {6},
  pages = {e2207183120},
  publisher = {{Proceedings of the National Academy of Sciences}},
  doi = {10.1073/pnas.2207183120},
  url = {https://www.pnas.org/doi/10.1073/pnas.2207183120}
}

@article{joshi2011,
  title = {Projections of When Temperature Change Will Exceed 2 \textdegree{{C}} above Pre-Industrial Levels},
  author = {Joshi, Manoj and Hawkins, Ed and Sutton, Rowan and Lowe, Jason and Frame, David},
  year = {2011},
  month = nov,
  journal = {Nature Climate Change},
  volume = {1},
  number = {8},
  pages = {407--412},
  issn = {1758-678X, 1758-6798},
  doi = {10.1038/nclimate1261},
  url = {https://www.nature.com/articles/nclimate1261}
}

@article{riahi2017,
  title = {The {{Shared Socioeconomic Pathways}} and Their Energy, Land Use, and Greenhouse Gas Emissions Implications: {{An}} Overview},
  shorttitle = {The {{Shared Socioeconomic Pathways}} and Their Energy, Land Use, and Greenhouse Gas Emissions Implications},
  author = {Riahi, Keywan and Van Vuuren, Detlef P. and Kriegler, Elmar and Edmonds, Jae and O'Neill, Brian C. and Fujimori, Shinichiro and Bauer, Nico and Calvin, Katherine and Dellink, Rob and Fricko, Oliver and Lutz, Wolfgang and Popp, Alexander and Cuaresma, Jesus Crespo and Kc, Samir and Leimbach, Marian and Jiang, Leiwen and Kram, Tom and Rao, Shilpa and Emmerling, Johannes and Ebi, Kristie and Hasegawa, Tomoko and Havlik, Petr and Humpen{\"o}der, Florian and Da Silva, Lara Aleluia and Smith, Steve and Stehfest, Elke and Bosetti, Valentina and Eom, Jiyong and Gernaat, David and Masui, Toshihiko and Rogelj, Joeri and Strefler, Jessica and Drouet, Laurent and Krey, Volker and Luderer, Gunnar and Harmsen, Mathijs and Takahashi, Kiyoshi and Baumstark, Lavinia and Doelman, Jonathan C. and Kainuma, Mikiko and Klimont, Zbigniew and Marangoni, Giacomo and {Lotze-Campen}, Hermann and Obersteiner, Michael and Tabeau, Andrzej and Tavoni, Massimo},
  year = {2017},
  month = jan,
  journal = {Global Environmental Change},
  volume = {42},
  pages = {153--168},
  issn = {09593780},
  doi = {10.1016/j.gloenvcha.2016.05.009},
  url = {https://linkinghub.elsevier.com/retrieve/pii/S0959378016300681}
}

@incollection{lee2021future,
  title={Future global climate: scenario-based projections and near-term information},
  author={Lee, June-Yi and Marotzke, Jochem and Bala, Govindasamy and Cao, Long and Corti, Susanna and Dunne, John P and Engelbrecht, Francois and Fischer, Erich and Fyfe, John C and Jones, Christopher and others},
  booktitle={Climate change 2021: The physical science basis. Contribution of working group I to the sixth assessment report of the intergovernmental panel on climate change},
  pages={553--672},
  year={2021},
  publisher={Cambridge University Press}
}

@article{hawkins2009,
  title = {The {{Potential}} to {{Narrow Uncertainty}} in {{Regional Climate Predictions}}},
  author = {Hawkins, Ed and Sutton, Rowan},
  year = {2009},
  month = aug,
  journal = {Bulletin of the American Meteorological Society},
  volume = {90},
  number = {8},
  pages = {1095--1108},
  publisher = {{American Meteorological Society}},
  issn = {0003-0007, 1520-0477},
  doi = {10.1175/2009BAMS2607.1},
  url = {https://journals.ametsoc.org/view/journals/bams/90/8/2009bams2607_1.xml},
  chapter = {Bulletin of the American Meteorological Society}
}

@article{zelinka2020,
  title = {Causes of {{Higher Climate Sensitivity}} in {{CMIP6 Models}}},
  author = {Zelinka, Mark D. and Myers, Timothy A. and McCoy, Daniel T. and {Po-Chedley}, Stephen and Caldwell, Peter M. and Ceppi, Paulo and Klein, Stephen A. and Taylor, Karl E.},
  year = {2020},
  journal = {Geophysical Research Letters},
  volume = {47},
  number = {1},
  pages = {e2019GL085782},
  issn = {1944-8007},
  doi = {10.1029/2019GL085782},
  url = {https://onlinelibrary.wiley.com/doi/abs/10.1029/2019GL085782},
  copyright = {\textcopyright 2020. The Authors.}
}



@article{nalisnick2019detecting,
  title={Detecting out-of-distribution inputs to deep generative models using typicality},
  author={Nalisnick, Eric and Matsukawa, Akihiro and Teh, Yee Whye and Lakshminarayanan, Balaji},
  journal={arXiv preprint arXiv:1906.02994},
  year={2019}
}

@article{papamakarios2021normalizing,
  title={Normalizing flows for probabilistic modeling and inference},
  author={Papamakarios, George and Nalisnick, Eric and Rezende, Danilo Jimenez and Mohamed, Shakir and Lakshminarayanan, Balaji},
  journal={The Journal of Machine Learning Research},
  volume={22},
  number={1},
  pages={2617--2680},
  year={2021},
  publisher={JMLRORG}
}

@article{tejero2020sbi,
  title={SBI--A toolkit for simulation-based inference},
  author={Tejero-Cantero, Alvaro and Boelts, Jan and Deistler, Michael and Lueckmann, Jan-Matthis and Durkan, Conor and Gon{\c{c}}alves, Pedro J and Greenberg, David S and Macke, Jakob H},
  journal={arXiv preprint arXiv:2007.09114},
  year={2020}
}

@article{wagenmakers2022one,
  title={One statistical analysis must not rule them all},
  author={Wagenmakers, Eric-Jan and Sarafoglou, Alexandra and Aczel, Balazs},
  journal={Nature},
  volume={605},
  number={7910},
  pages={423--425},
  year={2022},
  publisher={Nature Publishing Group UK London}
}

@article{van2017systematic,
  title={A systematic review of Bayesian articles in psychology: The last 25 years.},
  author={Van De Schoot, Rens and Winter, Sonja D and Ryan, Ois{\'\i}n and Zondervan-Zwijnenburg, Mari{\"e}lle and Depaoli, Sarah},
  journal={Psychological Methods},
  volume={22},
  number={2},
  pages={217},
  year={2017},
  publisher={American Psychological Association}
}


@article{schmitt2023detecting,
    year = {2023},
    title = {Detecting Model Misspecification in Amortized Bayesian Inference with Neural
    Networks
  },
    journal = {Proceedings of the German Conference on Pattern Recognition (GCPR)},
    author = {Schmitt, Marvin and B{\"u}rkner, Paul-Christian and K{\"o}the},
}

@article{schroder2023simultaneous,
  title={Simultaneous identification of models and parameters of scientific simulators},
  author={Schr{\"o}der, Cornelius and Macke, Jakob H},
  journal={arXiv preprint arXiv:2305.15174},
  year={2023}
}

@article{kallioinen2021detecting,
  title={Detecting and diagnosing prior and likelihood sensitivity with power-scaling},
  author={Kallioinen, Noa and Paananen, Topi and B{\"u}rkner, Paul-Christian and Vehtari, Aki},
  journal={arXiv preprint arXiv:2107.14054},
  year={2021}
}

@article{aguilar_intuitive_2023,
    doi = {10.1214/23-EJS2136},
    year = {2023},
    pages = {1711--1767},
    title = {Intuitive joint priors for {Bayesian} linear multilevel models: {The}
    {R2D2M2} prior
  },
    number = {1},
    volume = {17},
    journal = {Electronic Journal of Statistics},
    shorttitle = {Intuitive joint priors for {Bayesian} linear multilevel models},
    author = {Aguilar, Javier Enrique and BÃ¼rkner, Paul-Christian},
}

@article{nalisnick2020prior,
Author = {Eric Nalisnick and Jonathan Gordon and JosÃ© Miguel HernÃ¡ndez-Lobato},
Title = {Predictive Complexity Priors},
Year = {2020},
Eprint = {arXiv:2006.10801},
}

@article{vehtari2022psis,
  title={Pareto smoothed importance sampling},
  author={Vehtari, Aki and Simpson, Daniel and Gelman, Andrew and Yao, Yuling and Gabry, Jonah},
  journal={arXiv preprint arXiv:1507.02646},
  year={2022}
}

@article{avecilla2022neural,
  title={Neural networks enable efficient and accurate simulation-based inference of evolutionary parameters from adaptation dynamics},
  author={Avecilla, Grace and Chuong, Julie N and Li, Fangfei and Sherlock, Gavin and Gresham, David and Ram, Yoav},
  journal={PLoS Biology},
  volume={20},
  number={5},
  pages={e3001633},
  year={2022},
  publisher={Public Library of Science San Francisco, CA USA}
}

@book{BDA3,
    year = {2013},
    title = {{B}ayesian Data Analysis (3rd Edition)},
    publisher = {Chapman and Hall/CRC},
    author = {Gelman, Andrew and Carlin, John B and Stern, Hal S and Dunson, David B and Vehtari, Aki and Rubin, Donald B},
}

@article{hullermeier_aleatoric_2021,
	title = {Aleatoric and {Epistemic} {Uncertainty} in {Machine} {Learning}: {An} {Introduction} to {Concepts} and {Methods}},
	volume = {110},
	issn = {0885-6125, 1573-0565},
	shorttitle = {Aleatoric and {Epistemic} {Uncertainty} in {Machine} {Learning}},
	url = {http://arxiv.org/abs/1910.09457},
	doi = {10.1007/s10994-021-05946-3},
	number = {3},
	urldate = {2022-01-22},
	journal = {Machine Learning},
	author = {HÃ¼llermeier, Eyke and Waegeman, Willem},
	month = mar,
	year = {2021},
	pages = {457--506},
}

@article{roos2015sensitivity,
  title={Sensitivity Analysis for Bayesian Hierarchical Models},
  author={Roos, Malgorzata and Martins, Thiago G and Held, Leonhard and Rue, H{\aa}vard},
  journal={Bayesian Analysis},
  volume={10},
  number={2},
  pages={321--349},
  year={2015},
  publisher={International Society for Bayesian Analysis}
}

@inproceedings{morningstar2021density,
  title={Density of states estimation for out of distribution detection},
  author={Morningstar, Warren and Ham, Cusuh and Gallagher, Andrew and Lakshminarayanan, Balaji and Alemi, Alex and Dillon, Joshua},
  booktitle={International Conference on Artificial Intelligence and Statistics},
  pages={3232--3240},
  year={2021},
  organization={PMLR}
}

@phdthesis{radev2021deep,
  title={Deep Learning Architectures for Amortized Bayesian Inference in Cognitive Modeling},
  author={Radev, Stefan},
  year={2021},
  school={Heidelberg University}
}


@article{Li2015,
  doi = {10.1001/jama.2015.15281},
  url = {https://doi.org/10.1001/jama.2015.15281},
  year = {2015},
  publisher = {American Medical Association ({AMA})},
  volume = {314},
  number = {18},
  pages = {1966},
  author = {Peng Li and Elizabeth A. Stuart and David B. Allison},
  title = {Multiple Imputation},
  journal = {{JAMA}}
}

@article{Steegen2016,
  doi = {10.1177/1745691616658637},
  url = {https://doi.org/10.1177/1745691616658637},
  year = {2016},
  publisher = {{SAGE} Publications},
  volume = {11},
  number = {5},
  pages = {702--712},
  author = {Sara Steegen and Francis Tuerlinckx and Andrew Gelman and Wolf Vanpaemel},
  title = {Increasing Transparency Through a Multiverse Analysis},
  journal = {Perspectives on Psychological Science}
}

@article{bell2022modeling,
  title={Modeling the Machine Learning Multiverse},
  author={Bell, Samuel J and Kampman, Onno and Dodge, Jesse and Lawrence, Neil},
  journal={Advances in Neural Information Processing Systems},
  volume={35},
  pages={18416--18429},
  year={2022}
}

@article{bell2021perspectives,
  title={Perspectives on Machine Learning from Psychology's Reproducibility Crisis},
  author={Bell, Samuel J and Kampman, Onno P},
  journal={arXiv preprint arXiv:2104.08878},
  year={2021}
}

@article{Simmons2011,
  doi = {10.1177/0956797611417632},
  url = {https://doi.org/10.1177/0956797611417632},
  year = {2011},
  publisher = {{SAGE} Publications},
  volume = {22},
  number = {11},
  pages = {1359--1366},
  author = {Joseph P. Simmons and Leif D. Nelson and Uri Simonsohn},
  title = {False-Positive Psychology},
  journal = {Psychological Science}
}

@article{Wu2020,
  doi = {10.1609/aaai.v34i04.6111},
  url = {https://doi.org/10.1609/aaai.v34i04.6111},
  year = {2020},
  publisher = {Association for the Advancement of Artificial Intelligence ({AAAI})},
  volume = {34},
  number = {04},
  pages = {6404--6412},
  author = {Mike Wu and Kristy Choi and Noah Goodman and Stefano Ermon},
  title = {Meta-Amortized Variational Inference and Learning},
  journal = {Proceedings of the {AAAI} Conference on Artificial Intelligence}
}

@article{gloeckler2023adversarial,
  title={Adversarial robustness of amortized Bayesian inference},
  author={Gl{\"o}ckler, Manuel and Deistler, Michael and Macke, Jakob H},
  journal={arXiv preprint arXiv:2305.14984},
  year={2023}
}

@article{ward2022robust,
  title={Robust neural posterior estimation and statistical model criticism},
  author={Ward, Daniel and Cannon, Patrick and Beaumont, Mark and Fasiolo, Matteo and Schmon, Sebastian},
  journal={Advances in Neural Information Processing Systems},
  volume={35},
  pages={33845--33859},
  year={2022}
}

@inproceedings{Goodfellow2015,
title	= {Explaining and Harnessing Adversarial Examples},
author	= {Ian Goodfellow and Jonathon Shlens and Christian Szegedy},
year	= {2015},
URL	= {http://arxiv.org/abs/1412.6572},
booktitle	= {International Conference on Learning Representations}
}

@inproceedings{biggio2012,
author = {Biggio, Battista and Nelson, Blaine and Laskov, Pavel},
title = {Poisoning Attacks against Support Vector Machines},
year = {2012},
publisher = {Omnipress},
address = {Madison, WI, USA},
booktitle = {Proceedings of the 29th International Coference on International Conference on Machine Learning},
pages = {1467â1474},
numpages = {8},
location = {Edinburgh, Scotland},
series = {ICML'12}
}

@inproceedings{baruch2019,
 author = {Baruch, Gilad and Baruch, Moran and Goldberg, Yoav},
 booktitle = {Advances in Neural Information Processing Systems},
 editor = {H. Wallach and H. Larochelle and A. Beygelzimer and F. d\textquotesingle Alch\'{e}-Buc and E. Fox and R. Garnett},
 pages = {},
 publisher = {Curran Associates, Inc.},
 title = {A Little Is Enough: Circumventing Defenses For Distributed Learning},
 url = {https://proceedings.neurips.cc/paper_files/paper/2019/file/ec1c59141046cd1866bbbcdfb6ae31d4-Paper.pdf},
 volume = {32},
 year = {2019}
}

@article{Openscience2015,
  doi = {10.1126/science.aac4716},
  url = {https://doi.org/10.1126/science.aac4716},
  year = {2015},
  author ={{OSC}},
  publisher = {American Association for the Advancement of Science ({AAAS})},
  volume = {349},
  number = {6251},
  title = {Estimating the reproducibility of psychological science},
  journal = {Science},
  note = {Published by the Open Science Collaboration (OSC)}
}

@article{Wicherts2016,
  doi = {10.3389/fpsyg.2016.01832},
  url = {https://doi.org/10.3389/fpsyg.2016.01832},
  year = {2016},
  publisher = {Frontiers Media {SA}},
  volume = {7},
  author = {Jelte M. Wicherts and Coosje L. S. Veldkamp and Hilde E. M. Augusteijn and Marjan Bakker and Robbie C. M. van Aert and Marcel A. L. M. van Assen},
  title = {Degrees of Freedom in Planning,  Running,  Analyzing,  and Reporting Psychological Studies: A Checklist to Avoid p-Hacking},
  journal = {Frontiers in Psychology}
}

@article{Hall2022,
  doi = {10.1111/cgf.14443},
  url = {https://doi.org/10.1111/cgf.14443},
  year = {2022},
  publisher = {Wiley},
  volume = {41},
  number = {1},
  pages = {402--426},
  author = {Brian D. Hall and Yang Liu and Yvonne Jansen and Pierre Dragicevic and Fanny Chevalier and Matthew Kay},
  title = {A Survey of Tasks and Visualizations in Multiverse Analysis Reports},
  journal = {Computer Graphics Forum}
}

@incollection{Zickfeld2019,
  doi = {10.1007/978-3-030-33099-6_9},
  url = {https://doi.org/10.1007/978-3-030-33099-6_9},
  year = {2019},
  publisher = {Springer International Publishing},
  pages = {147--168},
  author = {Janis H. Zickfeld and Thomas W. Schubert},
  title = {How to Identify and How to Conduct Research that Is Informative and Reproducible},
  booktitle = {Social Philosophy of Science for the Social Sciences}
}

@inproceedings{Liu2020,
  doi = {10.1145/3313831.3376533},
  url = {https://doi.org/10.1145/3313831.3376533},
  year = {2020},
  publisher = {{ACM}},
  author = {Yang Liu and Tim Althoff and Jeffrey Heer},
  title = {Paths Explored,  Paths Omitted,  Paths Obscured: Decision Points \& Selective Reporting in End-to-End Data Analysis},
  booktitle = {Proceedings of the 2020 {CHI} Conference on Human Factors in Computing Systems}
}

@article{Modecki2020,
  doi = {10.1111/jcpp.13282},
  url = {https://doi.org/10.1111/jcpp.13282},
  year = {2020},
  publisher = {Wiley},
  volume = {61},
  number = {8},
  pages = {855--865},
  author = {Kathryn L. Modecki and Samantha Low-Choy and Bep N. Uink and Lynette Vernon and Helen Correia and Kylie Andrews},
  title = {Tuning into the real effect of smartphone use on parenting: a multiverse analysis},
  journal = {Journal of Child Psychology and Psychiatry}
}

@inproceedings{Gu2023,
  doi = {10.1145/3544548.3581099},
  url = {https://doi.org/10.1145/3544548.3581099},
  year = {2023},
  publisher = {{ACM}},
  author = {Ken Gu and Eunice Jun and Tim Althoff},
  title = {Understanding and Supporting Debugging Workflows in Multiverse Analysis},
  booktitle = {Proceedings of the 2023 {CHI} Conference on Human Factors in Computing Systems}
}

@article{lakshminarayanan2017simple,
  title={Simple and scalable predictive uncertainty estimation using deep ensembles},
  author={Lakshminarayanan, Balaji and Pritzel, Alexander and Blundell, Charles},
  journal={Advances in neural information processing systems},
  volume={30},
  year={2017}
}

@article{modi2023sensitivity,
  title={Sensitivity Analysis of Simulation-Based Inference for Galaxy Clustering},
  author={Modi, Chirag and Pandey, Shivam and Ho, Matthew and Hahn, ChangHoon and Blancard, Bruno and Wandelt, Benjamin},
  journal={arXiv preprint arXiv:2309.15071},
  year={2023}
}

@inproceedings{winkler2015influence,
  title={On the influence of high-pass filtering on ICA-based artifact reduction in EEG-ERP},
  author={Winkler, Irene and Debener, Stefan and M{\"u}ller, Klaus-Robert and Tangermann, Michael},
  booktitle={2015 37th Annual International Conference of the IEEE Engineering in Medicine and Biology Society (EMBC)},
  pages={4101--4105},
  year={2015},
  organization={IEEE}
}


@article{pacchiardi2021,
  title={Generalized Bayesian likelihood-free inference using scoring rules estimators},
  author={Pacchiardi, Lorenzo and Dutta, Ritabrata},
  journal={arXiv preprint arXiv:2104.03889},
  year={2021}
}

@inproceedings{izmailov2021bayesian,
  title={What are Bayesian neural network posteriors really like?},
  author={Izmailov, Pavel and Vikram, Sharad and Hoffman, Matthew D and Wilson, Andrew Gordon Gordon},
  booktitle={International conference on machine learning},
  pages={4629--4640},
  year={2021},
  organization={PMLR}
}


@article{gelman2014understanding,
  title={Understanding predictive information criteria for Bayesian models},
  author={Gelman, Andrew and Hwang, Jessica and Vehtari, Aki},
  journal={Statistics and computing},
  volume={24},
  number={6},
  pages={997--1016},
  year={2014},
  publisher={Springer}
}


@article{wilson2020bayesian,
  title={Bayesian deep learning and a probabilistic perspective of generalization},
  author={Wilson, Andrew G and Izmailov, Pavel},
  journal={Advances in neural information processing systems},
  volume={33},
  pages={4697--4708},
  year={2020}
}

@inproceedings{Balabanov2023,
  doi = {10.1109/cvpr52729.2023.01317},
  url = {https://doi.org/10.1109/cvpr52729.2023.01317},
  year = {2023},
  publisher = {{IEEE}},
  author = {Oleksandr Balabanov and Bernhard Mehlig and Hampus Linander},
  title = {Bayesian Posterior Approximation With Stochastic Ensembles},
  booktitle = {2023 {IEEE}/{CVF} Conference on Computer Vision and Pattern Recognition ({CVPR})}
}

@article{tiulpin2022greedy,
title={Greedy Bayesian Posterior Approximation with Deep Ensembles},
author={Aleksei Tiulpin and Matthew B. Blaschko},
journal={Transactions on Machine Learning Research},
issn={2835-8856},
year={2022},
url={https://openreview.net/forum?id=P1DuPJzVTN},
note={}
}

@article{liese2006divergences,
  title={On divergences and informations in statistics and information theory},
  author={Liese, Friedrich and Vajda, Igor},
  journal={IEEE Transactions on Information Theory},
  volume={52},
  number={10},
  pages={4394--4412},
  year={2006},
  publisher={IEEE}
}

@article{csiszar1964informationstheoretische,
  title={Eine informationstheoretische ungleichung und ihre anwendung auf beweis der ergodizitaet von markoffschen ketten},
  author={Csisz{\'a}r, Imre},
  journal={Magyer Tud. Akad. Mat. Kutato Int. Koezl.},
  volume={8},
  pages={85--108},
  year={1964}
}

@article{ali1966general,
  title={A general class of coefficients of divergence of one distribution from another},
  author={Ali, Syed Mumtaz and Silvey, Samuel D},
  journal={Journal of the Royal Statistical Society: Series B (Methodological)},
  volume={28},
  number={1},
  pages={131--142},
  year={1966},
  publisher={Wiley Online Library}
}

@book{goodfellow2016deep,
  title={Deep learning},
  author={Goodfellow, Ian and Bengio, Yoshua and Courville, Aaron},
  year={2016},
  publisher={MIT press}
}

@BOOK{Insua2012,
	AUTHOR = {Insua, David Rios AND Ruggeri, Fabrizio},
	YEAR = {2012},
	TITLE = {Robust Bayesian Analysis},
	EDITION = {},
	ISBN = {978-1-461-21306-2},
	PUBLISHER = {Springer Science \& Business Media},
	ADDRESS = {Berlin Heidelberg},
}

@article{Depaoli2020,
	doi = {10.3389/fpsyg.2020.608045},
	url = {https://doi.org/10.3389%2Ffpsyg.2020.608045},
	year = 2020,
	publisher = {Frontiers Media {SA}},
	volume = {11},
	author = {Sarah Depaoli and Sonja D. Winter and Marieke Visser},
	title = {The Importance of Prior Sensitivity Analysis in Bayesian Statistics: Demonstrations Using an Interactive Shiny App},
	journal = {Frontiers in Psychology}
}

@article{giordano2018,
author = {Giordano, Ryan and Broderick, Tamara and Jordan, Michael I.},
title = {Covariances, Robustness and Variational Bayes},
year = {2018},
issue_date = {January 2018},
publisher = {JMLR.org},
volume = {19},
number = {1},
journal = {Journal of Machine Learning Research},
pages = {1981â2029},
numpages = {49},
}


@InProceedings{giordano2019,
  title = 	 {A Swiss Army Infinitesimal Jackknife},
  author =       {Giordano, Ryan and Stephenson, William and Liu, Runjing and Jordan, Michael and Broderick, Tamara},
  booktitle = 	 {Proceedings of the Twenty-Second International Conference on Artificial Intelligence and Statistics},
  pages = 	 {1139--1147},
  year = 	 {2019},
  editor = 	 {Chaudhuri, Kamalika and Sugiyama, Masashi},
  volume = 	 {89},
  series = 	 {Proceedings of Machine Learning Research},
  publisher =    {PMLR},
}


@techreport{jaeckel1972,
  author    = {Jaeckel, Louis A},
  title     = {The Infinitesimal Jackknife},
  type      = {Memorandum},
  institution = {Bell Labs},
  number    = {MM 72-1215-11},
  address   = {Murray Hill, NJ},
  year      = {1972},
}


@article{vandeSchoot2017,
  doi = {10.1037/met0000100},
  url = {https://doi.org/10.1037/met0000100},
  year = {2017},
  publisher = {American Psychological Association ({APA})},
  volume = {22},
  number = {2},
  pages = {217--239},
  author = {Rens van de Schoot and Sonja D. Winter and Ois{\'{\i}}n Ryan and MariÃ«lle Zondervan-Zwijnenburg and Sarah Depaoli},
  title = {A systematic review of Bayesian articles in psychology: The last 25 years.},
  journal = {Psychological Methods}
}

@incollection{neal2011mcmc,
  title={MCMC using Hamiltonian dynamics},
  author={Neal, Radford M},
  editor={Brooks, Steve and Gelman, Andrew and Jones, Galin and Meng, Xiao-Li},
  booktitle={Handbook of markov chain monte carlo},
  chapter={5},
  year={2011},
  publisher={Chapman and Hall/CRC}
}

@book{sisson2018handbook,
  title={Handbook of approximate {B}ayesian computation},
  author={Sisson, Scott A and Fan, Yanan and Beaumont, Mark},
  year={2018},
  publisher={CRC Press}
}

@article{sailynoja2022graphical,
  title={Graphical test for discrete uniformity and its applications in goodness-of-fit evaluation and multiple sample comparison},
  author={S{\"a}ilynoja, Teemu and B{\"u}rkner, Paul-Christian and Vehtari, Aki},
  journal={Statistics and Computing},
  volume={32},
  number={2},
  pages={1--21},
  year={2022},
  publisher={Springer}
}

@book{shafer_mathematical_1976,
	address = {Princeton, NJ},
	title = {A mathematical theory of evidence},
	language = {eng},
	publisher = {Princeton Univ. Press},
	author = {Shafer, Glenn},
	year = {1976},
	file = {Table of Contents PDF:/Users/marvin/Zotero/storage/UFLQMQ7A/Shafer - 1976 - A mathematical theory of evidence.pdf:application/pdf},
}

@article{deng_generalized_2015,
	title = {Generalized evidence theory},
	volume = {43},
	issn = {0924-669X, 1573-7497},
	url = {http://link.springer.com/10.1007/s10489-015-0661-2},
	doi = {10.1007/s10489-015-0661-2},
	language = {en},
	number = {3},
	urldate = {2022-08-12},
	journal = {Applied Intelligence},
	author = {Deng, Yong},
	year = {2015},
	pages = {530--543},
	file = {Submitted Version:/Users/marvin/Zotero/storage/R5BAPIBB/Deng - 2015 - Generalized evidence theory.pdf:application/pdf},
}

@article{bernardo_bayesian_2002,
	title = {Bayesian {Hypothesis} {Testing}: {A} {Reference} {Approach}},
	volume = {70},
	issn = {03067734},
	shorttitle = {Bayesian {Hypothesis} {Testing}},
	url = {https://www.jstor.org/stable/10.2307/1403862?origin=crossref},
	doi = {10.2307/1403862},
	number = {3},
	urldate = {2022-04-14},
	journal = {International Statistical Review / Revue Internationale de Statistique},
	author = {Bernardo, Jose M. and Rueda, Raul},
	year = {2002},
	pages = {351},
	file = {30e83dfc-ab27-4738-8ed9-ab657248c9b0.pdf:/Users/marvin/Zotero/storage/FVHMPVUL/30e83dfc-ab27-4738-8ed9-ab657248c9b0.pdf:application/pdf;Submitted Version:/Users/marvin/Zotero/storage/PZGBSQZ8/Bernardo and Rueda - 2002 - Bayesian Hypothesis Testing A Reference Approach.pdf:application/pdf},
}

@article{Pang2021,
  doi = {10.1145/3439950},
  url = {https://doi.org/10.1145/3439950},
  year = {2021},
  publisher = {Association for Computing Machinery ({ACM})},
  volume = {54},
  number = {2},
  pages = {1--38},
  author = {Guansong Pang and Chunhua Shen and Longbing Cao and Anton Van Den Hengel},
  title = {Deep Learning for Anomaly Detection},
  journal = {{ACM} Computing Surveys}
}

@article{Zhuang2021,
  doi = {10.1109/jproc.2020.3004555},
  url = {https://doi.org/10.1109/jproc.2020.3004555},
  year = {2021},
  publisher = {Institute of Electrical and Electronics Engineers ({IEEE})},
  volume = {109},
  number = {1},
  pages = {43--76},
  author = {Fuzhen Zhuang and Zhiyuan Qi and Keyu Duan and Dongbo Xi and Yongchun Zhu and Hengshu Zhu and Hui Xiong and Qing He},
  title = {A Comprehensive Survey on Transfer Learning},
  journal = {Proceedings of the {IEEE}}
}

@InProceedings{radev2023jana,
  title = 	 {{JANA: Jointly Amortized Neural Approximation of Complex Bayesian Models}},
  author =       {Radev, Stefan T. and Schmitt, Marvin and Pratz, Valentin and Picchini, Umberto and K\"othe, Ullrich and B\"urkner, Paul-Christian},
  booktitle = 	 {Proceedings of the 39th Conference on Uncertainty in Artificial Intelligence},
  pages = 	 {1695--1706},
  year = 	 {2023},
  editor = 	 {Evans, Robin J. and Shpitser, Ilya},
  volume = 	 {216},
  series = 	 {Proceedings of Machine Learning Research},
  publisher =    {PMLR}
}

@article{cannon2022investigating,
  title={Investigating the impact of model misspecification in neural simulation-based inference},
  author={Cannon, Patrick and Ward, Daniel and Schmon, Sebastian M},
  journal={arXiv preprint arXiv:2209.01845},
  year={2022}
}

@article{dax2023neural,
  title={Neural Importance Sampling for Rapid and Reliable Gravitational-Wave Inference},
  author={Dax, Maximilian and Green, Stephen R and Gair, Jonathan and P{\"u}rrer, Michael and Wildberger, Jonas and Macke, Jakob H and Buonanno, Alessandra and Sch{\"o}lkopf, Bernhard},
  journal={Physical Review Letters},
  volume={130},
  number={17},
  pages={171403},
  year={2023},
  publisher={APS}
}

@inproceedings{dellaporta2022robust,
  title={Robust Bayesian inference for simulator-based models via the MMD posterior bootstrap},
  author={Dellaporta, Charita and Knoblauch, Jeremias and Damoulas, Theodoros and Briol, Fran{\c{c}}ois-Xavier},
  booktitle={International Conference on Artificial Intelligence and Statistics},
  pages={943--970},
  year={2022},
  organization={PMLR}
}

@article{lavin2021simulation,
  title={Simulation intelligence: Towards a new generation of scientific methods},
  author={Lavin, Alexander and Zenil, Hector and Paige, Brooks and others},
  cauthor={Lavin, Alexander and Zenil, Hector and Paige, Brooks and Krakauer, David and Gottschlich, Justin and Mattson, Tim and Anandkumar, Anima and Choudry, Sanjay and Rocki, Kamil and Baydin, At{\i}l{\i}m G{\"u}ne{\c{s}} and others},
  journal={arXiv preprint},
  year={2021}
}

@article{vehtari2017practical,
  title={Practical Bayesian model evaluation using leave-one-out cross-validation and WAIC},
  author={Vehtari, Aki and Gelman, Andrew and Gabry, Jonah},
  journal={Statistics and computing},
  volume={27},
  pages={1413--1432},
  year={2017},
  publisher={Springer}
}

@article{ratcliff1978theory,
  title={A theory of memory retrieval.},
  author={Ratcliff, Roger},
  journal={Psychological review},
  volume={85},
  number={2},
  pages={59},
  year={1978},
  publisher={American Psychological Association}
}

@article{blumberg2014detecting,
  title={Detecting differential transmissibilities that affect the size of self-limited outbreaks},
  author={Blumberg, Seth and Funk, Sebastian and Pulliam, Juliet RC},
  journal={PLoS pathogens},
  volume={10},
  number={10},
  pages={e1004452},
  year={2014},
  publisher={Public Library of Science San Francisco, USA}
}

@article{braumann2021estimation,
  title={Estimation of the Distribution of the Individual Reproduction Number: The Case of the COVID-19 Pandemic},
  author={Braumann, Alexander and Krampe, Jonas and Kreiss, Jens-Peter and Paparoditis, Efstathios},
  journal={arXiv preprint arXiv:2101.07919},
  year={2021}
}

@article{broderick2023automatic,
  title={An automatic finite-sample robustness metric: when can dropping a little data make a big difference?},
  author={Broderick, Tamara and Giordano, Ryan and Meager, Rachael},
  journal={arXiv preprint arXiv:2011.14999},
  year={2023}
}

@misc{yao2023stacking,
Author = {Yuling Yao and Bruno RÃ©galdo-Saint Blancard and Justin Domke},
Title = {Simulation based stacking},
Year = {2023},
Eprint = {arXiv:2310.17009},
}

@article{betancourt2018calibrating,
  title={Calibrating model-based inferences and decisions},
  author={Betancourt, Michael},
  journal={arXiv preprint arXiv:1803.08393},
  year={2018}
}

@inproceedings{ji2022test,
  title={Test sample accuracy scales with training sample density in neural networks},
  author={Ji, Xu and Pascanu, Razvan and Hjelm, R Devon and Lakshminarayanan, Balaji and Vedaldi, Andrea},
  booktitle={Conference on Lifelong Learning Agents},
  pages={629--646},
  year={2022},
  organization={PMLR}
}

@article{shamir2021dimpled,
  title={The dimpled manifold model of adversarial examples in machine learning},
  author={Shamir, Adi and Melamed, Odelia and BenShmuel, Oriel},
  journal={arXiv preprint arXiv:2106.10151},
  year={2021}
}

@article{fort2019deep,
  title={Deep ensembles: A loss landscape perspective},
  author={Fort, Stanislav and Hu, Huiyi and Lakshminarayanan, Balaji},
  journal={arXiv preprint arXiv:1912.02757},
  year={2019}
}

@article{wiqvist2021sequential,
  title={Sequential neural posterior and likelihood approximation},
  author={Wiqvist, Samuel and Frellsen, Jes and Picchini, Umberto},
  journal={arXiv preprint arXiv:2102.06522},
  year={2021}
}

@article{glockler2022variational,
  title={Variational methods for simulation-based inference},
  author={Gl{\"o}ckler, Manuel and Deistler, Michael and Macke, Jakob H},
  journal={arXiv preprint arXiv:2203.04176},
  year={2022}
}

@article{kristanto2024multiverse,
  title={The multiverse of data preprocessing and analysis in graph-based fMRI: A systematic literature review of analytical choices fed into a decision support tool for informed analysis},
  author={Kristanto, Daniel and Burkhardt, Micha and Thiel, Christiane and Debener, Stefan and Giessing, Carsten and Hildebrandt, Andrea},
  journal={bioRxiv},
  pages={2024--01},
  year={2024},
  publisher={Cold Spring Harbor Laboratory}
}

@article{bischoff2024practical,
  title={A Practical Guide to Statistical Distances for Evaluating Generative Models in Science},
  author={Bischoff, Sebastian and Darcher, Alana and Deistler, Michael and Gao, Richard and Gerken, Franziska and Gloeckler, Manuel and Haxel, Lisa and Kapoor, Jaivardhan and Lappalainen, Janne K and Macke, Jakob H and others},
  journal={arXiv preprint arXiv:2403.12636},
  year={2024}
}

%%% Above copied in July 24 from SA-ABI

@article{huang2024learning,
  title={Learning robust statistics for simulation-based inference under model misspecification},
  author={Huang, Daolang and Bharti, Ayush and Souza, Amauri and Acerbi, Luigi and Kaski, Samuel},
  journal={Advances in Neural Information Processing Systems},
  volume={36},
  year={2024}
}

@article{wehenkel2024addressing,
  title={Addressing Misspecification in Simulation-based Inference through Data-driven Calibration},
  author={Wehenkel, Antoine and Gamella, Juan L and Sener, Ozan and Behrmann, Jens and Sapiro, Guillermo and Cuturi, Marco and Jacobsen, J{\"o}rn-Henrik},
  journal={arXiv preprint arXiv:2405.08719},
  year={2024}
}

@article{schmitt2024detecting,
  title={Detecting Model Misspecification in Amortized Bayesian Inference with Neural Networks: An Extended Investigation},
  author={Schmitt, Marvin and B{\"u}rkner, Paul-Christian and K{\"o}the, Ullrich and Radev, Stefan T},
  journal={arXiv preprint arXiv:2406.03154},
  year={2024}
}

@article{ciprijanovic2020domain,
  title={Domain adaptation techniques for improved cross-domain study of galaxy mergers},
  author={{\'C}iprijanovi{\'c}, A and Kafkes, Diana and Jenkins, S and Downey, K and Perdue, Gabriel N and Madireddy, Sandeep and Johnston, T and Nord, Brian},
  journal={arXiv preprint arXiv:2011.03591},
  year={2020}
}

@article{swierc2023domain_classification,
  title={Domain Adaptation for Measurements of Strong Gravitational Lenses},
  author={Swierc, Paxson and Zhao, Megan and {\'C}iprijanovi{\'c}, Aleksandra and Nord, Brian},
  journal={arXiv preprint arXiv:2311.17238},
  year={2023}
}

@article{swierc2024domain_npe,
  title={Domain-Adaptive Neural Posterior Estimation for Strong Gravitational Lens Analysis},
  author={Swierc, Paxson and Tamargo-Arizmendi, Marcos and {\'C}iprijanovi{\'c}, Aleksandra and Nord, Brian D},
  journal={arXiv preprint arXiv:2410.16347},
  year={2024}
}

@article{nejjar2024uncertainty,
  title={Uncertainty-Guided Alignment for Unsupervised Domain Adaptation in Regression},
  author={Nejjar, Ismail and Frusque, Gaetan and Forest, Florent and Fink, Olga},
  journal={arXiv preprint arXiv:2401.13721},
  year={2024}
}

@article{ben2006analysis,
  title={Analysis of representations for domain adaptation},
  author={Ben-David, Shai and Blitzer, John and Crammer, Koby and Pereira, Fernando},
  journal={Advances in neural information processing systems},
  volume={19},
  year={2006}
}

@inproceedings{louppe2019adversarial,
  title={Adversarial variational optimization of non-differentiable simulators},
  author={Louppe, Gilles and Hermans, Joeri and Cranmer, Kyle},
  booktitle={The 22nd International Conference on Artificial Intelligence and Statistics},
  pages={1438--1447},
  year={2019},
  organization={PMLR}
}

@article{ganin2016domain,
  title={Domain-adversarial training of neural networks},
  author={Ganin, Yaroslav and Ustinova, Evgeniya and Ajakan, Hana and Germain, Pascal and Larochelle, Hugo and Laviolette, Fran{\c{c}}ois and March, Mario and Lempitsky, Victor},
  journal={Journal of machine learning research},
  volume={17},
  number={59},
  pages={1--35},
  year={2016}
}

@inproceedings{uppaal2024useful,
  title={How Useful is Continued Pre-Training for Generative Unsupervised Domain Adaptation?},
  author={Uppaal, Rheeya and Li, Yixuan and Hu, Junjie},
  booktitle={Proceedings of the 9th Workshop on Representation Learning for NLP (RepL4NLP-2024)},
  pages={99--117},
  year={2024}
}

@inproceedings{zhao2019learning,
  title={On learning invariant representations for domain adaptation},
  author={Zhao, Han and Des Combes, Remi Tachet and Zhang, Kun and Gordon, Geoffrey},
  booktitle={International conference on machine learning},
  pages={7523--7532},
  year={2019},
  organization={PMLR}
}

@article{kumar2018co,
  title={Co-regularized alignment for unsupervised domain adaptation},
  author={Kumar, Abhishek and Sattigeri, Prasanna and Wadhawan, Kahini and Karlinsky, Leonid and Feris, Rogerio and Freeman, Bill and Wornell, Gregory},
  journal={Advances in neural information processing systems},
  volume={31},
  year={2018}
}

@article{liu2022deep,
  title={Deep unsupervised domain adaptation: A review of recent advances and perspectives},
  author={Liu, Xiaofeng and Yoo, Chaehwa and Xing, Fangxu and Oh, Hyejin and El Fakhri, Georges and Kang, Je-Won and Woo, Jonghye and others},
  journal={APSIPA Transactions on Signal and Information Processing},
  volume={11},
  number={1},
  year={2022},
  publisher={Now Publishers, Inc.}
}

@article{zellinger2021balancing,
  title={The balancing principle for parameter choice in distance-regularized domain adaptation},
  author={Zellinger, Werner and Shepeleva, Natalia and Dinu, Marius-Constantin and Eghbal-zadeh, Hamid and Nguyen, Hoan Duc and Nessler, Bernhard and Pereverzyev, Sergei and Moser, Bernhard A},
  journal={Advances in Neural Information Processing Systems},
  volume={34},
  pages={20798--20811},
  year={2021}
}

@article{ben2010theory,
  title={A theory of learning from different domains},
  author={Ben-David, Shai and Blitzer, John and Crammer, Koby and Kulesza, Alex and Pereira, Fernando and Vaughan, Jennifer Wortman},
  journal={Machine learning},
  volume={79},
  pages={151--175},
  year={2010},
  publisher={Springer}
}

@misc{frazier2024statistical,
      title={The Statistical Accuracy of Neural Posterior and Likelihood Estimation}, 
      author={David T. Frazier and Ryan Kelly and Christopher Drovandi and David J. Warne},
      year={2024},
      eprint={2411.12068},
      archivePrefix={arXiv},
      primaryClass={stat.ML},
      url={https://arxiv.org/abs/2411.12068}, 
}

@article{siahkoohi2023reliable,
  title={Reliable amortized variational inference with physics-based latent distribution correction},
  author={Siahkoohi, Ali and Rizzuti, Gabrio and Orozco, Rafael and Herrmann, Felix J},
  journal={Geophysics},
  volume={88},
  number={3},
  pages={R297--R322},
  year={2023},
  publisher={Society of Exploration Geophysicists}
}

@article{matsubara2022robust,
  title={Robust generalised Bayesian inference for intractable likelihoods},
  author={Matsubara, Takuo and Knoblauch, Jeremias and Briol, Fran{\c{c}}ois-Xavier and Oates, Chris J},
  journal={Journal of the Royal Statistical Society Series B: Statistical Methodology},
  volume={84},
  number={3},
  pages={997--1022},
  year={2022},
  publisher={Oxford University Press}
}

@article{gao2023generalized,
  title={Generalized Bayesian inference for scientific simulators via amortized cost estimation},
  author={Gao, Richard and Deistler, Michael and Macke, Jakob H},
  journal={Advances in Neural Information Processing Systems},
  volume={36},
  pages={80191--80219},
  year={2023}
}

@article{knoblauch2019generalized,
  title={Generalized variational inference: Three arguments for deriving new posteriors},
  author={Knoblauch, Jeremias and Jewson, Jack and Damoulas, Theodoros},
  journal={arXiv preprint arXiv:1904.02063},
  year={2019}
}

@article{lewis2021bayesian,
  title={Bayesian restricted likelihood methods: Conditioning on insufficient statistics in Bayesian regression (with discussion)},
  author={Lewis, John R and MacEachern, Steven N and Lee, Yoonkyung},
  journal={Bayesian Analysis},
  volume={16},
  number={4},
  pages={1393--1462},
  year={2021},
  publisher={International Society for Bayesian Analysis}
}

@article{nott2023bayesian,
  title={Bayesian inference for misspecified generative models},
  author={Nott, David J and Drovandi, Christopher and Frazier, David T},
  journal={Annual Review of Statistics and Its Application},
  volume={11},
  year={2023},
  publisher={Annual Reviews}
}

@article{kelly2023misspecification,
  title={Misspecification-robust sequential neural likelihood},
  author={Kelly, Ryan P and Nott, David J and Frazier, David T and Warne, David J and Drovandi, Chris},
  journal={arXiv preprint arXiv:2301.13368},
  year={2023}
}

@article{marin2014relevant,
  title={Relevant statistics for Bayesian model choice},
  author={Marin, Jean-Michel and Pillai, Natesh S and Robert, Christian P and Rousseau, Judith},
  journal={Journal of the Royal Statistical Society Series B: Statistical Methodology},
  volume={76},
  number={5},
  pages={833--859},
  year={2014},
  publisher={Oxford University Press}
}

@article{frazier2021robust,
  title={Robust approximate Bayesian inference with synthetic likelihood},
  author={Frazier, David T and Drovandi, Christopher},
  journal={Journal of Computational and Graphical Statistics},
  volume={30},
  number={4},
  pages={958--976},
  year={2021},
  publisher={Taylor \& Francis}
}

@article{frazier2020robust,
  title={Robust approximate Bayesian computation: An adjustment approach},
  author={Frazier, David T and Drovandi, Christopher and Loaiza-Maya, Ruben},
  journal={arXiv preprint arXiv:2008.04099},
  year={2020}
}

@article{
wang2024preconditioned,
title={Preconditioned Neural Posterior Estimation for Likelihood-free Inference},
author={Xiaoyu Wang and Ryan P. Kelly and David J Warne and Christopher Drovandi},
journal={Transactions on Machine Learning Research},
issn={2835-8856},
year={2024},
url={https://openreview.net/forum?id=vgIBAOkIhY},
note={}
}

@article{jewson2018principles,
  title={Principles of Bayesian inference using general divergence criteria},
  author={Jewson, Jack and Smith, Jim Q and Holmes, Chris},
  journal={Entropy},
  volume={20},
  number={6},
  pages={442},
  year={2018},
  publisher={MDPI}
}

@article{bissiri2016general,
  title={A general framework for updating belief distributions},
  author={Bissiri, Pier Giovanni and Holmes, Chris C and Walker, Stephen G},
  journal={Journal of the Royal Statistical Society: Series B (Statistical Methodology)},
  volume={78},
  number={5},
  pages={1103--1130},
  year={2016},
  publisher={Wiley Online Library}
}

@misc{adachi2024testtime,
  title = {Test-Time {{Adaptation}} for {{Regression}} by {{Subspace Alignment}}},
  author = {Adachi, Kazuki and Yamaguchi, Shin'ya and Kumagai, Atsutoshi and Hamagami, Tomoki},
  year = {2024},
  month = oct,
  number = {arXiv:2410.03263},
  eprint = {2410.03263},
  publisher = {arXiv},
  doi = {10.48550/arXiv.2410.03263},
  urldate = {2024-11-26},
  archiveprefix = {arXiv},
  keywords = {Computer Science - Artificial Intelligence,Computer Science - Machine Learning}
}

@inproceedings{chen2021representation,
  title = {Representation {{Subspace Distance}} for {{Domain Adaptation Regression}}},
  booktitle = {Proceedings of the 38th {{International Conference}} on {{Machine Learning}}},
  author = {Chen, Xinyang and Wang, Sinan and Wang, Jianmin and Long, Mingsheng},
  year = {2021},
  month = jul,
  pages = {1749--1759},
  publisher = {PMLR},
  issn = {2640-3498},
  urldate = {2024-11-14},
  langid = {english}
}

@misc{chen2024unsupervised,
  title = {Unsupervised {{Domain Adaptation}} for {{Low-dose CT Reconstruction}} via {{Bayesian Uncertainty Alignment}}},
  author = {Chen, Kecheng and Liu, Jie and Wan, Renjie and Lee, Victor Ho-Fun and Vardhanabhuti, Varut and Yan, Hong and Li, Haoliang},
  year = {2024},
  month = jun,
  number = {arXiv:2302.13251},
  eprint = {2302.13251},
  publisher = {arXiv},
  doi = {10.48550/arXiv.2302.13251},
  urldate = {2024-11-27},
  archiveprefix = {arXiv},
  keywords = {Computer Science - Computer Vision and Pattern Recognition,Computer Science - Machine Learning,Electrical Engineering and Systems Science - Image and Video Processing}
}

@incollection{cortes2011domain,
  title = {Domain {{Adaptation}} in {{Regression}}},
  booktitle = {Algorithmic {{Learning Theory}}},
  author = {Cortes, Corinna and Mohri, Mehryar},
  editor = {Kivinen, Jyrki and Szepesv{\'a}ri, Csaba and Ukkonen, Esko and Zeugmann, Thomas},
  year = {2011},
  volume = {6925},
  pages = {308--323},
  publisher = {Springer Berlin Heidelberg},
  address = {Berlin, Heidelberg},
  doi = {10.1007/978-3-642-24412-4_25},
  urldate = {2024-11-26},
  copyright = {http://www.springer.com/tdm},
  isbn = {978-3-642-24411-7 978-3-642-24412-4},
  langid = {english}
}

@misc{liu2023attentive,
  title = {Attentive {{Continuous Generative Self-training}} for {{Unsupervised Domain Adaptive Medical Image Translation}}},
  author = {Liu, Xiaofeng and Prince, Jerry L. and Xing, Fangxu and Zhuo, Jiachen and Timothy, Reese and Stone, Maureen and Fakhri, Georges El and Woo, Jonghye},
  year = {2023},
  month = may,
  number = {arXiv:2305.14589},
  eprint = {2305.14589},
  publisher = {arXiv},
  doi = {10.48550/arXiv.2305.14589},
  urldate = {2024-11-27},
  archiveprefix = {arXiv},
  keywords = {Computer Science - Computer Vision and Pattern Recognition,Computer Science - Machine Learning,Electrical Engineering and Systems Science - Image and Video Processing,Physics - Medical Physics}
}

@misc{malik2023udapter,
  title = {{{UDApter}} -- {{Efficient Domain Adaptation Using Adapters}}},
  author = {Malik, Bhavitvya and Kashyap, Abhinav Ramesh and Kan, Min-Yen and Poria, Soujanya},
  year = {2023},
  month = feb,
  number = {arXiv:2302.03194},
  eprint = {2302.03194},
  primaryclass = {cs},
  publisher = {arXiv},
  urldate = {2024-11-13},
  archiveprefix = {arXiv},
  langid = {english},
  keywords = {Computer Science - Computation and Language}
}

@misc{park2023generative,
  title = {Is {{Generative Modeling-based Stylization Necessary}} for {{Domain Adaptation}} in {{Regression Tasks}}?},
  author = {Park, Jinman and Barnard, Francois and Hossain, Saad and Rambhatla, Sirisha and Fieguth, Paul},
  year = {2023},
  month = jun,
  number = {arXiv:2306.01706},
  eprint = {2306.01706},
  publisher = {arXiv},
  doi = {10.48550/arXiv.2306.01706},
  urldate = {2024-11-26},
  archiveprefix = {arXiv},
  keywords = {Computer Science - Artificial Intelligence,Computer Science - Computer Vision and Pattern Recognition,Computer Science - Machine Learning}
}

@article{qin2021deepa,
  title = {Deep Generative Model with Domain Adversarial Training for Predicting Arterial Blood Pressure Waveform from Photoplethysmogram Signal},
  author = {Qin, Keke and Huang, Wu and Zhang, Tao},
  year = {2021},
  month = sep,
  journal = {Biomedical Signal Processing and Control},
  volume = {70},
  pages = {102972},
  issn = {1746-8094},
  doi = {10.1016/j.bspc.2021.102972},
  urldate = {2024-11-18},
  keywords = {Arterial blood pressure (ABP),Domain adversarial training,Generative model,Photoplethysmogram (PPG),Signal conversion}
}

@incollection{richard2021unsupervised,
  title = {Unsupervised {{Multi-source Domain Adaptation}} for {{Regression}}},
  booktitle = {Machine {{Learning}} and {{Knowledge Discovery}} in {{Databases}}},
  author = {Richard, Guillaume and Mathelin, Antoine De and H{\'e}brail, Georges and Mougeot, Mathilde and Vayatis, Nicolas},
  editor = {Hutter, Frank and Kersting, Kristian and Lijffijt, Jefrey and Valera, Isabel},
  year = {2021},
  volume = {12457},
  pages = {395--411},
  publisher = {Springer International Publishing},
  address = {Cham},
  doi = {10.1007/978-3-030-67658-2_23},
  urldate = {2024-11-14},
  isbn = {978-3-030-67657-5 978-3-030-67658-2},
  langid = {english}
}

@incollection{singh2020deep,
  title = {Deep {{Domain Adaptation}} for {{Regression}}},
  booktitle = {Development and {{Analysis}} of {{Deep Learning Architectures}}},
  author = {Singh, Ankita and Chakraborty, Shayok},
  editor = {Pedrycz, Witold and Chen, Shyi-Ming},
  year = {2020},
  pages = {91--115},
  publisher = {Springer International Publishing},
  address = {Cham},
  doi = {10.1007/978-3-030-31764-5_4},
  urldate = {2024-11-26},
  isbn = {978-3-030-31764-5},
  langid = {english}
}

@inproceedings{adlam2019learning,
  title = {Learning {{GANs}} and {{Ensembles Using Discrepancy}}},
  booktitle = {Advances in {{Neural Information Processing Systems}}},
  author = {Adlam, Ben and Cortes, Corinna and Mohri, Mehryar and Zhang, Ningshan},
  year = {2019},
  volume = {32},
  publisher = {Curran Associates, Inc.},
  urldate = {2024-12-02},
  keywords = {No DOI found}
}

@misc{redko2022survey,
  title = {A Survey on Domain Adaptation Theory: Learning Bounds and Theoretical Guarantees},
  shorttitle = {A Survey on Domain Adaptation Theory},
  author = {Redko, Ievgen and Morvant, Emilie and Habrard, Amaury and Sebban, Marc and Bennani, Youn{\`e}s},
  year = {2022},
  month = jul,
  number = {arXiv:2004.11829},
  eprint = {2004.11829},
  publisher = {arXiv},
  doi = {10.48550/arXiv.2004.11829},
  urldate = {2024-12-02},
  archiveprefix = {arXiv},
  keywords = {Computer Science - Machine Learning,Statistics - Machine Learning}
}

@article{cortes2014domain,
  title = {Domain Adaptation and Sample Bias Correction Theory and Algorithm for Regression},
  author = {Cortes, Corinna and Mohri, Mehryar},
  year = {2014},
  month = jan,
  journal = {Theoretical Computer Science},
  series = {Algorithmic {{Learning Theory}}},
  volume = {519},
  pages = {103--126},
  issn = {0304-3975},
  doi = {10.1016/j.tcs.2013.09.027},
  urldate = {2024-12-02},
  keywords = {Domain adaptation,Learning theory,Machine learning,Optimization}
}

@article{lee2024inferring,
  title={Inferring Cosmological Parameters on SDSS via Domain-generalized Neural Networks and Light-cone Simulations},
  author={Lee, Jun-Young and Kim, Ji-hoon and Jung, Minyong and Oh, Boon Kiat and Jo, Yongseok and Park, Songyoun and Lee, Jaehyun and Ting, Yuan-Sen and Hwang, Ho Seong},
  journal={The Astrophysical Journal},
  volume={975},
  number={1},
  pages={38},
  year={2024},
  publisher={IOP Publishing}
}

@article{perone2019unsupervised,
  title={Unsupervised domain adaptation for medical imaging segmentation with self-ensembling},
  author={Perone, Christian S and Ballester, Pedro and Barros, Rodrigo C and Cohen-Adad, Julien},
  journal={NeuroImage},
  volume={194},
  pages={1--11},
  year={2019},
  publisher={Elsevier}
}

@misc{dingeldein2024simulation,
      title={Simulation-based inference of single-molecule experiments}, 
      author={Lars Dingeldein and Pilar Cossio and Roberto Covino},
      year={2024},
      eprint={2410.15896},
      archivePrefix={arXiv},
      primaryClass={physics.chem-ph},
      url={https://arxiv.org/abs/2410.15896}, 
}

@article{bernaerts2023combined,
  title={Combined statistical-mechanistic modeling links ion channel genes to physiology of cortical neuron types},
  author={Bernaerts, Yves and Deistler, Michael and Gon{\c{c}}alves, Pedro J and Beck, Jonas and Stimberg, Marcel and Scala, Federico and Tolias, Andreas S and Macke, Jakob and Kobak, Dmitry and Berens, Philipp},
  journal={bioRxiv},
  pages={2023--03},
  year={2023},
  publisher={Cold Spring Harbor Laboratory}
}

@article{jing2023unsupervised,
  title={Unsupervised adversarial domain adaptation for sim-to-real transfer of tactile images},
  author={Jing, Xingshuo and Qian, Kun and Jianu, Tudor and Luo, Shan},
  journal={IEEE Transactions on Instrumentation and Measurement},
  volume={72},
  pages={1--11},
  year={2023},
  publisher={IEEE}
}

@inproceedings{kong2023dusa,
  title={Dusa: Decoupled unsupervised sim2real adaptation for vehicle-to-everything collaborative perception},
  author={Kong, Xianghao and Jiang, Wentao and Jia, Jinrang and Shi, Yifeng and Xu, Runsheng and Liu, Si},
  booktitle={Proceedings of the 31st ACM International Conference on Multimedia},
  pages={1943--1954},
  year={2023}
}

@article{nguyen2024deep,
  title={Deep Domain Adaptation: A Sim2Real Neural Approach for Improving Eye-Tracking Systems},
  author={Nguyen, Viet Dung and Bailey, Reynold and Diaz, Gabriel J and Ma, Chengyi and Fix, Alexander and Ororbia, Alexander},
  journal={Proceedings of the ACM on Computer Graphics and Interactive Techniques},
  volume={7},
  number={2},
  pages={1--17},
  year={2024},
  publisher={ACM New York, NY, USA}
}

@article{musgrave2021unsupervised,
  title={Unsupervised domain adaptation: A reality check},
  author={Musgrave, Kevin and Belongie, Serge and Lim, Ser-Nam},
  journal={arXiv preprint arXiv:2111.15672},
  year={2021}
}

@article{mansour2009domain,
  title={Domain adaptation: Learning bounds and algorithms},
  author={Mansour, Yishay and Mohri, Mehryar and Rostamizadeh, Afshin},
  journal={arXiv preprint arXiv:0902.3430},
  year={2009}
}

@article{lai2024predictive,
  title={Predictive variational inference: Learn the predictively optimal posterior distribution},
  author={Lai, Jinlin and Yao, Yuling},
  journal={arXiv preprint arXiv:2410.14843},
  year={2024}
}

@inproceedings{mescheder2018training,
  title={Which training methods for GANs do actually converge?},
  author={Mescheder, Lars and Geiger, Andreas and Nowozin, Sebastian},
  booktitle={International conference on machine learning},
  pages={3481--3490},
  year={2018},
  organization={PMLR}
}

@book{huber1981robust,
  title={Robust statistics},
  author={Huber, Peter J},
  year={1981},
  publisher={John Wiley \& Sons}
}

@inproceedings{
ramesh2022gatsbi,
title={{GATSBI}: Generative Adversarial Training for Simulation-Based Inference},
author={Poornima Ramesh and Jan-Matthis Lueckmann and Jan Boelts and {\'A}lvaro Tejero-Cantero and David S. Greenberg and Pedro J. Goncalves and Jakob H. Macke},
booktitle={International Conference on Learning Representations},
year={2022},
url={https://openreview.net/forum?id=kR1hC6j48Tp}
}

@article{lecun1998mnist,
  author={Lecun, Y. and Bottou, L. and Bengio, Y. and Haffner, P.},
  journal={Proceedings of the IEEE}, 
  title={Gradient-based learning applied to document recognition}, 
  year={1998},
  volume={86},
  number={11},
  pages={2278-2324},
  keywords={Neural networks;Pattern recognition;Machine learning;Optical character recognition software;Character recognition;Feature extraction;Multi-layer neural network;Optical computing;Hidden Markov models;Principal component analysis},
  doi={10.1109/5.726791}
}

@article{hull1994usps,
  author={Hull, J.J.},
  journal={IEEE Transactions on Pattern Analysis and Machine Intelligence}, 
  title={A database for handwritten text recognition research}, 
  year={1994},
  volume={16},
  number={5},
  pages={550-554},
  keywords={Text recognition;Image databases;Testing;Cities and towns;Handwriting recognition;Gray-scale;Performance analysis;Writing;Digital images;Postal services},
  doi={10.1109/34.291440}}

@article{scikit-image,
 title = {scikit-image: image processing in {P}ython},
 author = {van der Walt, {S}t\'efan and {S}ch\"onberger, {J}ohannes {L}. and
           {Nunez-Iglesias}, {J}uan and {B}oulogne, {F}ran\c{c}ois and {W}arner,
           {J}oshua {D}. and {Y}ager, {N}eil and {G}ouillart, {E}mmanuelle and
           {Y}u, {T}ony and the scikit-image contributors},
 year = {2014},
 month = {6},
 keywords = {Image processing, Reproducible research, Education,
             Visualization, Open source, Python, Scientific programming},
 volume = {2},
 pages = {e453},
 journal = {PeerJ},
 issn = {2167-8359},
 url = {https://doi.org/10.7717/peerj.453},
 doi = {10.7717/peerj.453}
}

@ARTICLE{2020SciPy-NMeth,
  author  = {Virtanen, Pauli and Gommers, Ralf and Oliphant, Travis E. and
            Haberland, Matt and Reddy, Tyler and Cournapeau, David and
            Burovski, Evgeni and Peterson, Pearu and Weckesser, Warren and
            Bright, Jonathan and {van der Walt}, St{\'e}fan J. and
            Brett, Matthew and Wilson, Joshua and Millman, K. Jarrod and
            Mayorov, Nikolay and Nelson, Andrew R. J. and Jones, Eric and
            Kern, Robert and Larson, Eric and Carey, C J and
            Polat, {\.I}lhan and Feng, Yu and Moore, Eric W. and
            {VanderPlas}, Jake and Laxalde, Denis and Perktold, Josef and
            Cimrman, Robert and Henriksen, Ian and Quintero, E. A. and
            Harris, Charles R. and Archibald, Anne M. and
            Ribeiro, Ant{\^o}nio H. and Pedregosa, Fabian and
            {van Mulbregt}, Paul and {SciPy 1.0 Contributors}},
  title   = {{{SciPy} 1.0: Fundamental Algorithms for Scientific
            Computing in Python}},
  journal = {Nature Methods},
  year    = {2020},
  volume  = {17},
  pages   = {261--272},
  adsurl  = {https://rdcu.be/b08Wh},
  doi     = {10.1038/s41592-019-0686-2},
}

@inproceedings{ronneberger2015unet,
  title={U-net: Convolutional networks for biomedical image segmentation},
  author={Ronneberger, Olaf and Fischer, Philipp and Brox, Thomas},
  booktitle={Medical image computing and computer-assisted intervention--MICCAI 2015: 18th international conference, Munich, Germany, October 5-9, 2015, proceedings, part III 18},
  pages={234--241},
  year={2015},
  organization={Springer}
}

@inproceedings{johansson2019support,
  title={Support and invertibility in domain-invariant representations},
  author={Johansson, Fredrik D and Sontag, David and Ranganath, Rajesh},
  booktitle={The 22nd International Conference on Artificial Intelligence and Statistics},
  pages={527--536},
  year={2019},
  organization={PMLR}
}

@article{musgrave2022three,
  title={Three new validators and a large-scale benchmark ranking for unsupervised domain adaptation},
  author={Musgrave, Kevin and Belongie, Serge and Lim, Ser-Nam},
  journal={arXiv preprint arXiv:2208.07360},
  year={2022}
}

@article{tzeng2014deep,
  title={Deep domain confusion: Maximizing for domain invariance},
  author={Tzeng, Eric and Hoffman, Judy and Zhang, Ning and Saenko, Kate and Darrell, Trevor},
  journal={arXiv preprint arXiv:1412.3474},
  year={2014}
}

@inproceedings{long2015learning,
  title={Learning transferable features with deep adaptation networks},
  author={Long, Mingsheng and Cao, Yue and Wang, Jianmin and Jordan, Michael},
  booktitle={International conference on machine learning},
  pages={97--105},
  year={2015},
  organization={PMLR}
}

@article{pan2010domain,
  title={Domain adaptation via transfer component analysis},
  author={Pan, Sinno Jialin and Tsang, Ivor W and Kwok, James T and Yang, Qiang},
  journal={IEEE transactions on neural networks},
  volume={22},
  number={2},
  pages={199--210},
  year={2010},
  publisher={IEEE}
}

@article{zhang2023free,
  title={Free lunch for domain adversarial training: Environment label smoothing},
  author={Zhang, YiFan and Wang, Xue and Liang, Jian and Zhang, Zhang and Wang, Liang and Jin, Rong and Tan, Tieniu},
  journal={arXiv preprint arXiv:2302.00194},
  year={2023}
}

@article{sener2016learning,
  title={Learning transferrable representations for unsupervised domain adaptation},
  author={Sener, Ozan and Song, Hyun Oh and Saxena, Ashutosh and Savarese, Silvio},
  journal={Advances in neural information processing systems},
  volume={29},
  year={2016}
}

@article{sun2019unsupervised,
  title={Unsupervised domain adaptation through self-supervision},
  author={Sun, Yu and Tzeng, Eric and Darrell, Trevor and Efros, Alexei A},
  journal={arXiv preprint arXiv:1909.11825},
  year={2019}
}

@article{zhou2022domain,
  title={Domain generalization: A survey},
  author={Zhou, Kaiyang and Liu, Ziwei and Qiao, Yu and Xiang, Tao and Loy, Chen Change},
  journal={IEEE Transactions on Pattern Analysis and Machine Intelligence},
  volume={45},
  number={4},
  pages={4396--4415},
  year={2022},
  publisher={IEEE}
}

@inproceedings{ericsson2023better,
  title={Better practices for domain adaptation},
  author={Ericsson, Linus and Li, Da and Hospedales, Timothy},
  booktitle={International Conference on Automated Machine Learning},
  pages={4--1},
  year={2023},
  organization={PMLR}
}

@article{schmitt2024amortized,
  title={Amortized bayesian workflow},
  author={Schmitt, Marvin and Li, Chengkun and Vehtari, Aki and Acerbi, Luigi and B{\"u}rkner, Paul-Christian and Radev, Stefan T},
  journal={arXiv preprint arXiv:2409.04332},
  year={2024}
}

@inproceedings{
lipman2023flow,
title={Flow Matching for Generative Modeling},
author={Yaron Lipman and Ricky T. Q. Chen and Heli Ben-Hamu and Maximilian Nickel and Matthew Le},
booktitle={The Eleventh International Conference on Learning Representations },
year={2023},
url={https://openreview.net/forum?id=PqvMRDCJT9t}
}

@article{kingma2018glow,
  title={Glow: Generative flow with invertible 1x1 convolutions},
  author={Kingma, Durk P and Dhariwal, Prafulla},
  journal={Advances in neural information processing systems},
  volume={31},
  year={2018}
}

@inproceedings{
wildberger2023flow,
title={Flow Matching for Scalable Simulation-Based Inference},
author={Jonas Bernhard Wildberger and Maximilian Dax and Simon Buchholz and Stephen R Green and Jakob H. Macke and Bernhard Sch{\"o}lkopf},
booktitle={Thirty-seventh Conference on Neural Information Processing Systems},
year={2023},
url={https://openreview.net/forum?id=D2cS6SoYlP}
}