@article{schauer2017guided,
    title = {Guided Proposals for Simulating Multi-dimensional Diffusion Bridges},
    volume = {23},
    issn = {1350-7265},
    URL = {http://arxiv.org/abs/1311.3606},
    doi = {10.3150/16-BEJ833},
    language = {en},
    number = {4A},
    urldate = {2024-08-23},
    journal = {Bernoulli},
    author = {Schauer, Moritz and van der Meulen, Frank and van Zanten, Harry},
    month = nov,
    year = {2017},
    keywords = {Guided proposal, Diffusion bridge},
}

@article{lin2010generating,
  title={On generating Monte Carlo samples of continuous diffusion bridges},
  author={Lin, Ming and Chen, Rong and Mykland, Per},
  journal={Journal of the American Statistical Association},
  volume={105},
  number={490},
  pages={820--838},
  year={2010},
  publisher={Taylor \& Francis}
}

@article{pieper2024class,
    title = {On a Class of Exponential Changes of Measure for Stochastic PDEs},
    author = {Pieper-Sethmacher, Thorben and van der Meulen, Frank and van der Vaart, Aad},
    journal = {arXiv preprint arXiv:2409.08057},
    year = {2024},
    print = {2409.08057},
    primaryClass = {math.PR},
    url = {https://arxiv.org/abs/2409.08057}
}

@inproceedings{zhou2024denoising,
    title = {Denoising Diffusion Bridge Models},
    author = {Linqi Zhou and Aaron Lou and Samar Khanna and Stefano Ermon},
    booktitle = {The Twelfth International Conference on Learning Representations},
    year = {2024},
    url = {https://openreview.net/forum?id=FKksTayvGo}
}



@article{zheng2024diffusion,
    author = {Kaiwen Zheng and Guande He and Jianfei Chen and Fan Bao and Jun Zhu},
    title = {Diffusion Bridge Implicit Models},
    journal = {arXiv preprint arXiv:2405.15885},
    year = {2024},
    eprint = {2405.15885},
    archivePrefix = {arXiv},
    primaryClass = {cs.stat},
    url = {http://arxiv.org/abs/2405.15885}
}


@article{arnaudon2022diffusion,
	title = {Diffusion Bridges for Stochastic Hamiltonian Systems and Shape Evolutions},
	volume = {15},
	issn = {1936-4954},
	url = {http://arxiv.org/abs/2002.00885},
	doi = {10.1137/21M1406283},
	number = {1},
	urldate = {2024-08-06},
	journal = {SIAM Journal on Imaging Sciences},
	author = {Arnaudon, Alexis and van der Meulen, Frank and Schauer, Moritz and Sommer, Stefan},
	month = mar,
	year = {2022},
	keywords = {Guided proposal},
	pages = {293--323},
}

@inproceedings{baker2024conditioning,
    title = {Conditioning Non-linear and Infinite-dimensional Diffusion Processes},
    author = {Elizabeth Louise Baker and Gefan Yang and Michael Lind Severinsen and Christy Anna Hipsley and Stefan Sommer},
    booktitle = {The Thirty-eighth Annual Conference on Neural Information Processing Systems},
    year = {2024},
    url = {https://openreview.net/forum?id=FV4an2OuFM}
}



@article{yang2024simulating,
    title = {Simulating Infinite-dimensional Nonlinear Diffusion Bridges},
    author = {Gefan Yang and Elizabeth Louise Baker and Michael Lind Severinsen and Christy Anna Hipsley and Stefan Sommer},
    journal = {arXiv preprint arXiv:2405.18353},
    year = {2024},
    eprint = {2405.18353},
    archivePrefix = {arXiv},
    primaryClass = {cs.stat},
    url = {http://arxiv.org/abs/2405.18353}
}


@article{beskos2006exact,
	title = {Exact and Computationally Efficient Likelihood-based Estimation for Discretely Observed Diffusion Processes},
	author = {Beskos, Alexandros and Papaspiliopoulos, Omiros and Roberts, Gareth O. and Fearnhead, Paul},
	volume = {68},
	issn = {1467-9868},
	url = {https://onlinelibrary.wiley.com/doi/abs/10.1111/j.1467-9868.2006.00552.x},
	doi = {10.1111/j.1467-9868.2006.00552.x},
	language = {en},
	number = {3},
	urldate = {2024-09-17},
	journal = {Journal of the Royal Statistical Society: Series B (Statistical Methodology)},
	year = {2006},
	pages = {333--382},
}


@article{delyon2006simulation,
    title = {Simulation of Conditioned Diffusion and Application To Parameter Estimation},
    author = {Delyon, Bernard and Hu, Ying},
    journal = {Stochastic Processes and their Applications},
    volume = {116},
    number = {11},
    pages = {1660--1675},
    year = {2006},
    publisher = {Elsevier}
}

@article{heng2022simulating,
	title = {Simulating Diffusion Bridges with Score Matching},
	author = {Heng, Jeremy and De Bortoli, Valentin and Doucet, Arnaud and Thornton, James},
    journal = {arXiv preprint arXiv:2111.07243},
	year = {2022},
    eprint = {2111.07243},
    archivePrefix = {arXiv},
    primaryClass = {cs.stat},
	url = {http://arxiv.org/abs/2111.07243},
}

@article{bierkens2020simulation,
	title = {Simulation of Elliptic and Hypo-elliptic Conditional Diffusions},
	author = {Bierkens, Joris and Van Der Meulen, Frank and Schauer, Moritz},
	volume = {52},
	issn = {0001-8678, 1475-6064},
	doi = {10.1017/apr.2019.54},
	language = {en},
	number = {1},
	journal = {Advances in Applied Probability},
	year = {2020},
	pages = {173--212},
    publisher = {Cambridge University Press (CUP)}
}


@article{bierkens2021piecewise,
	title = {A Piecewise Deterministic Monte Carlo Method for Diffusion Bridges},
	author = {Bierkens, Joris and Grazzi, Sebastiano and Van Der Meulen, Frank and Schauer, Moritz},
	volume = {31},
	issn = {0960-3174, 1573-1375},
	doi = {10.1007/s11222-021-10008-8},
	language = {en},
	number = {3},
	journal = {Statistics and Computing},
	year = {2021},
	pages = {37},
}

@article{mider2021continuous,
    author = {Mider, Marcin and Schauer, Moritz and van der Meulen, Frank},
    title = {Continuous-discrete Smoothing of Diffusions},
    volume = {15},
    journal = {Electronic Journal of Statistics},
    number = {2},
    publisher = {Institute of Mathematical Statistics and Bernoulli Society},
    pages = {4295 -- 4342},
    year = {2021},
    doi = {10.1214/21-EJS1894},
    URL = {https://doi.org/10.1214/21-EJS1894}
}

@article{chau2024efficient,
	title = {An Efficient Method to Simulate Diffusion Bridges},
	volume = {34},
	issn = {0960-3174, 1573-1375},
	doi = {10.1007/s11222-024-10439-z},
	language = {en},
	number = {4},
	journal = {Statistics and Computing},
	author = {Chau, H. and Kirkby, J. L. and Nguyen, D. H. and Nguyen, D. and Nguyen, N. and Nguyen, T.},
	year = {2024},
	pages = {131},
}

@article{baker2024score,
	title = {Score matching for bridges without time-reversals},
	author = {Baker, Elizabeth Louise and Schauer, Moritz and Sommer, Stefan},
    journal = {arXiv preprint arXiv:2407.15455},
	year = {2024},
    eprint = {2407.15455},
    archivePrefix = {arXiv},
    primaryClass = {cs, math, stat},
	url = {http://arxiv.org/abs/1712.03807},
}


@article{hyvarinen2005estimation,
	title = {Estimation of Non-Normalized Statistical Models by Score Matching},
	language = {en},
	author = {Hyvarinen, Aapo},
	year = {2005},
	pages = {15},
	journal = {Journal of Machine Learning Research},
}

@article{vincent2011connection,
	title = {A Connection Between Score Matching and Denoising Autoencoders},
	volume = {23},
	issn = {0899-7667, 1530-888X},
	doi = {10.1162/NECO_a_00142},
	language = {en},
	number = {7},
	journal = {Neural Computation},
	author = {Vincent, Pascal},
	year = {2011},
	pages = {1661--1674},
}


@inproceedings{clark1990simulation,
	title = {The Simulation of Pinned Diffusions},
	url = {https://ieeexplore.ieee.org/document/203845/?arnumber=203845},
	doi = {10.1109/CDC.1990.203845},
	booktitle = {29th {IEEE} {Conference} on {Decision} and {Control}},
	author = {Clark, J.M.C.},
	year = {1990},
	pages = {1418--1420 vol.3},
}


@article{sommer2017bridge,
	title = {Bridge Simulation and Metric Estimation on Landmark Manifolds},
	author = {Sommer, Stefan and Arnaudon, Alexis and Kuhnel, Line and Joshi, Sarang},
	journal = {arXiv preprint arXiv:1705.10943},
	year = {2017},
	eprint = {1705.10943},
	archivePrefix = {arXiv},
	primaryClass = {cs},
	url = {http://arxiv.org/abs/1705.10943},
}

@article{grong2024score,
	title = {Score Matching for Sub-Riemannian Bridge Sampling},
	author = {Grong, Erlend and Habermann, Karen and Sommer, Stefan},
	journal = {arXiv preprint arXiv:2404.15258},
	year = {2024},
	eprint = {2404.15258},
	archivePrefix = {arXiv},
	primaryClass = {cs, math, stat},
	url = {http://arxiv.org/abs/2404.15258},
}

@article{corstanje2024simulating,
	title = {Simulating conditioned diffusions on manifolds},
	author = {Corstanje, Marc and van der Meulen, Frank and Schauer, Moritz and Sommer, Stefan},
	journal = {arXiv preprint arXiv:2403.05409},
	year = {2024},
	eprint = {2403.05409},
	archivePrefix = {arXiv},
	primaryClass = {math, stat},
	url = {http://arxiv.org/abs/2403.05409},
}


@article{jensen2023simulation,
	title = {Simulation of Conditioned Semimartingales on Riemannian Manifolds},
	author = {Jensen, Mathias Højgaard and Sommer, Stefan},
	journal = {arXiv preprint arXiv:2105.13190},
	year = {2023},
	eprint = {2105.13190},
	archivePrefix = {arXiv},
	primaryClass = {cs, math},
	url = {http://arxiv.org/abs/2105.13190},
}


@article{meulen2017bayesian,
	title = {Bayesian estimation of discretely observed multi-dimensional diffusion processes using guided proposals},
	volume = {11},
	issn = {1935-7524},
	doi = {10.1214/17-EJS1290},
	language = {en},
	number = {1},
	journal = {Electronic Journal of Statistics},
	author = {van der Meulen, Frank and Schauer, Moritz},
	year = {2017},
}

@article{pieschner2020bayesian,
	title = {Bayesian inference for diffusion processes: using higher-order approximations for transition densities},
	volume = {7},
	issn = {2054-5703},
	doi = {10.1098/rsos.200270},
	language = {en},
	number = {10},
	journal = {Royal Society Open Science},
	author = {Pieschner, Susanne and Fuchs, Christiane},
	year = {2020},
	pages = {200270},
}


@article{bladt2014simple,
	title = {Simple simulation of diffusion bridges with application to likelihood inference for diffusions},
	volume = {20},
	issn = {1350-7265},
	language = {en},
	number = {2},
	urldate = {2024-09-18},
	journal = {Bernoulli},
	author = {Bladt, Mogens and Sørensen, Michael},
	year = {2014},
}

@book{rogers2000diffusions,
    title = {Diffusions, Markov processes, and martingales: It{\^o} calculus},
    author = {Rogers, L Chris G and Williams, David},
    volume = {2},
    year = {2000},
    publisher = {Cambridge university press}
}

@article{whitaker2016improved,
    title = {Improved Bridge Constructs for Stochastic Differential Equations},
    author = {Whitaker, Gavin A and Golightly, Andrew and Boys, Richard J and Sherlock, Chris},
    journal = {Statistics and Computing},
    volume = {4},
    number = {27},
    pages = {885--900},
    year = {2016}
}

@article{meulen2018bayesian,
    title = {Bayesian Estimation of Incompletely Observed Diffusions},
    author = {van der Meulen, Frank and Schauer, Moritz},
    journal = {Stochastics},
    volume = {90},
    number = {5},
    pages = {641--662},
    year = {2018},
    publisher= {Taylor \& Francis}
}

@article{kingma2022auto,
	title = {Auto-Encoding Variational Bayes},
	author = {Kingma, Diederik P. and Welling, Max},
	journal = {arXiv preprint arXiv:1312.6114},
	year = {2022},
	eprint = {1312.6114},
	archivePrefix = {arXiv},
	primaryClass = {cs, stat},
	url = {http://arxiv.org/abs/1312.6114},
}


@article{kingma2017adam,
	title = {Adam: A Method for Stochastic Optimization},
	author = {Kingma, Diederik P. and Ba, Jimmy},
	journal = {arXiv preprint arXiv:1412.6980},
	year = {2017},
	eprint = {1412.6980},
	archivePrefix = {arXiv},
	primaryClass = {cs},
	url = {http://arxiv.org/abs/1412.6980},
}


@article{wang2011quantifying,
	title = {Quantifying the Waddington Landscape and Biological Paths for Development and Differentiation},
	volume = {108},
	issn = {0027-8424, 1091-6490},
	doi = {10.1073/pnas.1017017108},
	language = {en},
	number = {20},
	journal = {Proceedings of the National Academy of Sciences},
	author = {Wang, Jin and Zhang, Kun and Xu, Li and Wang, Erkang},
	year = {2011},
	pages = {8257--8262},
}

@misc{jax2018github,
	title = {{JAX}: Composable Transformations of {P}ython+{N}um{P}y Programs},
	author = {James Bradbury and Roy Frostig and Peter Hawkins and Matthew James Johnson and Chris Leary and Dougal Maclaurin and George Necula and Adam Paszke and Jake Vander{P}las and Skye Wanderman-{M}ilne and Qiao Zhang},
	url = {http://github.com/jax-ml/jax},
	version = {0.3.13},
	year = {2018},
}

@incollection{paszke2019pytorch,
	title = {PyTorch: An Imperative Style, High-Performance Deep Learning Library},
	author = {Paszke, Adam and Gross, Sam and Massa, Francisco and Lerer, Adam and Bradbury, James and Chanan, Gregory and Killeen, Trevor and Lin, Zeming and Gimelshein, Natalia and Antiga, Luca and Desmaison, Alban and Kopf, Andreas and Yang, Edward and DeVito, Zachary and Raison, Martin and Tejani, Alykhan and Chilamkurthy, Sasank and Steiner, Benoit and Fang, Lu and Bai, Junjie and Chintala, Soumith},
	booktitle = {Advances in Neural Information Processing Systems 32},
	pages = {8024--8035},
	year = {2019},
	publisher = {Curran Associates, Inc.},
}

@article{vaswani2017attention,
    title = {Attention is All You Need},
    author = {Vaswani, Ashish and Shazeer, Noam and Parmar, Niki and Uszkoreit, Jakob and Jones, Llion and Gomez, Aidan N. and Kaiser, Lukasz and Polosukhin, Illia},
    journal = {Advances in Neural Information Processing Systems},
    year = {2017}
}


@article{ditlevsen2019hypoelliptic,
    title = {Hypoelliptic Diffusions: Filtering and Inference from Complete and Partial observations},
    author = {Ditlevsen, Susanne and Samson, Adeline},
    journal = {Journal of the Royal Statistical Society Series B: Statistical Methodology},
    volume = {81},
    number = {2},
    pages = {361--384},
    year = {2019},
    publisher = {Oxford University Press}
}


@misc{sommer2021stochastic,
	title = {Stochastic ﬂows and shape bridges},
	language = {en},
	author = {Sommer, Stefan and Schauer, Moritz},
	year = {2021},
}


@book{younes2019shapes,
	address = {Berlin, Heidelberg},
	series = {Applied Mathematical Sciences},
	title = {Shapes and Diffeomorphisms},
	volume = {171},
	isbn = {978-3-662-58495-8 978-3-662-58496-5},
	url = {http://link.springer.com/10.1007/978-3-662-58496-5},
	language = {en},
	urldate = {2023-07-03},
	publisher = {Springer Berlin Heidelberg},
	author = {Younes, Laurent},
	year = {2019},
	doi = {10.1007/978-3-662-58496-5},
}


@book{liptser2001statistics,
	address = {Berlin, Heidelberg},
	title = {Statistics of Random Processes},
	copyright = {http://www.springer.com/tdm},
	isbn = {978-3-642-08366-2 978-3-662-13043-8},
	url = {http://link.springer.com/10.1007/978-3-662-13043-8},
	language = {en},
	urldate = {2025-01-04},
	publisher = {Springer Berlin Heidelberg},
	author = {Liptser, Robert S. and Shiryaev, Albert N.},
	year = {2001},
	doi = {10.1007/978-3-662-13043-8},
}

@article{meulen2022introduction,
	title = {Introduction to Automatic Backward Filtering Forward Guiding},
	author = {van der Meulen, Frank},
	journal = {arXiv preprint arXiv:2203.04155},
	year = {2022},
	eprint = {2203.04155},
	archivePrefix = {arXiv},
	primaryClass = {math, stat},
	url = {http://arxiv.org/abs/2203.04155},
}

@inproceedings{de2021diffusion,
    title = {Diffusion Schr{\"o}dinger Bridge with Applications to Score-based Generative Modeling},
    author = {De Bortoli, Valentin and Thornton, James and Heng, Jeremy and Doucet, Arnaud},
    booktitle = {Advances in Neural Information Processing Systems},
    volume = {34},
    pages = {17695--17709},
    year = {2021}
}


@inproceedings{shi2024diffusion,
    title = {Diffusion Schr{\"o}dinger Bridge Matching},
    author = {Shi, Yuyang and De Bortoli, Valentin and Campbell, Andrew and Doucet, Arnaud},
    booktitle = {Advances in Neural Information Processing Systems},
    volume = {36},
    year = {2024}
}


@article{tang2024simplified,
	title = {Simplified Diffusion Schrödinger Bridge},
	author = {Tang, Zhicong and Hang, Tiankai and Gu, Shuyang and Chen, Dong and Guo, Baining},
	journal = {arXiv preprint arXiv:2403.14623},
	year = {2024},
	eprint = {2403.14623},
	archivePrefix = {arXiv},
	primaryClass = {cs},
	url = {http://arxiv.org/abs/2403.14623},
}

@article{thornton2022riemannian,
	title = {Riemannian Diffusion Schrödinger Bridge},
	author = {Thornton, James and Hutchinson, Michael and Mathieu, Emile and De Bortoli, Valentin and Teh, Yee Whye and Doucet, Arnaud},
	journal = {arXiv preprint arXiv:2207.03024},
	year = {2022},
	eprint = {2207.03024},
	archivePrefix = {arXiv},
	primaryClass = {cs, stat},
	url = {http://arxiv.org/abs/2207.03024},
}

@inproceedings{tzen2019theoretical,
    title = {Theoretical Guarantees for Sampling and Inference in Generative Models with Latent Diffusions},
    author = {Tzen, Belinda and Raginsky, Maxim},
    booktitle = {Conference on Learning Theory},
    pages = {3084--3114},
    year = {2019},
    organization = {PMLR}
}

@inproceedings{chen2018neural,
    title = {Neural Ordinary Differential Equations},
    author = {Chen, Ricky TQ and Rubanova, Yulia and Bettencourt, Jesse and Duvenaud, David K},
    booktitle = {Advances in neural information processing systems},
    volume = {31},
    year = {2018}
}

@inproceedings{kidger2021neural,
    title = {Neural SDEs as Infinite-dimensional GANs},
    author = {Kidger, Patrick and Foster, James and Li, Xuechen and Lyons, Terry J},
    booktitle = {International conference on machine learning},
    pages = {5453--5463},
    year = {2021},
    organization = {PMLR}
}


@article{tzen2019neural,
	title = {Neural Stochastic Differential Equations: Deep Latent Gaussian Models in the Diffusion Limit},
	author = {Tzen, Belinda and Raginsky, Maxim},
	journal = {arXiv preprint arXiv:1905.09883},
	year = {2019},
	eprint = {1905.09883},
	archivePrefix = {arXiv},
	primaryClass = {cs, stat},
	url = {http://arxiv.org/abs/1905.09883},
	urldate = {2022-06-13},
}


@inproceedings{li2020scalable,
    title = {Scalable gradients for stochastic differential equations},
    author = {Li, Xuechen and Wong, Ting-Kam Leonard and Chen, Ricky TQ and Duvenaud, David},
    booktitle = {International Conference on Artificial Intelligence and Statistics},
    pages = {3870--3882},
    year = {2020},
    organization = {PMLR}
}

@article{cotter2013mcmc,
    title = {MCMC Methods for Functions: Modifying Old Algorithms to Make Them Faster},
    author = {S. L. Cotter and G. O. Roberts and A. M. Stuart and D. White},
    ISSN = {08834237, 21688745},
    journal = {Statistical Science},
    number = {3},
    pages = {424--446},
    publisher = {Institute of Mathematical Statistics},
    volume = {28},
    year = {2013}
}

@article{sethmacher2024class,
	title = {On a Class of Exponential Changes of Measure for Stochastic PDEs},
	author = {Pieper-Sethmacher, Thorben and Meulen, Frank van der and Vaart, Aad van der},
	journal = {arXiv preprint arXiv:2409.08057},
	year = {2024},
	eprint = {2409.08057},
	archivePrefix = {arXiv},
	primaryClass = {math},
	url = {http://arxiv.org/abs/2409.08057},
	urldate = {2025-01-10},
	doi = {10.48550/arXiv.2409.08057},
}

@book{oksendal2014stochastic,
    author = {{\O}ksendal, Bernt},
    edition = {6th},
    isbn = {3540047581},
    priority = {2},
    publisher = {Springer},
    title = {Stochastic Differential Equations: An Introduction with Applications},
    year = {2014}
}

@misc{palmowski2002technique,
    title = {A Technique for Exponential Change of Measure for Markov Processes},
    author = {Palmowski, Zbigniew and Rolski, Tomasz},
    year = {2002}
}

@techreport{chib2004likelihood,
    title = {{Likelihood Based Inference for Diffusion Driven <odels}},
    author = {Chib, Siddhartha and Pitt, Michael K. and Shephard, Neil},
    year = {2004},
    institution={Oxford Financial Research Centre},
    type={OFRC Working Papers Series},
    url={https://ideas.repec.org/p/sbs/wpsefe/2004fe17.html},
    number={2004fe17},
}

@book{golightly2010learning,
    author = {Golightly, Andrew and Wilkinson, Darren J.}, 
    title = {Learning and Inference in Computational Systems Biology},
    publisher = {MIT Press},
    year = {2010},
    chapter = {Markov Chain Monte Carlo Algorithms for SDE Parameter Estimations},
    pages = {253 -- 276}
}

@article{roberts2001on,
    ISSN = {00063444, 14643510},
    author = {Roberts, G. O. and Stramer, O.},
    journal = {Biometrika},
    number = {3},
    pages = {603--621},
    publisher = {[Oxford University Press, Biometrika Trust]},
    title = {On Inference for Partially Observed Nonlinear Diffusion Models Using the Metropolis-Hastings Algorithm},
    urldate = {2025-01-23},
    volume = {88},
    year = {2001}
}

@article{sermaidis2013markov,
    title = {Markov Chain Monte Carlo for Exact Inference for Diffusions},
    author = {Sermaidis, Giorgos and Papaspiliopoulos, Omiros and Roberts, Gareth O and Beskos, Alexandros and Fearnhead, Paul},
    journal = {Scandinavian Journal of Statistics},
    volume = {40},
    number = {2},
    pages = {294--321},
    year = {2013},
    publisher = {Wiley Online Library}
}

