@article{baker2024score,
	title = {Score matching for bridges without time-reversals},
	author = {Baker, Elizabeth Louise and Schauer, Moritz and Sommer, Stefan},
    journal = {arXiv preprint arXiv:2407.15455},
	year = {2024},
    eprint = {2407.15455},
    archivePrefix = {arXiv},
    primaryClass = {cs, math, stat},
	url = {http://arxiv.org/abs/1712.03807},
}

@article{beskos2006exact,
	title = {Exact and Computationally Efficient Likelihood-based Estimation for Discretely Observed Diffusion Processes},
	author = {Beskos, Alexandros and Papaspiliopoulos, Omiros and Roberts, Gareth O. and Fearnhead, Paul},
	volume = {68},
	issn = {1467-9868},
	url = {https://onlinelibrary.wiley.com/doi/abs/10.1111/j.1467-9868.2006.00552.x},
	doi = {10.1111/j.1467-9868.2006.00552.x},
	language = {en},
	number = {3},
	urldate = {2024-09-17},
	journal = {Journal of the Royal Statistical Society: Series B (Statistical Methodology)},
	year = {2006},
	pages = {333--382},
}

@article{bierkens2020simulation,
	title = {Simulation of Elliptic and Hypo-elliptic Conditional Diffusions},
	author = {Bierkens, Joris and Van Der Meulen, Frank and Schauer, Moritz},
	volume = {52},
	issn = {0001-8678, 1475-6064},
	doi = {10.1017/apr.2019.54},
	language = {en},
	number = {1},
	journal = {Advances in Applied Probability},
	year = {2020},
	pages = {173--212},
    publisher = {Cambridge University Press (CUP)}
}

@article{chau2024efficient,
	title = {An Efficient Method to Simulate Diffusion Bridges},
	volume = {34},
	issn = {0960-3174, 1573-1375},
	doi = {10.1007/s11222-024-10439-z},
	language = {en},
	number = {4},
	journal = {Statistics and Computing},
	author = {Chau, H. and Kirkby, J. L. and Nguyen, D. H. and Nguyen, D. and Nguyen, N. and Nguyen, T.},
	year = {2024},
	pages = {131},
}

@inproceedings{chen2018neural,
    title = {Neural Ordinary Differential Equations},
    author = {Chen, Ricky TQ and Rubanova, Yulia and Bettencourt, Jesse and Duvenaud, David K},
    booktitle = {Advances in neural information processing systems},
    volume = {31},
    year = {2018}
}

@techreport{chib2004likelihood,
    title = {{Likelihood Based Inference for Diffusion Driven <odels}},
    author = {Chib, Siddhartha and Pitt, Michael K. and Shephard, Neil},
    year = {2004},
    institution={Oxford Financial Research Centre},
    type={OFRC Working Papers Series},
    url={https://ideas.repec.org/p/sbs/wpsefe/2004fe17.html},
    number={2004fe17},
}

@inproceedings{clark1990simulation,
	title = {The Simulation of Pinned Diffusions},
	url = {https://ieeexplore.ieee.org/document/203845/?arnumber=203845},
	doi = {10.1109/CDC.1990.203845},
	booktitle = {29th {IEEE} {Conference} on {Decision} and {Control}},
	author = {Clark, J.M.C.},
	year = {1990},
	pages = {1418--1420 vol.3},
}

@inproceedings{de2021diffusion,
    title = {Diffusion Schr{\"o}dinger Bridge with Applications to Score-based Generative Modeling},
    author = {De Bortoli, Valentin and Thornton, James and Heng, Jeremy and Doucet, Arnaud},
    booktitle = {Advances in Neural Information Processing Systems},
    volume = {34},
    pages = {17695--17709},
    year = {2021}
}

@article{delyon2006simulation,
    title = {Simulation of Conditioned Diffusion and Application To Parameter Estimation},
    author = {Delyon, Bernard and Hu, Ying},
    journal = {Stochastic Processes and their Applications},
    volume = {116},
    number = {11},
    pages = {1660--1675},
    year = {2006},
    publisher = {Elsevier}
}

@book{golightly2010learning,
    author = {Golightly, Andrew and Wilkinson, Darren J.}, 
    title = {Learning and Inference in Computational Systems Biology},
    publisher = {MIT Press},
    year = {2010},
    chapter = {Markov Chain Monte Carlo Algorithms for SDE Parameter Estimations},
    pages = {253 -- 276}
}

@article{heng2022simulating,
	title = {Simulating Diffusion Bridges with Score Matching},
	author = {Heng, Jeremy and De Bortoli, Valentin and Doucet, Arnaud and Thornton, James},
    journal = {arXiv preprint arXiv:2111.07243},
	year = {2022},
    eprint = {2111.07243},
    archivePrefix = {arXiv},
    primaryClass = {cs.stat},
	url = {http://arxiv.org/abs/2111.07243},
}

@inproceedings{kidger2021neural,
    title = {Neural SDEs as Infinite-dimensional GANs},
    author = {Kidger, Patrick and Foster, James and Li, Xuechen and Lyons, Terry J},
    booktitle = {International conference on machine learning},
    pages = {5453--5463},
    year = {2021},
    organization = {PMLR}
}

@inproceedings{li2020scalable,
    title = {Scalable gradients for stochastic differential equations},
    author = {Li, Xuechen and Wong, Ting-Kam Leonard and Chen, Ricky TQ and Duvenaud, David},
    booktitle = {International Conference on Artificial Intelligence and Statistics},
    pages = {3870--3882},
    year = {2020},
    organization = {PMLR}
}

@article{lin2010generating,
  title={On generating Monte Carlo samples of continuous diffusion bridges},
  author={Lin, Ming and Chen, Rong and Mykland, Per},
  journal={Journal of the American Statistical Association},
  volume={105},
  number={490},
  pages={820--838},
  year={2010},
  publisher={Taylor \& Francis}
}

@article{schauer2017guided,
    title = {Guided Proposals for Simulating Multi-dimensional Diffusion Bridges},
    volume = {23},
    issn = {1350-7265},
    URL = {http://arxiv.org/abs/1311.3606},
    doi = {10.3150/16-BEJ833},
    language = {en},
    number = {4A},
    urldate = {2024-08-23},
    journal = {Bernoulli},
    author = {Schauer, Moritz and van der Meulen, Frank and van Zanten, Harry},
    month = nov,
    year = {2017},
    keywords = {Guided proposal, Diffusion bridge},
}

@inproceedings{shi2024diffusion,
    title = {Diffusion Schr{\"o}dinger Bridge Matching},
    author = {Shi, Yuyang and De Bortoli, Valentin and Campbell, Andrew and Doucet, Arnaud},
    booktitle = {Advances in Neural Information Processing Systems},
    volume = {36},
    year = {2024}
}

@article{tang2024simplified,
	title = {Simplified Diffusion Schrödinger Bridge},
	author = {Tang, Zhicong and Hang, Tiankai and Gu, Shuyang and Chen, Dong and Guo, Baining},
	journal = {arXiv preprint arXiv:2403.14623},
	year = {2024},
	eprint = {2403.14623},
	archivePrefix = {arXiv},
	primaryClass = {cs},
	url = {http://arxiv.org/abs/2403.14623},
}

@article{thornton2022riemannian,
	title = {Riemannian Diffusion Schrödinger Bridge},
	author = {Thornton, James and Hutchinson, Michael and Mathieu, Emile and De Bortoli, Valentin and Teh, Yee Whye and Doucet, Arnaud},
	journal = {arXiv preprint arXiv:2207.03024},
	year = {2022},
	eprint = {2207.03024},
	archivePrefix = {arXiv},
	primaryClass = {cs, stat},
	url = {http://arxiv.org/abs/2207.03024},
}

@article{tzen2019neural,
	title = {Neural Stochastic Differential Equations: Deep Latent Gaussian Models in the Diffusion Limit},
	author = {Tzen, Belinda and Raginsky, Maxim},
	journal = {arXiv preprint arXiv:1905.09883},
	year = {2019},
	eprint = {1905.09883},
	archivePrefix = {arXiv},
	primaryClass = {cs, stat},
	url = {http://arxiv.org/abs/1905.09883},
	urldate = {2022-06-13},
}

@inproceedings{tzen2019theoretical,
    title = {Theoretical Guarantees for Sampling and Inference in Generative Models with Latent Diffusions},
    author = {Tzen, Belinda and Raginsky, Maxim},
    booktitle = {Conference on Learning Theory},
    pages = {3084--3114},
    year = {2019},
    organization = {PMLR}
}

