@INPROCEEDINGS{9534091,
  author={Ferreira, Luís and Pilastri, André and Martins, Carlos Manuel and Pires, Pedro Miguel and Cortez, Paulo},
  booktitle={2021 International Joint Conference on Neural Networks (IJCNN)}, 
  title={A Comparison of AutoML Tools for Machine Learning, Deep Learning and XGBoost}, 
  year={2021},
  volume={},
  number={},
  pages={1-8},
  keywords={Water;Deep learning;Machine learning algorithms;Computer architecture;Tools;Benchmark testing;Predictive models;Automated Deep Learning (AutoDL);Automated Machine Learning (AutoML);Benchmarking;Classification;Neural Architecture Search (NAS);Regression;Software;Supervised Learning},
  doi={10.1109/IJCNN52387.2021.9534091}}

@article{airlangga2024performance,
  title={Performance Evaluation of Deep Learning Techniques in Gesture Recognition Systems},
  author={Airlangga, Gregorius and others},
  journal={Buletin Ilmiah Sarjana Teknik Elektro},
  volume={6},
  number={1},
  pages={83--90},
  year={2024}
}

@article{al2024tcn,
  title={TCN-Inception: Temporal Convolutional Network and Inception modules for sensor-based human activity recognition},
  author={Al-qaness, Mohammed AA and Dahou, Abdelghani and Trouba, Nafissa Toureche and Abd Elaziz, Mohamed and Helmi, Ahmed M},
  journal={Future Generation Computer Systems},
  year={2024},
  publisher={Elsevier}
}

@article{damdoo2020adaptive,
  title={Adaptive hand gesture recognition system using machine learning approach},
  author={Damdoo, Rina and Kalyani, Kanak and Sanghavi, Jignyasa},
  journal={Biosci Biotechnol Res Commun},
  volume={13},
  number={14},
  pages={106--110},
  year={2020}
}

@article{gijsbers2018layered,
  title={Layered TPOT: Speeding up tree-based pipeline optimization},
  author={Gijsbers, Pieter and Vanschoren, Joaquin and Olson, Randal S},
  journal={arXiv preprint arXiv:1801.06007},
  year={2018}
}

@article{khatun2022deep,
  title={Deep CNN-LSTM with self-attention model for human activity recognition using wearable sensor},
  author={Khatun, Mst Alema and Yousuf, Mohammad Abu and Ahmed, Sabbir and Uddin, Md Zia and Alyami, Salem A and Al-Ashhab, Samer and Akhdar, Hanan F and Khan, Asaduzzaman and Azad, Akm and Moni, Mohammad Ali},
  journal={IEEE Journal of Translational Engineering in Health and Medicine},
  volume={10},
  pages={1--16},
  year={2022},
  publisher={IEEE}
}

@article{liang2024mask,
  title={Mask-guided multiscale feature aggregation network for hand gesture recognition},
  author={Liang, Hao and Fei, Lunke and Zhao, Shuping and Wen, Jie and Teng, Shaohua and Xu, Yong},
  journal={Pattern Recognition},
  volume={145},
  pages={109901},
  year={2024},
  publisher={Elsevier}
}

@article{nayak2021hyper,
  title={Hyper-parameter tuned light gradient boosting machine using memetic firefly algorithm for hand gesture recognition},
  author={Nayak, Janmenjoy and Naik, Bighnaraj and Dash, Pandit Byomakesha and Souri, Alireza and Shanmuganathan, Vimal},
  journal={Applied Soft Computing},
  volume={107},
  pages={107478},
  year={2021},
  publisher={Elsevier}
}

@article{ozcan2020human,
  title={Human action recognition with deep learning and structural optimization using a hybrid heuristic algorithm},
  author={Ozcan, Tayyip and Basturk, Alper},
  journal={Cluster Computing},
  volume={23},
  number={4},
  pages={2847--2860},
  year={2020},
  publisher={Springer}
}

@inproceedings{shekhar2021comparative,
  title={A comparative study of hyper-parameter optimization tools},
  author={Shekhar, Shashank and Bansode, Adesh and Salim, Asif},
  booktitle={2021 IEEE Asia-Pacific Conference on Computer Science and Data Engineering (CSDE)},
  pages={1--6},
  year={2021},
  organization={IEEE}
}

@article{talaat2022effective,
  title={Effective deep Q-networks (EDQN) strategy for resource allocation based on optimized reinforcement learning algorithm},
  author={Talaat, Fatma M},
  journal={Multimedia Tools and Applications},
  volume={81},
  number={28},
  pages={39945--39961},
  year={2022},
  publisher={Springer}
}

