@String(PAMI = {IEEE Trans. Pattern Anal. Mach. Intell.})
@String(IJCV = {Int. J. Comput. Vis.})
@String(CVPR= {IEEE Conf. Comput. Vis. Pattern Recog.})
@String(ICCV= {Int. Conf. Comput. Vis.})
@String(ECCV= {Eur. Conf. Comput. Vis.})
@String(NIPS= {Adv. Neural Inform. Process. Syst.})
@String(ICPR = {Int. Conf. Pattern Recog.})
@String(BMVC= {Brit. Mach. Vis. Conf.})
@String(TOG= {ACM Trans. Graph.})
@String(TIP  = {IEEE Trans. Image Process.})
@String(TVCG  = {IEEE Trans. Vis. Comput. Graph.})
@String(TMM  = {IEEE Trans. Multimedia})
@String(ACMMM= {ACM Int. Conf. Multimedia})
@String(ICME = {Int. Conf. Multimedia and Expo})
@String(ICASSP=	{ICASSP})
@String(ICIP = {IEEE Int. Conf. Image Process.})
@String(ACCV  = {ACCV})
@String(ICLR = {Int. Conf. Learn. Represent.})
@String(IJCAI = {IJCAI})
@String(PR   = {Pattern Recognition})
@String(AAAI = {AAAI})
@String(CVPRW= {IEEE Conf. Comput. Vis. Pattern Recog. Worksh.})
@String(CSVT = {IEEE Trans. Circuit Syst. Video Technol.})

@String(SPL	= {IEEE Sign. Process. Letters})
@String(VR   = {Vis. Res.})
@String(JOV	 = {J. Vis.})
@String(TVC  = {The Vis. Comput.})
@String(JCST  = {J. Comput. Sci. Tech.})
@String(CGF  = {Comput. Graph. Forum})
@String(CVM = {Computational Visual Media})


@String(PAMI  = {IEEE TPAMI})
@String(IJCV  = {IJCV})
@String(CVPR  = {CVPR})
@String(ICCV  = {ICCV})
@String(ECCV  = {ECCV})
@String(NIPS  = {NeurIPS})
@String(ICPR  = {ICPR})
@String(BMVC  =	{BMVC})
@String(TOG   = {ACM TOG})
@String(TIP   = {IEEE TIP})
@String(TVCG  = {IEEE TVCG})
@String(TCSVT = {IEEE TCSVT})
@String(TMM   =	{IEEE TMM})
@String(ACMMM = {ACM MM})
@String(ICME  =	{ICME})
@String(ICASSP=	{ICASSP})
@String(ICIP  = {ICIP})
@String(ACCV  = {ACCV})
@String(ICLR  = {ICLR})
@String(IJCAI = {IJCAI})
@String(PR = {PR})
@String(AAAI = {AAAI})
@String(CVPRW= {CVPRW})
@String(CSVT = {IEEE TCSVT})



@misc{Authors14,
 author = {FirstName LastName},
 title = {The frobnicatable foo filter},
 note = {Face and Gesture submission ID 324. Supplied as supplemental material {\tt fg324.pdf}},
 year = 2014
}

@misc{Authors14b,
 author = {FirstName LastName},
 title = {Frobnication tutorial},
 note = {Supplied as supplemental material {\tt tr.pdf}},
 year = 2014
}

@article{Alpher02,
author = {FirstName Alpher},
title = {Frobnication},
journal = PAMI,
volume = 12,
number = 1,
pages = {234--778},
year = 2002
}

@article{Alpher03,
author = {FirstName Alpher and  FirstName Fotheringham-Smythe},
title = {Frobnication revisited},
journal = {Journal of Foo},
volume = 13,
number = 1,
pages = {234--778},
year = 2003
}

@article{Alpher04,
author = {FirstName Alpher and FirstName Fotheringham-Smythe and FirstName Gamow},
title = {Can a machine frobnicate?},
journal = {Journal of Foo},
volume = 14,
number = 1,
pages = {234--778},
year = 2004
}

@inproceedings{Alpher05,
author = {FirstName Alpher and FirstName Gamow},
title = {Can a computer frobnicate?},
booktitle = CVPR,
pages = {234--778},
year = 2005
}



@misc{Authors14,
 author = {FirstName LastName},
 title = {The frobnicatable foo filter},
 note = {Face and Gesture submission ID 324. Supplied as supplemental material {\tt fg324.pdf}},
 year = 2014
}

@misc{Authors14b,
 author = {FirstName LastName},
 title = {Frobnication tutorial},
 note = {Supplied as supplemental material {\tt tr.pdf}},
 year = 2014
}

@article{Alpher02,
author = {FirstName Alpher},
title = {Frobnication},
journal = PAMI,
volume = 12,
number = 1,
pages = {234--778},
year = 2002
}

@article{Alpher03,
author = {FirstName Alpher and  FirstName Fotheringham-Smythe},
title = {Frobnication revisited},
journal = {Journal of Foo},
volume = 13,
number = 1,
pages = {234--778},
year = 2003
}

@article{Alpher04,
author = {FirstName Alpher and FirstName Fotheringham-Smythe and FirstName Gamow},
title = {Can a machine frobnicate?},
journal = {Journal of Foo},
volume = 14,
number = 1,
pages = {234--778},
year = 2004
}

@inproceedings{Alpher05,
author = {FirstName Alpher and FirstName Gamow},
title = {Can a computer frobnicate?},
booktitle = CVPR,
pages = {234--778},
year = 2005
}


@Eprint{AnzarootPBM14,
  author    = {Sam Anzaroot and
               Alexandre Passos and
               David Belanger and
               Andrew McCallum},
  title     = {Learning Soft Linear Constraints with Application to
                  Citation Field Extraction},
  year      = {2014},
  archivePrefix = {arXiv},
  eprint    = {1403.1349},
}

@inproceedings{Hagerup1993,
title        = {Maintaining Discrete Probability Distributions Optimally},
author       = {Hagerup, Torben and Mehlhorn, Kurt and Munro, J. Ian},
booktitle    = {Proceedings of the 20th International Colloquium on Automata, Languages and Programming},
series       = {Lecture Notes in Computer Science},
volume       = {700},
pages        = {253--264},
year         = {1993},
publisher    = {Springer-Verlag},
address      = {Berlin},
}



@misc{artec3d_scanners,
  title = {Artec Leo, Artec3D},
  url = {https://www.artec3d.com/portable-3d-scanners/artec-leo},
  urldate = {2022-07-24},
  key = {Artec Leo}
}

@misc{artec_studio,
  title = {Artec Studio},
  url = {https://www.artec3d.com/3d-software/artec-studio},
  urldate = {2022-07-25},
  key = {Artec Studio}
}

@misc{volumental_scanner,
  title = {Volumental foot scanner},
  url = {https://volumental.com/volumental-retail-scanner},
  urldate = {2022-07-24},
  key = {Volumental}
}

@misc{vorum_scanner,
  title = {Vorum YETI 3D foot scanner},
  url = {https://vorum.com/yeti-3d-foot-scanner/},
  urldate = {2022-07-24},
  key = {Vorum YETI}
}

@inproceedings{amstutz2008pca,
  author = {Amstutz, Edmée and Teshima, Tomoaki and Kimura, Makoto and Mochimaru, Masaaki and Saito, Hideo},
  title = {{PCA} based {3D} shape reconstruction of human foot using multiple viewpoint cameras},
  booktitle = {Computer Vision Systems: 6th International Conference},
  year = {2008}
}


@inproceedings{lunscher2017point,
  author = {Lunscher, Nolan and Zelek, John},
  title = {Point cloud completion of foot shape from a single depth map for fit matching using deep learning view synthesis},
  booktitle = {Proceedings of the IEEE International Conference on Computer Vision Workshops},
  year = {2017}
}

@article{jurca2011dorothy,
  author = {Jurca, Ales and Kolsek, Tomaz and Vidic, Tina},
  title = {Dorothy mass foot measurement campaign},
  journal = {Footwear Science},
  volume = {3},
  number = {sup1},
  pages = {S83--S85},
  year = {2011}
}

@article{jurca2019analysis,
  author = {Jurca, Ales and {\v{Z}}abkar, Jure and D{\v{z}}eroski, Sa{\v{s}}o},
  title = {Analysis of 1.2 million foot scans from {North America}, {Europe} and {Asia}},
  journal = {Scientific reports},
  volume = {9},
  number = {1},
  pages = {1--10},
  year = {2019}
}

@inproceedings{boyne2022find,
            title={FIND: An Unsupervised Implicit 3D Model of Articulated Human Feet},
            author={Boyne, Oliver and Charles, James and Cipolla, Roberto},
            booktitle={British Machine Vision Conference},
            year={2022}
}

@article{ravi2024sam2,
  title={SAM 2: Segment Anything in Images and Videos},
  author={Ravi, Nikhila and Gabeur, Valentin and Hu, Yuan-Ting and Hu, Ronghang and Ryali, Chaitanya and Ma, Tengyu and Khedr, Haitham and R{\"a}dle, Roman and Rolland, Chloe and Gustafson, Laura and Mintun, Eric and Pan, Junting and Alwala, Kalyan Vasudev and Carion, Nicolas and Wu, Chao-Yuan and Girshick, Ross and Doll{\'a}r, Piotr and Feichtenhofer, Christoph},
  journal={arXiv preprint arXiv:2408.00714},
  year={2024}
}

@inproceedings{pan2024glomap,
    author={Pan, Linfei and Baráth, Dániel and Pollefeys, Marc and Sch\"{o}nberger, Johannes Lutz},
    title={Global Structure-from-Motion Revisited},
    booktitle={European Conference on Computer Vision},
    year={2024},
}


@article{cao2024mvsformer++,
  title={MVSFormer++: Revealing the Devil in Transformer's Details for Multi-View Stereo},
  author={Cao, Chenjie and Ren, Xinlin and Fu, Yanwei},
  journal={arXiv preprint arXiv:2401.11673},
  year={2024}
}

@inproceedings{wang2024pointattn,
  title={Pointattn: You only need attention for point cloud completion},
  author={Wang, Jun and Cui, Ying and Guo, Dongyan and Li, Junxia and Liu, Qingshan and Shen, Chunhua},
  booktitle={Proceedings of the AAAI Conference on artificial intelligence},
  year={2024}
}

@article{xu2020rignet,
  title={Rignet: Neural rigging for articulated characters},
  author={Xu, Zhan and Zhou, Yang and Kalogerakis, Evangelos and Landreth, Chris and Singh, Karan},
  journal={arXiv preprint arXiv:2005.00559},
  year={2020}
}

@misc{depth-pro,
title = {Depth Pro: Sharp Monocular Metric Depth in Less Than a Second},
author = {Aleksei Bochkovskii and Amaël Delaunoy and Hugo Germain and Marcel Santos and Yichao Zhou and Stephan R. Richter and Vladlen Koltun},
year = {2024},
journal={arXiv preprint arXiv:2410.02073},
}


@inproceedings{maji2024yolo,
  title={YOLO-6D-Pose: Enhancing YOLO for Single-Stage Monocular Multi-Object 6D Pose Estimation},
  author={Maji, Debapriya and Nagori, Soyeb and Mathew, Manu and Poddar, Deepak},
  booktitle={International Conference on 3D Vision},
  year={2024},
}

@inproceedings{kok2020footnet,
  title={FootNet: An efficient convolutional network for multiview 3D foot reconstruction},
  author={Kok, Felix and Charles, James and Cipolla, Roberto},
  booktitle={Proceedings of the Asian Conference on Computer Vision},
  year={2020}
}

@inproceedings{osman2022supr,
  title={Supr: A sparse unified part-based human representation},
  author={Osman, Ahmed AA and Bolkart, Timo and Tzionas, Dimitrios and Black, Michael J},
  booktitle={European Conference on Computer Vision},
  year={2022},
}



@InProceedings{wang2023vggsfm,
  author    = {Jianyuan Wang and Nikita Karaev and Christian Rupprecht and David Novotny},
  title     = {VGGSfM: Visual Geometry Grounded Deep Structure From Motion},
  year      = {2023}
}



@inproceedings{boyne2024found,
            title={FOUND: {F}oot {O}ptimisation with {U}ncertain {N}ormals for Surface {D}eformation using Synthetic Data},
            author={Boyne, Oliver, and Bae, Gwangbin, and Charles, James and Cipolla, Roberto},
            booktitle={Winter Conference on Applications of Computer Vision},
            year={2024}
}


@article{loper2023smpl, author = {Loper, Matthew and Mahmood, Naureen and Romero, Javier and Pons-Moll, Gerard and Black, Michael J.}, title = {SMPL: a skinned multi-person linear model}, year = {2015}, issue_date = {November 2015}, publisher = {Association for Computing Machinery}, address = {New York, NY, USA}, volume = {34}, number = {6}, issn = {0730-0301}, url = {https://doi.org/10.1145/2816795.2818013}, doi = {10.1145/2816795.2818013}, abstract = {We present a learned model of human body shape and pose-dependent shape variation that is more accurate than previous models and is compatible with existing graphics pipelines. Our Skinned Multi-Person Linear model (SMPL) is a skinned vertex-based model that accurately represents a wide variety of body shapes in natural human poses. The parameters of the model are learned from data including the rest pose template, blend weights, pose-dependent blend shapes, identity-dependent blend shapes, and a regressor from vertices to joint locations. Unlike previous models, the pose-dependent blend shapes are a linear function of the elements of the pose rotation matrices. This simple formulation enables training the entire model from a relatively large number of aligned 3D meshes of different people in different poses. We quantitatively evaluate variants of SMPL using linear or dual-quaternion blend skinning and show that both are more accurate than a Blend-SCAPE model trained on the same data. We also extend SMPL to realistically model dynamic soft-tissue deformations. Because it is based on blend skinning, SMPL is compatible with existing rendering engines and we make it available for research purposes.}, 
journal = {ACM Trans. Graph.}, 
month = oct, articleno = {248}, numpages = {16}, keywords = {blendshapes, body shape, skinning, soft-tissue} }
 




@article{keller2023skin,
  title={From skin to skeleton: Towards biomechanically accurate 3d digital humans},
  author={Keller, Marilyn and Werling, Keenon and Shin, Soyong and Delp, Scott and Pujades, Sergi and Liu, C Karen and Black, Michael J},
  journal={ACM Transactions on Graphics},
  year={2023},
}

@article{leite2019design,
  title={Design for personalized medicine in orthotics and prosthetics},
  author={Leite, Marco and Soares, Bruno and Lopes, Vanessa and Santos, Sara and Silva, Miguel T},
  journal={Procedia CIRP},
  year={2019},
}

























@article{Lochner01012012,
author = {Samuel J. Lochner, Jan P. Huissoon and Sanjeev S. Bedi},
title = {Parametric Design of Custom Foot Orthotic Model},
journal = {Computer-Aided Design and Applications},
volume = {9},
number = {1},
pages = {1--11},
year = {2012},
publisher = {Taylor \& Francis},
doi = {10.3722/cadaps.2012.1-11},


URL = { 
    
    
        https://www.tandfonline.com/doi/abs/10.3722/cadaps.2012.1-11
    

},
eprint = { 
    
    
        https://www.tandfonline.com/doi/pdf/10.3722/cadaps.2012.1-11
    

}

}





@Book{Hartley2004,
    author = "Hartley, R.~I. and Zisserman, A.",
    title = "Multiple View Geometry in Computer Vision",
    edition = "Second",
    year = "2004",
    publisher = "Cambridge University Press, ISBN: 0521540518"
}

@article{yuan20213d,
  title={3D foot scanning using multiple RealSense cameras},
  author={Yuan, Munan and Li, Xiaofeng and Xu, Jinlin and Jia, Chaochuan and Li, Xiru},
  journal={Multimedia Tools and Applications},
  year={2021},
}

@article{lochner2014development,
  title={Development of a patient-specific anatomical foot model from structured light scan data},
  author={Lochner, Samuel J and Huissoon, Jan P and Bedi, Sanjeev S},
  journal={Computer methods in biomechanics and biomedical engineering},
  year={2014},
}


@article{ovsjanikov2012functional,
  title={Functional maps: a flexible representation of maps between shapes},
  author={Ovsjanikov, Maks and Ben-Chen, Mirela and Solomon, Justin and Butscher, Adrian and Guibas, Leonidas},
  journal={ACM Transactions on Graphics},
  year={2012},
}


@article{melzi2019zoomout,
  title={Zoomout: Spectral upsampling for efficient shape correspondence},
  author={Melzi, Simone and Ren, Jing and Rodola, Emanuele and Sharma, Abhishek and Wonka, Peter and Ovsjanikov, Maks},
  journal={arXiv preprint arXiv:1904.07865},
  year={2019}
}

@article{kingma2014adam,
  title={Adam: A method for stochastic optimization},
  author={Kingma, Diederik P},
  journal={arXiv preprint arXiv:1412.6980},
  year={2014}
}

@inproceedings{besl1992method,
  title={Method for registration of 3-D shapes},
  author={Besl, Paul J and McKay, Neil D},
  booktitle={Sensor fusion IV: control paradigms and data structures},
  volume={1611},
  pages={586--606},
  year={1992},
  organization={Spie}
}

@inproceedings{schoenberger2016sfm,
    author={Sch\"{o}nberger, Johannes Lutz and Frahm, Jan-Michael},
    title={Structure-from-Motion Revisited},
    booktitle={Conference on Computer Vision and Pattern Recognition (CVPR)},
    year={2016},
}

@inproceedings{schoenberger2016mvs,
    author={Sch\"{o}nberger, Johannes Lutz and Zheng, Enliang and Pollefeys, Marc and Frahm, Jan-Michael},
    title={Pixelwise View Selection for Unstructured Multi-View Stereo},
    booktitle={European Conference on Computer Vision (ECCV)},
    year={2016},
}

@article{gower2010procrustes,
  title={Procrustes methods},
  author={Gower, John C},
  journal={Wiley Interdisciplinary Reviews: Computational Statistics},
  volume={2},
  number={4},
  pages={503--508},
  year={2010},
  publisher={Wiley Online Library}
}

@article{kazhdan2013screened,
  title={Screened poisson surface reconstruction},
  author={Kazhdan, Michael and Hoppe, Hugues},
  journal={ACM Transactions on Graphics (ToG)},
  volume={32},
  number={3},
  pages={1--13},
  year={2013},
  publisher={ACM New York, NY, USA}
}

@inproceedings{kazhdan2006poisson,
  title={Poisson surface reconstruction},
  author={Kazhdan, Michael and Bolitho, Matthew and Hoppe, Hugues},
  booktitle={Proceedings of the fourth Eurographics symposium on Geometry processing},
  volume={7},
  year={2006}
}

@article{hu2019local,
  title={Local frequency interpretation and non-local self-similarity on graph for point cloud inpainting},
  author={Hu, Wei and Fu, Zeqing and Guo, Zongming},
  journal={IEEE Transactions on Image Processing},
  year={2019},
}


@article{shen2012structure,
  title={Structure recovery by part assembly},
  author={Shen, Chao-Hui and Fu, Hongbo and Chen, Kang and Hu, Shi-Min},
  journal={ACM Transactions on Graphics (TOG)},
  volume={31},
  number={6},
  pages={1--11},
  year={2012},
  publisher={ACM New York, NY, USA}
}

@article{haming2010structure,
  title={The structure-from-motion reconstruction pipeline--a survey with focus on short image sequences},
  author={H{\"a}ming, Klaus and Peters, Gabriele},
  journal={Kybernetika},
  year={2010},
}



@article{yu2024gaussian,
  title={Gaussian opacity fields: Efficient adaptive surface reconstruction in unbounded scenes},
  author={Yu, Zehao and Sattler, Torsten and Geiger, Andreas},
  journal={ACM Transactions on Graphics (TOG)},
  volume={43},
  number={6},
  pages={1--13},
  year={2024},
  publisher={ACM New York, NY, USA}
}