@ARTICLE{Chen2024Physical,
  author={Chen, Linfei and Zhu, Jiaxing and Yang, Yang and Boichenko, Sergii},
  journal={IEEE Internet of Things Journal}, 
  title={Physical Layer Security for RIS-V2V Networks With Different Eavesdropper Locations}, 
  year={2024},
  volume={},
  number={},
  pages={1-1},
  keywords={Eavesdropping;Array signal processing;Wireless networks;Surveillance;Oral communication;Forensics;Reflection;Internet-of-Vehicles (IoV);reconfigurable intelligent surfaces (RIS);physical layer security (PLS);double Rayleigh fading channels},
  doi={10.1109/JIOT.2024.3362640}}

@ARTICLE{Fang2020Stochastic,
  author={Fang, Zixi and Wei, Zhiqing and Chen, Xu and Wu, Huici and Feng, Zhiyong},
  journal={IEEE Wireless Communications Letters}, 
  title={Stochastic Geometry for Automotive Radar Interference With RCS Characteristics}, 
  year={2020},
  volume={9},
  number={11},
  pages={1817-1820},
  keywords={Radar cross-sections;Interference;Distance measurement;Automotive engineering;Radar antennas;Geometry;Stochastic geometry;vehicles;radar interference;radar cross-section},
  doi={10.1109/LWC.2020.3003064}
}

@ARTICLE{Li2019UAV,
  author={Li, An and Wu, Qingqing and Zhang, Rui},
  journal={IEEE Wireless Communications Letters}, 
  title={UAV-Enabled Cooperative Jamming for Improving Secrecy of Ground Wiretap Channel}, 
  year={2019},
  volume={8},
  number={1},
  pages={181-184},
  keywords={Jamming;Trajectory;Wireless communication;Unmanned aerial vehicles;Optimization;Fading channels;Communication system security;UAV communication;physical layer security;mobile jammer;trajectory design;power control},
  doi={10.1109/LWC.2018.2865774}
}

@ARTICLE{Li2022Optimization,
  author={Li, Bai and Acarman, Tankut and Zhang, Youmin and Ouyang, Yakun and Yaman, Cagdas and Kong, Qi and Zhong, Xiang and Peng, Xiaoyan},
  journal={IEEE Transactions on Intelligent Transportation Systems}, 
  title={Optimization-Based Trajectory Planning for Autonomous Parking With Irregularly Placed Obstacles: A Lightweight Iterative Framework}, 
  year={2022},
  volume={23},
  number={8},
  pages={11970-11981},
  keywords={Trajectory;Trajectory planning;Aerospace electronics;Planning;Kinematics;Optimal control;Numerical models;Autonomous parking;trajectory planning;collision avoidance;numerical optimal control;optimization},
  doi={10.1109/TITS.2021.3109011}}

@ARTICLE{Li2023Multi,
  author={Li, Jiahui and Sun, Geng and Kang, Hui and Wang, Aimin and Liang, Shuang and Liu, Yanheng and Zhang, Ying},
  journal={IEEE/ACM Transactions on Networking}, 
  title={Multi-Objective Optimization Approaches for Physical Layer Secure Communications Based on Collaborative Beamforming in UAV Networks}, 
  year={2023},
  volume={31},
  number={4},
  pages={1902-1917},
  keywords={Trajectory;Jamming;Autonomous aerial vehicles;Transmitters;Receivers;Optimization;Energy consumption;UAV communications;collaborative beamforming;physical layer security;multi-objective optimization problem;evolutionary computation},
  doi={10.1109/TNET.2023.3234324}}

@ARTICLE{Liu2022Dynamic,
  author={Liu, Yonggang and Zhou, Bobo and Wang, Xiao and Li, Liang and Cheng, Shuo and Chen, Zheng and Li, Guang and Zhang, Lu},
  journal={IEEE Transactions on Intelligent Transportation Systems}, 
  title={Dynamic Lane-Changing Trajectory Planning for Autonomous Vehicles Based on Discrete Global Trajectory}, 
  year={2022},
  volume={23},
  number={7},
  pages={8513-8527},
  keywords={Trajectory;Vehicle dynamics;Planning;Autonomous vehicles;Trajectory planning;Safety;Roads;Autonomous vehicle;dynamic lane-changing;trajectory planning;real-time optimization;discrete global trajectory},
  doi={10.1109/TITS.2021.3083541}}

@ARTICLE{Liu2022Throughput,
  author={Liu, Xin and Yu, Yingfeng and Li, Feng and Durrani, Tariq S.},
  journal={IEEE Transactions on Intelligent Transportation Systems}, 
  title={Throughput Maximization for RIS-UAV Relaying Communications}, 
  year={2022},
  volume={23},
  number={10},
  pages={19569-19574},
  keywords={Resource management;Autonomous aerial vehicles;Throughput;Array signal processing;Cooperative communication;Trajectory optimization;Relays;UAV;RIS;relaying communications;passive beamforming;throughput},
  doi={10.1109/TITS.2022.3161698}
}

@article{Saqib2024reconfigurable,
  title={Reconfigurable intelligent surface aided hybrid beamforming: Optimal placement and beamforming design},
  author={Saqib, Najam Us and Hou, Shumei and Chae, Sung Ho and Jeon, Sang-Woon},
  journal={IEEE Transactions on Wireless Communications},
  year={2024},
  publisher={IEEE},
 note={doi: 10.1109/TWC.2024.3387449}
}

@ARTICLE{Sun2021Unmanned,
  author={Sun, Zhongxiang and Yang, Dingcheng and Xiao, Lin and Cuthbert, Laurie and Wu, Fahui and Zhu, Yutao},
  journal={IEEE Transactions on Cognitive Communications and Networking}, 
  title={Joint Energy and Trajectory Optimization for UAV-Enabled Relaying Network With Multi-Pair Users}, 
  year={2021},
  volume={7},
  number={3},
  pages={939-954},
  keywords={Unmanned aerial vehicles;Relays;Wireless communication;Energy consumption;Trajectory optimization;Throughput;Protocols;UAV communication;mobile relaying;trajectory design},
  doi={10.1109/TCCN.2020.3048392}}

@ARTICLE{Xu2021Low,
  author={Xu, Kaidi and Zhao, Ming-Min and Cai, Yunlong and Hanzo, Lajos},
  journal={IEEE Transactions on Communications}, 
  title={Low-Complexity Joint Power Allocation and Trajectory Design for UAV-Enabled Secure Communications With Power Splitting}, 
  year={2021},
  volume={69},
  number={3},
  pages={1896-1911},
  keywords={Jamming;Unmanned aerial vehicles;Communication systems;Security;Trajectory optimization;Three-dimensional displays;Resource management;Physical layer security;UAV;artificial noise;trajectory design;power allocation},
  doi={10.1109/TCOMM.2020.3042462}}

@ARTICLE{Zhang2019Transmit,
  author={Zhang, Wei and Chen, Jian and Kuo, Yonghong and Zhou, Yuchen},
  journal={IEEE Transactions on Vehicular Technology}, 
  title={Transmit Beamforming for Layered Physical Layer Security}, 
  year={2019},
  volume={68},
  number={10},
  pages={9747-9760},
  keywords={NOMA;Information security;Unicast;Physical layer security;Array signal processing;Eavesdropping;Layered physical layer security;superposition coding;successive convex approximation;zero-forcing beamforming},
  doi={10.1109/TVT.2019.2932753}}

@ARTICLE{Zhang2024Coexistence,
  author={Zhang, Haoyu and Chen, Li and Han, Kaifeng and Chen, Yunfei and Wei, Guo},
  journal={IEEE Transactions on Vehicular Technology}, 
  title={Coexistence Designs of Radar and Communication Systems in a Multi-Path Scenario}, 
  year={2024},
  volume={73},
  number={3},
  pages={3733-3749},
  keywords={Radar;Interference;Signal to noise ratio;MIMO communication;Communication systems;Radar imaging;Radar detection;Multiple-input multiple-output (MIMO) communications;multi-path combining;pulsed radar;radar and communication coexistence},
  doi={10.1109/TVT.2023.3325544}}

@ARTICLE{Zhou2018Improving,
  author={Zhou, Yi and Yeoh, Phee Lep and Chen, He and Li, Yonghui and Schober, Robert and Zhuo, Li and Vucetic, Branka},
  journal={IEEE Transactions on Vehicular Technology}, 
  title={Improving Physical Layer Security via a UAV Friendly Jammer for Unknown Eavesdropper Location}, 
  year={2018},
  volume={67},
  number={11},
  pages={11280-11284},
  keywords={Jamming;Unmanned aerial vehicles;Security;IP networks;Three-dimensional displays;Receivers;Interference;Physical layer security;UAV jammer;outage probability;intercept probability security region},
  doi={10.1109/TVT.2018.2868944}}

@article{abeywickrama2020intelligent,
  title={Intelligent reflecting surface: Practical phase shift model and beamforming optimization},
  author={Abeywickrama, Samith and Zhang, Rui and Wu, Qingqing and Yuen, Chau},
  journal={IEEE Transactions on Communications},
  volume={68},
  number={9},
  pages={5849--5863},
  year={2020},
  publisher={IEEE}
}

@article{al2018stochastic,
  title={Stochastic geometry methods for modeling automotive radar interference},
  author={Al-Hourani, Akram and Evans, Robin J and Kandeepan, Sithamparanathan and Moran, Bill and Eltom, Hamid},
  journal={IEEE Transactions on Intelligent Transportation Systems},
  volume={19},
  number={2},
  pages={333--344},
  year={2018},
  publisher={IEEE}
}

@article{braun2013co,
  title={Co-channel interference limitations of OFDM communication-radar networks},
  author={Braun, Martin and Tanbourgi, Ralph and Jondral, Friedrich K},
  journal={EURASIP Journal on Wireless Communications and Networking},
  volume={2013},
  pages={1--16},
  year={2013},
  publisher={Springer}
}

@article{brooker2007mutual,
  title={Mutual interference of millimeter-wave radar systems},
  author={Brooker, Graham M},
  journal={IEEE Transactions on Electromagnetic Compatibility},
  volume={49},
  number={1},
  pages={170--181},
  year={2007},
  publisher={IEEE}
}

@article{chu2023joint,
  author={Chu, Jinjin and Liu, Rang and Li, Ming and Liu, Yang and Liu, Qian},
  journal={IEEE Transactions on Vehicular Technology}, 
  title={Joint Secure Transmit Beamforming Designs for Integrated Sensing and Communication Systems}, 
  year={2023},
  volume={72},
  number={4},
  pages={4778-4791},
  keywords={Radar;Interference;Array signal processing;Radar detection;Signal to noise ratio;Communication systems;Sensors;Integrated sensing and communication (ISAC);physical layer security (PLS);multi-user multi-input single-output (MU-MISO);artificial noise (AN);interference exploitation},
  doi={10.1109/TVT.2022.3225952}}

@inproceedings{goppelt2011analytical,
  title={Analytical investigation of mutual interference between automotive FMCW radar sensors},
  author={Goppelt, Markus and Bl{\"o}cher, H-L and Menzel, Wolfgang},
  booktitle={German Microwave Conference},
  pages={1--4},
  year={2011},
  organization={IEEE}
}

@article{jin2024enhanced,
  title={Enhanced Physical Layer Security for Full-duplex Symbiotic Radio with AN Generation and Forward Noise Suppression},
  author={Jin, Chi and Chang, Zheng and Hu, Fengye and Chen, Hsiao-Hwa and H{\"a}m{\"a}l{\"a}inen, Timo},
  journal={IEEE Transactions on Communications},
  year={2024},
  publisher={IEEE},
 note={doi: 10.1109/TCOMM.2024.3364991}
}

@article{lynggaard2018using,
  title={Using machine learning for adaptive interference suppression in wireless sensor networks},
  author={Lynggaard, Per},
  journal={IEEE Sensors Journal},
  volume={18},
  number={21},
  pages={8820--8826},
  year={2018},
  publisher={IEEE}
}

@article{qin2023joint,
  title={Joint optimization of resource allocation, phase shift, and UAV trajectory for energy-efficient RIS-assisted UAV-enabled MEC systems},
  author={Qin, Xintong and Song, Zhengyu and Hou, Tianwei and Yu, Wenjuan and Wang, Jun and Sun, Xin},
  journal={IEEE Transactions on Green Communications and Networking},
  volume={7},
  number={4},
  pages={1778--1792},
  year={2023},
  publisher={IEEE}
}

@article{salem2022active,
  title={Active reconfigurable intelligent surface-assisted MISO integrated sensing and communication systems for secure operation},
  author={Salem, A Abdelaziz and Ismail, Mahmoud H and Ibrahim, Ahmed S},
  journal={IEEE Transactions on Vehicular Technology},
  volume={72},
  number={4},
  pages={4919--4931},
  year={2023},
  publisher={IEEE}
}

@article{su2020secure,
  title={Secure radar-communication systems with malicious targets: Integrating radar, communications and jamming functionalities},
  author={Su, Nanchi and Liu, Fan and Masouros, Christos},
  journal={IEEE Transactions on Wireless Communications},
  volume={20},
  number={1},
  pages={83--95},
  year={2020},
  publisher={IEEE}
}

@article{wang2020physical,
  title={Physical layer security enhancement using artificial noise in cellular vehicle-to-everything (C-V2X) networks},
  author={Wang, Chao and Li, Zan and Xia, Xiang-Gen and Shi, Jia and Si, Jiangbo and Zou, Yulong},
  journal={IEEE Transactions on Vehicular Technology},
  volume={69},
  number={12},
  pages={15253--15268},
  year={2020},
  publisher={IEEE}
}

@article{yin2021uav,
  title={UAV-assisted physical layer security in multi-beam satellite-enabled vehicle communications},
  author={Yin, Zhisheng and Jia, Min and Cheng, Nan and Wang, Wei and Lyu, Feng and Guo, Qing and Shen, Xuemin},
  journal={IEEE Transactions on Intelligent Transportation Systems},
  volume={23},
  number={3},
  pages={2739--2751},
  year={2021},
  publisher={IEEE}
}

@article{zhang2022active,
  title={Active RIS vs. passive RIS: Which will prevail in 6G?},
  author={Zhang, Zijian and Dai, Linglong and Chen, Xibi and Liu, Changhao and Yang, Fan and Schober, Robert and Poor, H Vincent},
  journal={IEEE Transactions on Communications},
  volume={71},
  number={3},
  pages={1707--1725},
  year={2022},
  publisher={IEEE}
}

