@ARTICLE{Lkx2024,
title={{
https://pan.baidu.com/s/1dHLLsxukljIXbMaqVXaUpA?pwd=1111}},
  author={Li, Kaixaun and Yu, Kan and Zhang, QIxun and Feng, ZHiyong and Liu, Xiaowu and Li, DOng},journal={},year={2024}
   
}
@ARTICLE{Yu2024SuRLLC,
  author={Yu, Kan and Zhao, Xiao and Feng, Zhiyong and Chen, Dianxia and Liu, Xiaowu and Ma, Xiaoshan and Li, Dong},
  journal={IEEE Transactions on Vehicular Technology}, 
  title={SuRLLC: Secure Ultra-reliable and Low Latency Communication in NOMA-UAV Intelligent Transportation Systems}, 
  year={2024},
  volume={},
  number={},
  pages={1-15},
  keywords={Security;Autonomous aerial vehicles;Ultra reliable low latency communication;Reliability;NOMA;Trajectory;Communication system security;ultra-reliable and low-latency communication;physical layer security;secrecy rate maximization;joint design of UAV trajectory and transmit power},
  doi={10.1109/TVT.2024.3456122}}



@ARTICLE{Li2022JointT,
  author={Li, Yiqing and Jiang, Miao},
  journal={IEEE Transactions on Vehicular Technology}, 
  title={Joint Transmit Beamforming and Receive Filters Design for Coordinated Two-Cell Interfering Dual-Functional Radar-Communication Networks}, 
  year={2022},
  volume={71},
  number={11},
  pages={12362-12367},
  keywords={Radar;Array signal processing;Interference;Signal to noise ratio;Transmitting antennas;Optimization;Antenna arrays;Dual-functional radar-communication (DFRC);inter- ference channel (IFC);joint beamforming optimization;successive inner convex approximation (SICA);zero-forcing (ZF)},
  doi={10.1109/TVT.2022.3193001}}


@ARTICLE{Liu2019Multi,
  author={Liu, Liang and Zhang, Shuowen and Zhang, Rui},
  journal={IEEE Transactions on Wireless Communications}, 
  title={Multi-Beam UAV Communication in Cellular Uplink: Cooperative Interference Cancellation and Sum-Rate Maximization}, 
  year={2019},
  volume={18},
  number={10},
  pages={4679-4691},
  keywords={Uplink;Unmanned aerial vehicles;Array signal processing;Interference cancellation;Signal to noise ratio;Wireless communication;Unmanned aerial vehicle (UAV);multi-beam transmission;cooperative interference cancellation;inter-cell interference control;beamforming;degrees-of-freedom (DoF);sum-rate maximization},
  doi={10.1109/TWC.2019.2926981}}


@ARTICLE{Shlezinger2021DeepSIC,
  author={Shlezinger, Nir and Fu, Rong and Eldar, Yonina C.},
  journal={IEEE Transactions on Wireless Communications}, 
  title={DeepSIC: Deep Soft Interference Cancellation for Multiuser MIMO Detection}, 
  year={2021},
  volume={20},
  number={2},
  pages={1349-1362},
  keywords={Receivers;Silicon carbide;MIMO communication;Training;Machine learning;Interference cancellation;Channel models;Multi-user multiple-input multiple-output (MIMO);deep learning;interference cancellation},
  doi={10.1109/TWC.2020.3032663}}


@ARTICLE{Shi2024Opt,
 author={Shi, Changxin and Cui, Ying and Yang, Feng and Ding, Lianghui},
 journal={IEEE Transactions on Communications}, 
 title={Optimization of PICSI & SCSI-adaptive Beamforming and SCSI-adaptive Reflection in an IRS-aided PLS Wireless Communication System}, 
 year={2024},
 volume={},
 number={},
 pages={1-1},
 keywords={Reflection; Array signal processing; Wireless communication; Costs; Fading channels; Computational complexity; Reflection coefficient; Intelligent reflection surface; physical layer security; beamforming; reflection; optimization},
 doi={10.1109/TCOMM.2024.3430969}} 

@ARTICLE{Zhang2019Transmit,
  author={Zhang, Wei and Chen, Jian and Kuo, Yonghong and Zhou, Yuchen},
  journal={IEEE Transactions on Vehicular Technology}, 
  title={Transmit Beamforming for Layered Physical Layer Security}, 
  year={2019},
  volume={68},
  number={10},
  pages={9747-9760},
  keywords={NOMA;Information security;Unicast;Physical layer security;Array signal processing;Eavesdropping;Layered physical layer security;superposition coding;successive convex approximation;zero-forcing beamforming},
  doi={10.1109/TVT.2019.2932753}}


@ARTICLE{Li2022Optimization,
  author={Li, Bai and Acarman, Tankut and Zhang, Youmin and Ouyang, Yakun and Yaman, Cagdas and Kong, Qi and Zhong, Xiang and Peng, Xiaoyan},
  journal={IEEE Transactions on Intelligent Transportation Systems}, 
  title={Optimization-Based Trajectory Planning for Autonomous Parking With Irregularly Placed Obstacles: A Lightweight Iterative Framework}, 
  year={2022},
  volume={23},
  number={8},
  pages={11970-11981},
  keywords={Trajectory;Trajectory planning;Aerospace electronics;Planning;Kinematics;Optimal control;Numerical models;Autonomous parking;trajectory planning;collision avoidance;numerical optimal control;optimization},
  doi={10.1109/TITS.2021.3109011}}


@ARTICLE{Liu2022Dynamic,
  author={Liu, Yonggang and Zhou, Bobo and Wang, Xiao and Li, Liang and Cheng, Shuo and Chen, Zheng and Li, Guang and Zhang, Lu},
  journal={IEEE Transactions on Intelligent Transportation Systems}, 
  title={Dynamic Lane-Changing Trajectory Planning for Autonomous Vehicles Based on Discrete Global Trajectory}, 
  year={2022},
  volume={23},
  number={7},
  pages={8513-8527},
  keywords={Trajectory;Vehicle dynamics;Planning;Autonomous vehicles;Trajectory planning;Safety;Roads;Autonomous vehicle;dynamic lane-changing;trajectory planning;real-time optimization;discrete global trajectory},
  doi={10.1109/TITS.2021.3083541}}


@ARTICLE{Chen2024Physical,
  author={Chen, Linfei and Zhu, Jiaxing and Yang, Yang and Boichenko, Sergii},
  journal={IEEE Internet of Things Journal}, 
  title={Physical Layer Security for RIS-V2V Networks With Different Eavesdropper Locations}, 
  year={2024},
  volume={},
  number={},
  pages={1-1},
  keywords={Eavesdropping;Array signal processing;Wireless networks;Surveillance;Oral communication;Forensics;Reflection;Internet-of-Vehicles (IoV);reconfigurable intelligent surfaces (RIS);physical layer security (PLS);double Rayleigh fading channels},
  doi={10.1109/JIOT.2024.3362640}}


@ARTICLE{Zhuo2023Performance,
  author={Zhuo, Yinxiao and Wang, Zhaocheng},
  journal={IEEE Transactions on Vehicular Technology}, 
  title={Performance Analysis of ISAC System Under Correlated Communication-Sensing Channel}, 
  year={2023},
  volume={72},
  number={12},
  pages={16823-16827},
  DOI={10.1109/TVT.2023.3294502}}

@article{yu2023integrated,
  title={An Integrated New Deep Learning Framework for Reliable CSI Acquisition in Connected and Autonomous Vehicles},
  author={Yu, Xianhua and Li, Dong and Wang, Zhengdao and Sun, Sumei},
  journal={IEEE Network},
  volume={37},
  number={4},
  pages={216--222},
  year={2023},
  publisher={IEEE}
}


@article{Garling2007,
	title = {Inequalities: A Journey into Linear Analysis},
	author = {D. J. H. Garling},
	journal = {Cambridge Univ. Press},
	year = {2007}
}



@ARTICLE{Wei2024Carrier,
  author={Wei, Zhiqing and Liu, Haotian and Yang, Xinyi and Jiang, Wangjun and Wu, Huici and Li, Xingwang and Feng, Zhiyong},
  journal={IEEE Transactions on Vehicular Technology}, 
  title={Carrier Aggregation Enabled Integrated Sensing and Communication Signal Design and Processing}, 
  year={2024},
  volume={73},
  number={3},
  pages={3580-3596}}
  
  
@article{xiao2017millimeter,
  title={Millimeter wave communications for future mobile networks},
  author={Xiao, Ming and Mumtaz, Shahid and Huang, Yongming and Dai, Linglong and Li, Yonghui and Matthaiou, Michail and Karagiannidis, George K and Bj{\"o}rnson, Emil and Yang, Kai and Chih-Lin, I and others},
  journal={IEEE Journal on Selected Areas in Communications},
  volume={35},
  number={9},
  pages={1909--1935},
  year={2017},
  publisher={IEEE}
}

@ARTICLE{Hemadeh2018Millimeter,
  author={Hemadeh, Ibrahim A. and Satyanarayana, Katla and El-Hajjar, Mohammed and Hanzo, Lajos},
  journal={IEEE Communications Surveys \& Tutorials}, 
  title={Millimeter-Wave Communications: Physical Channel Models, Design Considerations, Antenna Constructions, and Link-Budget}, 
  year={2018},
  volume={20},
  number={2},
  pages={870-913}
  }


@ARTICLE{Que2023Joint,
  author={Que, Hang and Yang, Jie and Wen, Chao-Kai and Xia, Shuqiang and Li, Xiao and Jin, Shi},
  journal={IEEE Transactions on Communications}, 
  title={Joint Beam Management and SLAM for mmWave Communication Systems}, 
  year={2023},
  volume={71},
  number={10},
  pages={6162-6179},
  keywords={Simultaneous localization and mapping;Structural beams;Sensors;Millimeter wave communication;Wireless communication;Robot sensing systems;Channel estimation;Beam management;mmWave communications;integrated sensing and communication;simultaneous localization and mapping},
  doi={10.1109/TCOMM.2023.3294954}}

@ARTICLE{Qi2024Multiuse,
  author={Qi, Chenhao and Hu, Jinlin and Du, Yang and Nallanathan, Arumugam},
  journal={IEEE Transactions on Vehicular Technology}, 
  title={Multiuser Beamforming for Partially-Connected Millimeter Wave Massive MIMO}, 
  year={2024},
  volume={73},
  number={4},
  pages={5977-5981},
  keywords={Radio frequency;Array signal processing;Millimeter wave communication;Massive MIMO;Symbols;Interference;Computational complexity;Analog beamforming;hybrid beamforming;millimeter wave (mmWave) communications;partially-connected structure},
  doi={10.1109/TVT.2023.3331713}}

@article{chen2019gas,
  title={GAS: A group acknowledgment strategy for popular content distribution in Internet of vehicle},
  author={Chen, Chen and Xiao, Tingting and Zhao, Honghui and Liu, Lei and Pei, Qingqi},
  journal={Vehicular Communications},
  volume={17},
  pages={35--49},
  year={2019},
  publisher={Elsevier}
}

@article{sharma2019survey,
  title={A survey on internet of vehicles: Applications, security issues \& solutions},
  author={Sharma, Surbhi and Kaushik, Baijnath},
  journal={Vehicular Communications},
  volume={20},
  pages={100182},
  year={2019},
  publisher={Elsevier}
}

@article{hasch2012millimeter,
  title={Millimeter-wave technology for automotive radar sensors in the 77 GHz frequency band},
  author={Hasch, J{\"u}rgen and Topak, Eray and Schnabel, Raik and Zwick, Thomas and Weigel, Robert and Waldschmidt, Christian},
  journal={IEEE transactions on microwave theory and techniques},
  volume={60},
  number={3},
  pages={845--860},
  year={2012},
  publisher={IEEE}
}


@inproceedings{fang2020analysis,
  title={Analysis of automotive radar interference among multiple vehicles},
  author={Fang, Zixi and Wei, Zhiqing and Ma, Hao and Chen, Xu and Feng, Zhiyong},
  booktitle={IEEE WCNCW},
  pages={1--6},
  year={2020},
  organization={IEEE}
}
@ARTICLE{Ghatak2022Radar,
  author={Ghatak, Gourab and Kalamkar, Sanket S. and Gupta, Yash},
  journal={IEEE Transactions on Vehicular Technology}, 
  title={Radar Detection in Vehicular Networks: Fine-Grained Analysis and Optimal Channel Access}, 
  year={2022},
  volume={71},
  number={6},
  pages={6671-6681},
  keywords={Radar detection;Radar;Radar cross-sections;Interference;Delays;Signal to noise ratio;Geometry;Vehicular radars;stochastic geometry;meta distribution;reliability;delay;random radar cross-section;Thompson sampling},
  doi={10.1109/TVT.2022.3163390}}


@INPROCEEDINGS{Kui2021Inter,
  author={Kui, Liping and Huang, Sai and Feng, Zhiyong},
  booktitle={IEEE/CIC ICCC}, 
  title={Interference Analysis for Automotive Radar Using Matern Hard-Core Point Process}, 
  year={2021},
  volume={},
  number={},
  pages={817-822},
 
}


@inproceedings{song2021frequency,
  title={Frequency Planning Strategies of Reducing Inter-Cell Interference for MmWave V2I Communication in Urban Scenario},
  author={Song, Yuqiao and He, Danping and Yan, Dong and Guan, Ke and Zhong, Zhangdui and Kim, Junhyeong and Chung, Heesang},
  booktitle={ComComAp},
  pages={184--189},
  year={2021},
  organization={IEEE}
}

@article{rappaport2017overview,
  title={Overview of millimeter wave communications for fifth-generation (5G) wireless networks—With a focus on propagation models},
  author={Rappaport, Theodore S and Xing, Yunchou and MacCartney, George R and Molisch, Andreas F and Mellios, Evangelos and Zhang, Jianhua},
  journal={IEEE Transactions on antennas and propagation},
  volume={65},
  number={12},
  pages={6213--6230},
  year={2017},
  publisher={IEEE}
}

@article{li2016optimum,
  title={Optimum co-design for spectrum sharing between matrix completion based MIMO radars and a MIMO communication system},
  author={Li, Bo and Petropulu, Athina P and Trappe, Wade},
  journal={IEEE Transactions on Signal Processing},
  volume={64},
  number={17},
  pages={4562--4575},
  year={2016},
  publisher={IEEE}
}

@article{shi2023qkbaka,
  title={QKBAKA: A Quantum-Key-Based Authentication and Key Agreement Scheme for Internet of Vehicles},
  author={Shi, Qin and Yang, Ze and Cheng, Teng and Wang, Chuansu and Wu, Zexu and Zhang, Xing and Xu, Peilin},
  journal={IEEE Internet of Things Journal},
  year={2023},
  publisher={IEEE}
}


@article{gyawali2020challenges,
  title={Challenges and solutions for cellular based V2X communications},
  author={Gyawali, Sohan and Xu, Shengjie and Qian, Yi and Hu, Rose Qingyang},
  journal={IEEE Communications Surveys \& Tutorials},
  volume={23},
  number={1},
  pages={222--255},
  year={2020},
  publisher={IEEE}
}

@article{zheng2022physical,
  title={Physical-layer security of uplink mmWave transmissions in cellular V2X networks},
  author={Zheng, Tong-Xing and Wen, Yating and Liu, Hao-Wen and Ju, Ying and Wang, Hui-Ming and Wong, Kai-Kit and Yuan, Jinhong},
  journal={IEEE Transactions on Wireless Communications},
  volume={21},
  number={11},
  pages={9818--9833},
  year={2022},
  publisher={IEEE}
}
@article{shannon1949communication,
  title={Communication theory of secrecy systems},
  author={Shannon, Claude E},
  journal={The Bell system technical journal},
  volume={28},
  number={4},
  pages={656--715},
  year={1949},
  publisher={Nokia Bell Labs}
}

@article{wyner1975wire,
  title={The wire-tap channel},
  author={Wyner, Aaron D},
  journal={Bell system technical journal},
  volume={54},
  number={8},
  pages={1355--1387},
  year={1975},
  publisher={Wiley Online Library}
}

@article{zhou2010secure,
  title={Secure transmission with artificial noise over fading channels: Achievable rate and optimal power allocation},
  author={Zhou, Xiangyun and McKay, Matthew R},
  journal={IEEE Transactions on Vehicular Technology},
  volume={59},
  number={8},
  pages={3831--3842},
  year={2010},
  publisher={IEEE}
}


@article{dong2009improving,
  title={Improving wireless physical layer security via cooperating relays},
  author={Dong, Lun and Han, Zhu and Petropulu, Athina P and Poor, H Vincent},
  journal={IEEE transactions on signal processing},
  volume={58},
  number={3},
  pages={1875--1888},
  year={2009},
  publisher={IEEE}
}

@article{he2010cooperation,
  title={Cooperation with an untrusted relay: A secrecy perspective},
  author={He, Xiang and Yener, Aylin},
  journal={IEEE Transactions on Information Theory},
  volume={56},
  number={8},
  pages={3807--3827},
  year={2010},
  publisher={IEEE}
}

@inproceedings{Negi2005Secret,
  title={Secret communication using artificial noise},
  author={ Negi, Rohit  and  Goel, Satashu },
  booktitle={Vehicular Technology Conference, 2005. VTC-2005-Fall. 2005 IEEE 62nd},
  year={2005},
}

@ARTICLE{Jiang2021Secrecy,
  author={Jiang, Kaiwei and Wang, Haiping},
  journal={IEEE Transactions on Vehicular Technology}, 
  title={Secrecy Performance for Full-Duplex Jamming-Aided Uplink NOMA System}, 
  year={2021},
  volume={70},
  number={10},
  pages={10409-10419},
  keywords={Jamming;NOMA;Security;Probability;Power system reliability;Uplink;Throughput;Full-duplex jamming;non-orthogonal multiple access (NOMA);effective secrecy throughput;successive interference cancellation (SIC)},
  doi={10.1109/TVT.2021.3106661}}


@article{hu2019minimization,
  title={Minimization of secrecy outage probability with artificial-noise-aided beamforming for MISO wiretap channels},
  author={Hu, Darui and Mu, Pengcheng and Zhang, Weile and Wang, Wenjie},
  journal={IEEE Communications Letters},
  volume={24},
  number={2},
  pages={401--404},
  year={2019},
  publisher={IEEE}
}

@article{wang2020physical,
  title={Physical layer security enhancement using artificial noise in cellular vehicle-to-everything (C-V2X) networks},
  author={Wang, Chao and Li, Zan and Xia, Xiang-Gen and Shi, Jia and Si, Jiangbo and Zou, Yulong},
  journal={IEEE Transactions on Vehicular Technology},
  volume={69},
  number={12},
  pages={15253--15268},
  year={2020},
  publisher={IEEE}
}

@article{yin2021uav,
  title={UAV-assisted physical layer security in multi-beam satellite-enabled vehicle communications},
  author={Yin, Zhisheng and Jia, Min and Cheng, Nan and Wang, Wei and Lyu, Feng and Guo, Qing and Shen, Xuemin},
  journal={IEEE Transactions on Intelligent Transportation Systems},
  volume={23},
  number={3},
  pages={2739--2751},
  year={2021},
  publisher={IEEE}
}

@article{braun2013co,
  title={Co-channel interference limitations of OFDM communication-radar networks},
  author={Braun, Martin and Tanbourgi, Ralph and Jondral, Friedrich K},
  journal={EURASIP Journal on Wireless Communications and Networking},
  volume={2013},
  pages={1--16},
  year={2013},
  publisher={Springer}
}


@article{brooker2007mutual,
  title={Mutual interference of millimeter-wave radar systems},
  author={Brooker, Graham M},
  journal={IEEE Transactions on Electromagnetic Compatibility},
  volume={49},
  number={1},
  pages={170--181},
  year={2007},
  publisher={IEEE}
}

@article{al2018stochastic,
  title={Stochastic geometry methods for modeling automotive radar interference},
  author={Al-Hourani, Akram and Evans, Robin J and Kandeepan, Sithamparanathan and Moran, Bill and Eltom, Hamid},
  journal={IEEE Transactions on Intelligent Transportation Systems},
  volume={19},
  number={2},
  pages={333--344},
  year={2018},
  publisher={IEEE}
}


@inproceedings{goppelt2011analytical,
  title={Analytical investigation of mutual interference between automotive FMCW radar sensors},
  author={Goppelt, Markus and Bl{\"o}cher, H-L and Menzel, Wolfgang},
  booktitle={German Microwave Conference},
  pages={1--4},
  year={2011},
  organization={IEEE}
}

@article{su2020secure,
  title={Secure radar-communication systems with malicious targets: Integrating radar, communications and jamming functionalities},
  author={Su, Nanchi and Liu, Fan and Masouros, Christos},
  journal={IEEE Transactions on Wireless Communications},
  volume={20},
  number={1},
  pages={83--95},
  year={2020},
  publisher={IEEE}
}

@article{lynggaard2018using,
  title={Using machine learning for adaptive interference suppression in wireless sensor networks},
  author={Lynggaard, Per},
  journal={IEEE Sensors Journal},
  volume={18},
  number={21},
  pages={8820--8826},
  year={2018},
  publisher={IEEE}
}

@article{kabir2018robust,
  title={Robust energy harvesting FD transmission: Interference suppression versus exploitation},
  author={Kabir, Mahmoud T and Khandaker, Muhammad RA and Masouros, Christos},
  journal={IEEE Communications Letters},
  volume={22},
  number={9},
  pages={1866--1869},
  year={2018},
  publisher={IEEE}
}

@article{kabir2018interference,
  title={Interference exploitation in full-duplex communications: Trading interference power for both uplink and downlink power savings},
  author={Kabir, Mahmoud T and Khandaker, Muhammad RA and Masouros, Christos},
  journal={IEEE Transactions on Wireless Communications},
  volume={17},
  number={12},
  pages={8314--8329},
  year={2018},
  publisher={IEEE}
}

@article{hong2021interference,
  title={Interference utilization for spectrum sharing radar-communication systems},
  author={Hong, Bingqing and Wang, Wen-Qin and Liu, Cong-Cong},
  journal={IEEE Transactions on Vehicular Technology},
  volume={70},
  number={8},
  pages={8304--8308},
  year={2021},
  publisher={IEEE}
}

@inproceedings{Arellano2022,
  author={Arellano, Jorge and Altamirano, Carlos Daniel and Mora, Henry Ramiro Carvajal},
  booktitle={IEEE Sixth ETCM}, 
  title={On the Interference Reduction Factor in Massive MIMO System over Rician Fading Channels}, 
  year={2022},
  volume={},
  number={},
  pages={1-5},
  keywords={Fading channels;Wireless communication;Monte Carlo methods;5G mobile communication;Rician channels;Statistical distributions;Interference;M-MIMO;IRF;uncorrelated Rician fading channel},
  doi={10.1109/ETCM56276.2022.9935732}
}


@ARTICLE{Fang2020Stochastic,
  author={Fang, Zixi and Wei, Zhiqing and Chen, Xu and Wu, Huici and Feng, Zhiyong},
  journal={IEEE Wireless Communications Letters}, 
  title={Stochastic Geometry for Automotive Radar Interference With RCS Characteristics}, 
  year={2020},
  volume={9},
  number={11},
  pages={1817-1820},
  keywords={Radar cross-sections;Interference;Distance measurement;Automotive engineering;Radar antennas;Geometry;Stochastic geometry;vehicles;radar interference;radar cross-section},
  doi={10.1109/LWC.2020.3003064}
}

@ARTICLE{Zhang2019Securing,
  author={Zhang, Guangchi and Wu, Qingqing and Cui, Miao and Zhang, Rui},
  journal={IEEE Transactions on Wireless Communications}, 
  title={Securing UAV Communications via Joint Trajectory and Power Control}, 
  year={2019},
  volume={18},
  number={2},
  pages={1376-1389},
  keywords={Wireless communication;Power control;Trajectory;Eavesdropping;5G mobile communication;Unmanned aerial vehicles;Physical layer security;5G and UAV communications;physical layer security;secrecy rate maximization;trajectory design;power control},
  doi={10.1109/TWC.2019.2892461}}

@ARTICLE{Gopala2008On,
  author={Gopala, Praveen Kumar and Lai, Lifeng and El Gamal, Hesham},
  journal={IEEE Transactions on Information Theory}, 
  title={On the Secrecy Capacity of Fading Channels}, 
  year={2008},
  volume={54},
  number={10},
  pages={4687-4698},
  keywords={Channel capacity;Fading;Transmitters;Entropy;User centered design;Electrons;Sonar;Gas detectors;Array signal processing;Communication system security;Channel state information (CSI);fading;list decoding;secrecy capacity;wiretap channel},
  doi={10.1109/TIT.2008.928990}
}

@article{zhu2014secrecy,
  title={Secrecy transmission capacity in noisy wireless ad hoc networks},
  author={Zhu, Jinxiao and Chen, Yin and Shen, Yulong and Takahashi, Osamu and Jiang, Xiaohong and Shiratori, Norio},
  journal={Ad hoc networks},
  volume={21},
  pages={123--133},
  year={2014},
  publisher={Elsevier}
}
@article{zhou2011throughput,
  title={On the throughput cost of physical layer security in decentralized wireless networks},
  author={Zhou, Xiangyun and Ganti, Radha Krishna and Andrews, Jeffrey G and Hjorungnes, Are},
  journal={IEEE Transactions on Wireless Communications},
  volume={10},
  number={8},
  pages={2764--2775},
  year={2011},
  publisher={IEEE}
}

@article{lewinski1983nonstationary,
  title={Nonstationary probabilistic target and clutter scattering models},
  author={Lewinski, D},
  journal={IEEE transactions on antennas and propagation},
  volume={31},
  number={3},
  pages={490--498},
  year={1983},
  publisher={IEEE}
}

@article{huang2019v2x,
  title={V2X-communication assisted interference minimization for automotive radars},
  author={Huang, Jingxuan and Fei, Zesong and Wang, Tianxiong and Wang, Xinyi and Liu, Fan and Zhou, Haijun and Zhang, J Andrew and Wei, Guohua},
  journal={China Communications},
  volume={16},
  number={10},
  pages={100--111},
  year={2019},
  publisher={IEEE}
}

@inproceedings{bliss2014cooperative,
  title={Cooperative radar and communications signaling: The estimation and information theory odd couple},
  author={Bliss, Daniel W},
  booktitle={IEEE Radar Conference},
  pages={50--55},
  year={2014},
  organization={IEEE}
}

@article{griffiths2014radar,
  title={Radar spectrum engineering and management: Technical and regulatory issues},
  author={Griffiths, Hugh and Cohen, Lawrence and Watts, Simon and Mokole, Eric and Baker, Chris and Wicks, Mike and Blunt, Shannon},
  journal={Proceedings of the IEEE},
  volume={103},
  number={1},
  pages={85--102},
  year={2014},
  publisher={IEEE}
}

@article{chiriyath2017radar,
  title={Radar-communications convergence: Coexistence, cooperation, and co-design},
  author={Chiriyath, Alex R and Paul, Bryan and Bliss, Daniel W},
  journal={IEEE Transactions on Cognitive Communications and Networking},
  volume={3},
  number={1},
  pages={1--12},
  year={2017},
  publisher={IEEE}
}
@article{wei2023symbol,
  author={Wei, Zhiqing and Xu, Ruizhong and Feng, Zhiyong and Wu, Huici and Zhang, Ning and Jiang, Wangjun and Yang, Xiaoyu},
  journal={IEEE Transactions on Vehicular Technology}, 
  title={Symbol-Level Integrated Sensing and Communication Enabled Multiple Base Stations Cooperative Sensing}, 
  year={2024},
  volume={73},
  number={1},
  pages={724-738},
  keywords={Sensors;Symbols;OFDM;Radar;Mobile communication;Base stations;Synchronization;Cooperative downlink sensing;multiple base stations;symbol-level;cooperative sensing;integrated sensing and communication;joint sensing and communication},
  doi={10.1109/TVT.2023.3304856}}

@inproceedings{wang2022reconfigurable,
  title={Reconfigurable intelligent surface for NLOS integrated sensing and communications},
  author={Wang, Yongwei and Zhang, Wensheng and Liu, Chen and Sun, Jian and Wang, Cheng-Xiang},
  booktitle={IEEE/CIC ICCC},
  pages={708--712},
  year={2022}
}

@article{series2014systems,
  title={Systems characteristics of automotive radars operating in the frequency band 76--81 GHz for intelligent transport. systems applications},
  author={Series, M},
  journal={Recommendation ITU-R, M},
  pages={2057--1},
  year={2014}
}


@ARTICLE{Li2024Joint,
  author={Li, Si and Du, Huiqin and Zhang, Duoying and Li, Kexin},
  journal={IEEE Transactions on Vehicular Technology}, 
  title={Joint UAV Trajectory and Beamforming Designs for RIS-Assisted MIMO System}, 
  year={2024},
  volume={73},
  number={4},
  pages={5378-5392},
}

@ARTICLE{Li2020Reconfigurable,
  author={Li, Sixian and Duo, Bin and Yuan, Xiaojun and Liang, Ying-Chang and Di Renzo, Marco},
  journal={IEEE Wireless Communications Letters}, 
  title={Reconfigurable Intelligent Surface Assisted UAV Communication: Joint Trajectory Design and Passive Beamforming}, 
  year={2020},
  volume={9},
  number={5},
  pages={716-720},
}

@article{zhao2024seattention,
  title={SEAttention-residual based channel estimation for mmWave massive MIMO systems in IoV scenarios},
  author={Zhao, Junhui and Ren, Ruixing and Wu, Yao and Zhang, Qingmiao and Xu, Wei and Wang, Dongming and Fan, Lisheng},
  journal={Digital Communications and Networks},
  year={2024},
  publisher={Elsevier}
}

@ARTICLE{Yang2017Journal,
  author={Yang, Yan and Fei, Dan and Dang, Shuping},
  journal={Journal of Communications and Networks}, 
  title={Inter-vehicle cooperation channel estimation for IEEE 802.11p V2I communications}, 
  year={2017},
  volume={19},
  number={3},
  pages={227-238},
}
@INPROCEEDINGS{Sengupta2019A,
  author={Sengupta, Arindam and Jin, Feng and Cao, Siyang},
  booktitle={IEEE NAECON}, 
  title={A DNN-LSTM based Target Tracking Approach using mmWave Radar and Camera Sensor Fusion}, 
  year={2019},
  volume={},
  number={},
  pages={688-693},
}

@article{weber2012transmission,
  title={Transmission capacity of wireless networks},
  author={Weber, Steven and Andrews, Jeffrey G and others},
  journal={Foundations and Trends{\textregistered} in Networking},
  volume={5},
  number={2--3},
  pages={109--281},
  year={2012},
  publisher={Now Publishers, Inc.}
}

@ARTICLE{Li2019UAV,
  author={Li, An and Wu, Qingqing and Zhang, Rui},
  journal={IEEE Wireless Communications Letters}, 
  title={UAV-Enabled Cooperative Jamming for Improving Secrecy of Ground Wiretap Channel}, 
  year={2019},
  volume={8},
  number={1},
  pages={181-184},
  keywords={Jamming;Trajectory;Wireless communication;Unmanned aerial vehicles;Optimization;Fading channels;Communication system security;UAV communication;physical layer security;mobile jammer;trajectory design;power control},
  doi={10.1109/LWC.2018.2865774}
}
@ARTICLE{Wang2020Energy,
  author={Wang, Wei and Li, Xinrui and Zhang, Miao and Cumanan, Kanapathippillai and Kwan Ng, Derrick Wing and Zhang, Guoan and Tang, Jie and Dobre, Octavia A.},
  journal={IEEE Transactions on Communications}, 
  title={Energy-Constrained UAV-Assisted Secure Communications With Position Optimization and Cooperative Jamming}, 
  year={2020},
  volume={68},
  number={7},
  pages={4476-4489},
  keywords={Unmanned aerial vehicles;Security;Trajectory;Relays;Wireless communication;Robustness;Unmanned aerial vehicles (UAV) communications;physical layer security;simultaneous wireless information and power transfer (SWIPT);robust design;artificial noise (AN)},
  doi={10.1109/TCOMM.2020.2989462}
}

@ARTICLE{Xu2021Low,
  author={Xu, Kaidi and Zhao, Ming-Min and Cai, Yunlong and Hanzo, Lajos},
  journal={IEEE Transactions on Communications}, 
  title={Low-Complexity Joint Power Allocation and Trajectory Design for UAV-Enabled Secure Communications With Power Splitting}, 
  year={2021},
  volume={69},
  number={3},
  pages={1896-1911},
  keywords={Jamming;Unmanned aerial vehicles;Communication systems;Security;Trajectory optimization;Three-dimensional displays;Resource management;Physical layer security;UAV;artificial noise;trajectory design;power allocation},
  doi={10.1109/TCOMM.2020.3042462}}

@ARTICLE{Zhou2018Improving,
  author={Zhou, Yi and Yeoh, Phee Lep and Chen, He and Li, Yonghui and Schober, Robert and Zhuo, Li and Vucetic, Branka},
  journal={IEEE Transactions on Vehicular Technology}, 
  title={Improving Physical Layer Security via a UAV Friendly Jammer for Unknown Eavesdropper Location}, 
  year={2018},
  volume={67},
  number={11},
  pages={11280-11284},
  keywords={Jamming;Unmanned aerial vehicles;Security;IP networks;Three-dimensional displays;Receivers;Interference;Physical layer security;UAV jammer;outage probability;intercept probability security region},
  doi={10.1109/TVT.2018.2868944}}

@ARTICLE{Wang2022Deep,
  author={Wang, Liang and Wang, Kezhi and Pan, Cunhua and Xu, Wei and Aslam, Nauman and Nallanathan, Arumugam},
  journal={IEEE Transactions on Mobile Computing}, 
  title={Deep Reinforcement Learning Based Dynamic Trajectory Control for UAV-Assisted Mobile Edge Computing}, 
  year={2022},
  volume={21},
  number={10},
  pages={3536-3550},
  keywords={Trajectory;Unmanned aerial vehicles;Radio access technologies;Task analysis;Resource management;Reinforcement learning;Cats;Deep reinforcement learning;mobile edge computing;Unmanned Aerial Vehicle (UAV);trajectory control;user association},
  doi={10.1109/TMC.2021.3059691}}


@ARTICLE{Wu2018Joint,
  author={Wu, Qingqing and Zeng, Yong and Zhang, Rui},
  journal={IEEE Transactions on Wireless Communications}, 
  title={Joint Trajectory and Communication Design for Multi-UAV Enabled Wireless Networks}, 
  year={2018},
  volume={17},
  number={3},
  pages={2109-2121},
  keywords={Trajectory;Throughput;Wireless networks;Unmanned aerial vehicles;Optimization;Delays;UAV communications;throughput maximization;optimization;trajectory design;mobility control},
  doi={10.1109/TWC.2017.2789293}}

@ARTICLE{Zhang2022Cooperative,
  author={Zhang, Guangchi and Ou, Xiaoqi and Cui, Miao and Wu, Qingqing and Ma, Shaodan and Chen, Wei},
  journal={IEEE Transactions on Green Communications and Networking}, 
  title={Cooperative UAV Enabled Relaying Systems: Joint Trajectory and Transmit Power Optimization}, 
  year={2022},
  volume={6},
  number={1},
  pages={543-557},
  keywords={Relays;Unmanned aerial vehicles;Throughput;Trajectory optimization;Power control;Resource management;Collaboration;UAV relaying;UAV collaboration;transmit power control;trajectory optimization},
  doi={10.1109/TGCN.2021.3108147}}

@ARTICLE{Sun2021Unmanned,
  author={Sun, Zhongxiang and Yang, Dingcheng and Xiao, Lin and Cuthbert, Laurie and Wu, Fahui and Zhu, Yutao},
  journal={IEEE Transactions on Cognitive Communications and Networking}, 
  title={Joint Energy and Trajectory Optimization for UAV-Enabled Relaying Network With Multi-Pair Users}, 
  year={2021},
  volume={7},
  number={3},
  pages={939-954},
  keywords={Unmanned aerial vehicles;Relays;Wireless communication;Energy consumption;Trajectory optimization;Throughput;Protocols;UAV communication;mobile relaying;trajectory design},
  doi={10.1109/TCCN.2020.3048392}}

@ARTICLE{8956051,
  author={Guo, Yijun and Yin, Sixing and Hao, Jianjun and Du, Yu},
  journal={IEEE Wireless Communications Letters}, 
  title={A Novel Trajectory Design Approach for UAV Based on Finite Fourier Series}, 
  year={2020},
  volume={9},
  number={5},
  pages={671-674},
  keywords={Trajectory;Fourier series;Zirconium;Unmanned aerial vehicles;Wireless communication;Convex functions;Computational complexity;UAV-assisted communications;trajectory design;finite Fourier series},
  doi={10.1109/LWC.2020.2965445}}

@ARTICLE{Duo2020Anti,
  author={Duo, Bin and Wu, Qingqing and Yuan, Xiaojun and Zhang, Rui},
  journal={IEEE Transactions on Vehicular Technology}, 
  title={Anti-Jamming 3D Trajectory Design for UAV-Enabled Wireless Sensor Networks Under Probabilistic LoS Channel}, 
  year={2020},
  volume={69},
  number={12},
  pages={16288-16293},
  keywords={Trajectory;Wireless sensor networks;Jamming;Unmanned aerial vehicles;Three-dimensional displays;Probabilistic logic;Solid modeling;3D trajectory design;anti-jamming;probabilistic LoS channel;UAV communications;wireless sensor network},
  doi={10.1109/TVT.2020.3040334}}

@ARTICLE{Liu2022Throughput,
  author={Liu, Xin and Yu, Yingfeng and Li, Feng and Durrani, Tariq S.},
  journal={IEEE Transactions on Intelligent Transportation Systems}, 
  title={Throughput Maximization for RIS-UAV Relaying Communications}, 
  year={2022},
  volume={23},
  number={10},
  pages={19569-19574},
  keywords={Resource management;Autonomous aerial vehicles;Throughput;Array signal processing;Cooperative communication;Trajectory optimization;Relays;UAV;RIS;relaying communications;passive beamforming;throughput},
  doi={10.1109/TITS.2022.3161698}
}

@ARTICLE{Li2023Multi,
  author={Li, Jiahui and Sun, Geng and Kang, Hui and Wang, Aimin and Liang, Shuang and Liu, Yanheng and Zhang, Ying},
  journal={IEEE/ACM Transactions on Networking}, 
  title={Multi-Objective Optimization Approaches for Physical Layer Secure Communications Based on Collaborative Beamforming in UAV Networks}, 
  year={2023},
  volume={31},
  number={4},
  pages={1902-1917},
  keywords={Trajectory;Jamming;Autonomous aerial vehicles;Transmitters;Receivers;Optimization;Energy consumption;UAV communications;collaborative beamforming;physical layer security;multi-objective optimization problem;evolutionary computation},
  doi={10.1109/TNET.2023.3234324}}

@ARTICLE{Yu2024A,
  author={Yu, Kan and Yu, Jiguo and Feng, Zhiyong and Chen, Honglong},
  journal={IEEE/ACM Transactions on Networking}, 
  title={A Reassessment on Applying Protocol Interference Model Under Rayleigh Fading: From Perspective of Link Scheduling}, 
  year={2024},
  volume={32},
  number={1},
  pages={238-252},
  keywords={Interference;Rayleigh channels;Signal to noise ratio;Wireless communication;Distributed algorithms;Scheduling;Scheduling algorithms;Link scheduling;PIM and IBM;Rayleigh fading;distributed implementation;time complexity},
  doi={10.1109/TNET.2023.3284433}}
@ARTICLE{Hu2024Intelligent,
  author={Hu, Guojie and Wu, Qingqing and Xu, Donghui and Xu, Kui and Si, Jiangbo and Cai, Yunlong and Al-Dhahir, Naofal},
  journal={IEEE Wireless Communications Letters}, 
  title={Intelligent Reflecting Surface-Aided Wireless Communication With Movable Elements}, 
  year={2024},
  volume={13},
  number={4},
  pages={1173-1177},
  keywords={Rician channels;Costs;Manufacturing;Wireless communication;Silicon;Signal to noise ratio;Benchmark testing;IRS;non-uniform discrete phase shifts;phase distribution offset;movable reflecting elements},
  doi={10.1109/LWC.2024.3364147}}


@article{yildirim2024spider,
  title={Spider RIS: Mobilizing Intelligent Surfaces for Enhanced Wireless Communications},
  author={Yildirim, Ibrahim and Mahmood, Mobeen and Basar, Ertugrul and Le-Ngoc, Tho},
  journal={arXiv preprint arXiv:2405.02681},
  year={2024}
}

@article{jin2024enhanced,
  title={Enhanced Physical Layer Security for Full-duplex Symbiotic Radio with AN Generation and Forward Noise Suppression},
  author={Jin, Chi and Chang, Zheng and Hu, Fengye and Chen, Hsiao-Hwa and H{\"a}m{\"a}l{\"a}inen, Timo},
  journal={IEEE Transactions on Communications},
  year={2024},
  publisher={IEEE},
 note={doi: 10.1109/TCOMM.2024.3364991}
}

@ARTICLE{Song2019Joint,
  author={Song, Qingheng and Zheng, Fu-Chun and Zeng, Yong and Zhang, Jun},
  journal={IEEE Transactions on Vehicular Technology}, 
  title={Joint Beamforming and Power Allocation for UAV-Enabled Full-Duplex Relay}, 
  year={2019},
  volume={68},
  number={2},
  pages={1657-1671},
  keywords={Relays;Resource management;Array signal processing;Power system reliability;Probability;Signal to noise ratio;Trajectory;UAV mobile relay;full-duplex;beamforming;power allocation;outage probability;high SNR approximations},
  doi={10.1109/TVT.2018.2889349}}



@ARTICLE{Li2020Ergodic,
  author={Li, Dong},
  journal={IEEE Communications Letters}, 
  title={Ergodic Capacity of Intelligent Reflecting Surface-Assisted Communication Systems With Phase Errors}, 
  year={2020},
  volume={24},
  number={8},
  pages={1646-1650},
  keywords={Quantization (signal);Signal to noise ratio;Upper bound;Optimized production technology;Relays;Transmitters;Communication systems;Intelligent reflecting surface;ergodic capacity;quantization phase errors},
  doi={10.1109/LCOMM.2020.2997027}}



@ARTICLE{Li2022How,
  author={{D. Li}},
  journal={IEEE Transactions on Communications}, 
  title={How Many Reflecting Elements Are Needed for Energy- and Spectral-Efficient Intelligent Reflecting Surface-Assisted Communication}, 
  year={2022},
  volume={70},
  number={2},
  pages={1320-1331}
}

@article{Zou2024energy,
  title={Energy-Efficient Beamforming Design for Integrated Sensing and Communications Systems},
  author={Zou, Jiaqi and Sun, Songlin and Masouros, Christos and Cui, Yuanhao and Liu, Ya-Feng and Ng, Derrick Wing Kwan},
  journal={IEEE Transactions on Communications},
  year={2024},
  publisher={IEEE},
 note={doi:10.1109/TCOMM.2024.3369696}
}
@article{Saqib2024reconfigurable,
  title={Reconfigurable intelligent surface aided hybrid beamforming: Optimal placement and beamforming design},
  author={Saqib, Najam Us and Hou, Shumei and Chae, Sung Ho and Jeon, Sang-Woon},
  journal={IEEE Transactions on Wireless Communications},
  year={2024},
  publisher={IEEE},
 note={doi: 10.1109/TWC.2024.3387449}
}
@article{Singh2024hybrid,
  title={Hybrid optimization assisted transmit antenna selection for massive MIMO technology},
  author={Singh, Charanjeet and Raja, PC Kishore},
  journal={Multimedia Tools and Applications},
  volume={83},
  number={7},
  pages={20909--20929},
  year={2024},
  publisher={Springer}
}
@article{He2023full,
  author={He, Zhenyao and Xu, Wei and Shen, Hong and Ng, Derrick Wing Kwan and Eldar, Yonina C. and You, Xiaohu},
  journal={IEEE Journal on Selected Areas in Communications}, 
  title={Full-Duplex Communication for ISAC: Joint Beamforming and Power Optimization}, 
  year={2023},
  volume={41},
  number={9},
  pages={2920-2936},
  keywords={Sensors;Radar;Downlink;Uplink;Optimization;Array signal processing;Signal to noise ratio;Integrated sensing and communication (ISAC);full-duplex (FD) communication;joint transceiver optimization;beamforming design},
  doi={10.1109/JSAC.2023.3287540}}


@ARTICLE{Xu2022Robust,
  author={Xu, Dongfang and Yu, Xianghao and Ng, Derrick Wing Kwan and Schmeink, Anke and Schober, Robert},
  journal={IEEE Transactions on Communications}, 
  title={Robust and Secure Resource Allocation for ISAC Systems: A Novel Optimization Framework for Variable-Length Snapshots}, 
  year={2022},
  volume={70},
  number={12},
  pages={8196-8214},
  keywords={Sensors;Radar;Array signal processing;Wireless communication;Uncertainty;Optimization;Resource management;Integrated sensing and communication;imperfect channel state information;secure communication;beamforming design},
  doi={10.1109/TCOMM.2022.3218629}}

@article{chu2023joint,
  author={Chu, Jinjin and Liu, Rang and Li, Ming and Liu, Yang and Liu, Qian},
  journal={IEEE Transactions on Vehicular Technology}, 
  title={Joint Secure Transmit Beamforming Designs for Integrated Sensing and Communication Systems}, 
  year={2023},
  volume={72},
  number={4},
  pages={4778-4791},
  keywords={Radar;Interference;Array signal processing;Radar detection;Signal to noise ratio;Communication systems;Sensors;Integrated sensing and communication (ISAC);physical layer security (PLS);multi-user multi-input single-output (MU-MISO);artificial noise (AN);interference exploitation},
  doi={10.1109/TVT.2022.3225952}}

@article{zhang2022active,
  title={Active RIS vs. passive RIS: Which will prevail in 6G?},
  author={Zhang, Zijian and Dai, Linglong and Chen, Xibi and Liu, Changhao and Yang, Fan and Schober, Robert and Poor, H Vincent},
  journal={IEEE Transactions on Communications},
  volume={71},
  number={3},
  pages={1707--1725},
  year={2022},
  publisher={IEEE}
}

@article{salem2022active,
  title={Active reconfigurable intelligent surface-assisted MISO integrated sensing and communication systems for secure operation},
  author={Salem, A Abdelaziz and Ismail, Mahmoud H and Ibrahim, Ahmed S},
  journal={IEEE Transactions on Vehicular Technology},
  volume={72},
  number={4},
  pages={4919--4931},
  year={2023},
  publisher={IEEE}
}

@article{abeywickrama2020intelligent,
  title={Intelligent reflecting surface: Practical phase shift model and beamforming optimization},
  author={Abeywickrama, Samith and Zhang, Rui and Wu, Qingqing and Yuen, Chau},
  journal={IEEE Transactions on Communications},
  volume={68},
  number={9},
  pages={5849--5863},
  year={2020},
  publisher={IEEE}
}

@article{qin2023joint,
  title={Joint optimization of resource allocation, phase shift, and UAV trajectory for energy-efficient RIS-assisted UAV-enabled MEC systems},
  author={Qin, Xintong and Song, Zhengyu and Hou, Tianwei and Yu, Wenjuan and Wang, Jun and Sun, Xin},
  journal={IEEE Transactions on Green Communications and Networking},
  volume={7},
  number={4},
  pages={1778--1792},
  year={2023},
  publisher={IEEE}
}

@ARTICLE{Vuppala2018On,
  author={Vuppala, Satyanarayana and Tolossa, Yohannes Jote and Kaddoum, Georges and Abreu, Giuseppe},
  journal={IEEE Transactions on Communications}, 
  title={On the Physical Layer Security Analysis of Hybrid Millimeter Wave Networks}, 
  year={2018},
  volume={66},
  number={3},
  pages={1139-1152},
  keywords={Power system reliability;Probability;Mobile communication;Antenna arrays;Mobile computing;Receiving antennas;Security;Average secrecy rate;blockages;connection outage;hybrid networks;millimeter wave;secrecy outage},
  doi={10.1109/TCOMM.2017.2776944}}

@ARTICLE{abramowitz1948handbook,
  title={Handbook of mathematical functions with formulas, graphs, and mathematical tables},
  author={Abramowitz, Milton and Stegun, Irene A},
  volume={55},
  year={1948},
  publisher={US Government printing office}
}

@ARTICLE{Kattenbach2002Statistical,
  author={Kattenbach, R.},
  journal={IEEE Journal on Selected Areas in Communications}, 
  title={Statistical modeling of small-scale fading in directional radio channels}, 
  year={2002},
  volume={20},
  number={3},
  pages={584-592},
  keywords={Fading;Multipath channels;Fluctuations;Bandwidth;Wideband;Narrowband;Transfer functions;Frequency;Delay lines;Solid modeling},
  doi={10.1109/49.995517}}

@inproceedings{shahriar2015overlapped,
  title={Overlapped-MIMO radar waveform design for coexistence with communication systems},
  author={Shahriar, Chowdhury and Abdelhadi, Ahmed and Clancy, T Charles},
  booktitle={IEEE WCNC},
  pages={223--228},
  year={2015},
  organization={IEEE}
}
@ARTICLE{Bi2019Radar,
  author={Bică, Marian and Koivunen, Visa},
  journal={IEEE Transactions on Aerospace and Electronic Systems}, 
  title={Radar Waveform Optimization for Target Parameter Estimation in Cooperative Radar-Communications Systems}, 
  year={2019},
  volume={55},
  number={5},
  pages={2314-2326},
  keywords={Radar;Delays;Optimization;Communication systems;Estimation;Interference;Silicon carbide;Agile radar;coexistence;cooperation;communications systems;multicarrier radar;parameter estimation;power allocation;waveform optimization;spectrum sharing},
  doi={10.1109/TAES.2018.2884806}}

@article{pang2021irs,
  title={IRS-assisted secure UAV transmission via joint trajectory and beamforming design},
  author={Pang, Xiaowei and Zhao, Nan and Tang, Jie and Wu, Celimuge and Niyato, Dusit and Wong, Kai-Kit},
  journal={IEEE Transactions on Communications},
  volume={70},
  number={2},
  pages={1140--1152},
  year={2021},
  publisher={IEEE}
}
@article{dragomir1995properties,
  title={Properties of some functionals related to Jensen's inequality},
  author={Dragomir, Sever Silvestru and Pe{\v{c}}ari{\'c}, J and Persson, Lars Erik},
  journal={Acta Mathematica Hungarica},
  volume={69},
  number={4},
  pages={129--143},
  year={1995},
  publisher={Akad{\'e}miai Kiad{\'o}, co-published with Springer Science+ Business Media BV~…}
}
@article{jensen1906fonctions,
  title={Sur les fonctions convexes et les in{\'e}galit{\'e}s entre les valeurs moyennes},
  author={Jensen, Johan Ludwig William Valdemar},
  journal={Acta mathematica},
  volume={30},
  number={1},
  pages={175--193},
  year={1906},
  publisher={Springer}
}


@article{wang2016physical,
  title={Physical layer security in heterogeneous cellular networks},
  author={Wang, Hui-Ming and Zheng, Tong-Xing and Yuan, Jinhong and Towsley, Don and Lee, Moon Ho},
  journal={IEEE Transactions on Communications},
  volume={64},
  number={3},
  pages={1204--1219},
  year={2016},
  publisher={IEEE}
}

@ARTICLE{Yu2023The,
  author={Yu, Kan and Yu, Jiguo and Luo, Chuanwen},
  journal={IEEE/ACM Transactions on Networking}, 
  title={The Impact of Mobility on Physical Layer Security of 5G IoT Networks}, 
  year={2023},
  volume={31},
  number={3},
  pages={1042-1055},
  keywords={Wireless communication;Security;Internet of Things;5G mobile communication;Communication system security;Interference;Wireless sensor networks;Internet of Things;5G wireless technologies;physical layer security;mobility;secrecy transmission capacity},
  doi={10.1109/TNET.2022.3208212}}

@ARTICLE{Zhang2024Coexistence,
  author={Zhang, Haoyu and Chen, Li and Han, Kaifeng and Chen, Yunfei and Wei, Guo},
  journal={IEEE Transactions on Vehicular Technology}, 
  title={Coexistence Designs of Radar and Communication Systems in a Multi-Path Scenario}, 
  year={2024},
  volume={73},
  number={3},
  pages={3733-3749},
  keywords={Radar;Interference;Signal to noise ratio;MIMO communication;Communication systems;Radar imaging;Radar detection;Multiple-input multiple-output (MIMO) communications;multi-path combining;pulsed radar;radar and communication coexistence},
  doi={10.1109/TVT.2023.3325544}}


@article{courant1965introduction,
  title={Introduction to calculus and analysis},
  author={Courant, Richard and John, Fritz and Blank, Albert A and Solomon, Alan},
  volume={1},
  year={1965},
  publisher={Springer}
}

%算法复杂度
@article{waldspurger2015phase,
  title={Phase recovery, maxcut and complex semidefinite programming},
  author={Waldspurger, Irene and d’Aspremont, Alexandre and Mallat, St{\'e}phane},
  journal={Mathematical Programming},
  volume={149},
  pages={47--81},
  year={2015},
  publisher={Springer}
}
@ARTICLE{Li2021JointR,
  author={Li, Yabo and Zhang, Haijun and Long, Keping},
  journal={IEEE Journal on Selected Areas in Communications}, 
  title={Joint Resource, Trajectory, and Artificial Noise Optimization in Secure Driven 3-D UAVs With NOMA and Imperfect CSI}, 
  year={2021},
  volume={39},
  number={11},
  pages={3363-3377},
  keywords={NOMA;Optimization;Trajectory;Rician channels;Jamming;Wireless networks;Unmanned aerial vehicles;UAV;secrecy energy efficiency;power allocation;artificial noise;successive convex optimization;matching theory},
  doi={10.1109/JSAC.2021.3088623}}
