@Article{Bartolomeo2011,
author= {Bartolomeo, Nicola and Trerotoli, Paolo and Serio, Gabriella},
title= {Progression of liver cirrhosis to HCC: an application of hidden Markov model},
journal= {BMC Medical Research Methodology},
year= {2011},
volume={11},
number={1},
pages={38},
}

@article{alaa2019attentive,
  title={Attentive state-space modeling of disease progression},
  author={Alaa, Ahmed M and van der Schaar, Mihaela},
  journal={Advances in neural information processing systems},
  volume={32},
  year={2019}
}

@article{ansari2021deep,
  title={Deep explicit duration switching models for time series},
  author={Ansari, Abdul Fatir and Benidis, Konstantinos and Kurle, Richard and Turkmen, Ali Caner and Soh, Harold and Smola, Alexander J and Wang, Bernie and Januschowski, Tim},
  journal={Advances in Neural Information Processing Systems},
  volume={34},
  pages={29949--29961},
  year={2021}
}

@article{di2007stochastic,
  title={A stochastic model for the HIV/AIDS dynamic evolution},
  author={Di Biase, Giuseppe and D'Amico, Guglielmo and Di Girolamo, Arturo and Janssen, Jacques and Iacobelli, Stefano and Tinari, Nicola and Manca, Raimondo},
  journal={Mathematical Problems in Engineering},
  volume={2007},
  year={2007},
  publisher={Hindawi Publishing Corporation}
}

@article{hainke2011disease,
  title={Disease progression models: A review and comparison},
  author={Hainke, Katrin and Rahnenf{\"u}hrer, J{\"o}rg and Fried, Roland},
  journal={Dortmund University, Technical Report},
  year={2011}
}

@inproceedings{hussain2021neural,
  title={Neural pharmacodynamic state space modeling},
  author={Hussain, Zeshan M and Krishnan, Rahul G and Sontag, David},
  booktitle={International Conference on Machine Learning},
  pages={4500--4510},
  year={2021},
  organization={PMLR}
}

@inproceedings{krishnan2017structured,
  title={Structured inference networks for nonlinear state space models},
  author={Krishnan, Rahul and Shalit, Uri and Sontag, David},
  booktitle={Proceedings of the AAAI Conference on Artificial Intelligence},
  volume={31},
  number={1},
  year={2017}
}

@inproceedings{liu2013longitudinal,
  title={Longitudinal modeling of glaucoma progression using 2-dimensional continuous-time hidden markov model},
  author={Liu, Yu-Ying and Ishikawa, Hiroshi and Chen, Mei and Wollstein, Gadi and Schuman, Joel S and Rehg, James M},
  booktitle={Medical Image Computing and Computer-Assisted Intervention--MICCAI 2013: 16th International Conference, Nagoya, Japan, September 22-26, 2013, Proceedings, Part II 16},
  pages={444--451},
  year={2013},
  organization={Springer}
}

@article{qian2021integrating,
  title={Integrating expert ODEs into neural ODEs: pharmacology and disease progression},
  author={Qian, Zhaozhi and Zame, William and Fleuren, Lucas and Elbers, Paul and van der Schaar, Mihaela},
  journal={Advances in Neural Information Processing Systems},
  volume={34},
  pages={11364--11383},
  year={2021}
}

@article{rangapuram2018deep,
  title={Deep state space models for time series forecasting},
  author={Rangapuram, Syama Sundar and Seeger, Matthias W and Gasthaus, Jan and Stella, Lorenzo and Wang, Yuyang and Januschowski, Tim},
  journal={Advances in neural information processing systems},
  volume={31},
  year={2018}
}

@inproceedings{severson2020personalized,
  title={Personalized input-output hidden markov models for disease progression modeling},
  author={Severson, Kristen A and Chahine, Lana M and Smolensky, Luba and Ng, Kenney and Hu, Jianying and Ghosh, Soumya},
  booktitle={Machine learning for healthcare conference},
  pages={309--330},
  year={2020},
  organization={PMLR}
}

@inproceedings{wang2014unsupervised,
  title={Unsupervised learning of disease progression models},
  author={Wang, Xiang and Sontag, David and Wang, Fei},
  booktitle={Proceedings of the 20th ACM SIGKDD international conference on Knowledge discovery and data mining},
  pages={85--94},
  year={2014}
}

