@article{kovesdy2022,
  title={Epidemiology of chronic kidney disease: an update 2022},
  author={Kovesdy, Csaba P},
  journal={Kidney International Supplements},
  volume={12},
  number={1},
  pages={7--11},
  year={2022},
  publisher={Elsevier}
}


@article{cdc2021,
 title={Chronic Kidney Disease in the United States},
 author={Centers for Disease Control and Prevention},
 journal={US Department of Health and Human Services, Centers for Disease Control and Prevention},
 year={2021}
}

@article{abeysekera2021heterogeneity,
  title={Heterogeneity in patterns of progression of chronic kidney disease},
  author={Abeysekera, Rajitha A and Healy, Helen G and Wang, Zaimin and Cameron, Anne L and Hoy, Wendy E},
  journal={Internal medicine journal},
  volume={51},
  number={2},
  pages={220--228},
  year={2021},
  publisher={Wiley Online Library}
}

@article{nationalkidneyfoundationDOQIClinicalPractice2002,
	title = {K/{DOQI} clinical practice guidelines for chronic kidney disease: evaluation, classification, and stratification},
	volume = {39},
	issn = {1523-6838},
	shorttitle = {K/{DOQI} clinical practice guidelines for chronic kidney disease},
	language = {eng},
	number = {2 Suppl 1},
	journal = {American Journal of Kidney Diseases: The Official Journal of the National Kidney Foundation},
	author = {{National Kidney Foundation}},
	month = feb,
	year = {2002},
	pmid = {11904577},
	keywords = {Adult, Age Factors, Cardiovascular Diseases, Child, Chronic Disease, Humans, Kidney Diseases, United States},
	pages = {S1--266},
}

@article{khan2022,
  title={Genome-wide polygenic score to predict chronic kidney disease across ancestries},
  author={Khan, Atlas and Turchin, Michael C and Patki, Amit and Srinivasasainagendra, Vinodh and Shang, Ning and Nadukuru, Rajiv and Jones, Alana C and Malolepsza, Edyta and Dikilitas, Ozan and Kullo, Iftikhar J and others},
  journal={Nature Medicine},
  volume={28},
  number={7},
  pages={1412--1420},
  year={2022},
  publisher={Nature Publishing Group US New York}
}
@article{wuttke2019,
  title={A catalog of genetic loci associated with kidney function from analyses of a million individuals},
  author={Wuttke, Matthias and Li, Yong and Li, Man and Sieber, Karsten B and Feitosa, Mary F and Gorski, Mathias and Tin, Adrienne and Wang, Lihua and Chu, Audrey Y and Hoppmann, Anselm and others},
  journal={Nature genetics},
  volume={51},
  number={6},
  pages={957--972},
  year={2019},
  publisher={Nature Publishing Group US New York}
}
@article{barrett2022role,
  title={Role of disease progression models in drug development},
  author={Barrett, Jeffrey S and Nicholas, Tim and Azer, Karim and Corrigan, Brian W},
  journal={Pharmaceutical Research},
  volume={39},
  number={8},
  pages={1803--1815},
  year={2022},
  publisher={Springer}
}
@article{qian2021integrating,
  title={Integrating expert ODEs into neural ODEs: pharmacology and disease progression},
  author={Qian, Zhaozhi and Zame, William and Fleuren, Lucas and Elbers, Paul and van der Schaar, Mihaela},
  journal={Advances in Neural Information Processing Systems},
  volume={34},
  pages={11364--11383},
  year={2021}
}
@inproceedings{liu2013longitudinal,
  title={Longitudinal modeling of glaucoma progression using 2-dimensional continuous-time hidden markov model},
  author={Liu, Yu-Ying and Ishikawa, Hiroshi and Chen, Mei and Wollstein, Gadi and Schuman, Joel S and Rehg, James M},
  booktitle={Medical Image Computing and Computer-Assisted Intervention--MICCAI 2013: 16th International Conference, Nagoya, Japan, September 22-26, 2013, Proceedings, Part II 16},
  pages={444--451},
  year={2013},
  organization={Springer}
}
@inproceedings{severson2020personalized,
  title={Personalized input-output hidden markov models for disease progression modeling},
  author={Severson, Kristen A and Chahine, Lana M and Smolensky, Luba and Ng, Kenney and Hu, Jianying and Ghosh, Soumya},
  booktitle={Machine learning for healthcare conference},
  pages={309--330},
  year={2020},
  organization={PMLR}
}
@inproceedings{hussain2021neural,
  title={Neural pharmacodynamic state space modeling},
  author={Hussain, Zeshan M and Krishnan, Rahul G and Sontag, David},
  booktitle={International Conference on Machine Learning},
  pages={4500--4510},
  year={2021},
  organization={PMLR}
}
@article{rangapuram2018deep,
  title={Deep state space models for time series forecasting},
  author={Rangapuram, Syama Sundar and Seeger, Matthias W and Gasthaus, Jan and Stella, Lorenzo and Wang, Yuyang and Januschowski, Tim},
  journal={Advances in neural information processing systems},
  volume={31},
  year={2018}
}

@article{sun2019probabilistic,
  title={A probabilistic disease progression modeling approach and its application to integrated Huntington’s disease observational data},
  author={Sun, Zhaonan and Ghosh, Soumya and Li, Ying and Cheng, Yu and Mohan, Amrita and Sampaio, Cristina and Hu, Jianying},
  journal={JAMIA open},
  volume={2},
  number={1},
  pages={123--130},
  year={2019},
  publisher={Oxford University Press}
}

@inproceedings{sukkar2012disease,
  title={Disease progression modeling using hidden Markov models},
  author={Sukkar, Rafid and Katz, Elyse and Zhang, Yanwei and Raunig, David and Wyman, Bradley T},
  booktitle={Engineering in Medicine and Biology Society (EMBC), 2012 Annual International Conference of the IEEE},
  pages={2845--2848},
  year={2012},
  organization={IEEE}
}


@article{hainke2011disease,
  title={Disease progression models: A review and comparison},
  author={Hainke, Katrin and Rahnenf{\"u}hrer, J{\"o}rg and Fried, Roland},
  journal={Dortmund University, Technical Report},
  year={2011}
}

@article{di2007stochastic,
  title={A stochastic model for the HIV/AIDS dynamic evolution},
  author={Di Biase, Giuseppe and D'Amico, Guglielmo and Di Girolamo, Arturo and Janssen, Jacques and Iacobelli, Stefano and Tinari, Nicola and Manca, Raimondo},
  journal={Mathematical Problems in Engineering},
  volume={2007},
  year={2007},
  publisher={Hindawi Publishing Corporation}
}


@article{miller2005modeling,
  title={How modeling and simulation have enhanced decision making in new drug development},
  author={Miller, Raymond and Ewy, Wayne and Corrigan, Brian W and Ouellet, Daniele and Hermann, David and Kowalski, Kenneth G and Lockwood, Peter and Koup, Jeffrey R and Donevan, Sean and El-Kattan, Ayman and others},
  journal={Journal of pharmacokinetics and pharmacodynamics},
  volume={32},
  number={2},
  pages={185--197},
  year={2005},
  publisher={Springer}
}

@inproceedings{wang2014unsupervised,
  title={Unsupervised learning of disease progression models},
  author={Wang, Xiang and Sontag, David and Wang, Fei},
  booktitle={Proceedings of the 20th ACM SIGKDD international conference on Knowledge discovery and data mining},
  pages={85--94},
  year={2014}
}

@article{mohan2022machine,
  title={A machine-learning derived Huntington's disease progression model: insights for clinical trial design},
  author={Mohan, Amrita and Sun, Zhaonan and Ghosh, Soumya and Li, Ying and Sathe, Swati and Hu, Jianying and Sampaio, Cristina},
  journal={Movement Disorders},
  volume={37},
  number={3},
  pages={553--562},
  year={2022},
  publisher={Wiley Online Library}
}
@article{el2020multimodal,
  title={Multimodal multitask deep learning model for Alzheimer’s disease progression detection based on time series data},
  author={El-Sappagh, Shaker and Abuhmed, Tamer and Islam, SM Riazul and Kwak, Kyung Sup},
  journal={Neurocomputing},
  volume={412},
  pages={197--215},
  year={2020},
  publisher={Elsevier}
}
@article{DannemannHolzmann2008,
 author = {J Dannemann and H Holzmann},
 journal = {Scandinavian Journal of Statistics},
 number = {2},
 pages = {309-321},
 publisher = {Board of the Foundation of the Scandinavian Journal of Statistics, Wiley},
 title = {Likelihood Ratio Testing for Hidden Markov Models Under Non-standard Conditions},
 volume = {35},
 year = {2008}
}
@article{dey2013integration,
  title={Integration of clinical and genomic data: a methodological survey},
  author={Dey, Sanjoy and Gupta, Rohit and Steinbach, Michael and Kumar, Vipin},
  year={2013}
}


@Article{Bartolomeo2011,
author= {Bartolomeo, Nicola and Trerotoli, Paolo and Serio, Gabriella},
title= {Progression of liver cirrhosis to HCC: an application of hidden Markov model},
journal= {BMC Medical Research Methodology},
year= {2011},
volume={11},
number={1},
pages={38},
}


@article{lee2022developing,
  title={Developing machine learning algorithms for dynamic estimation of progression during active surveillance for prostate cancer},
  author={Lee, Changhee and Light, Alexander and Saveliev, Evgeny S and Van der Schaar, Mihaela and Gnanapragasam, Vincent J},
  journal={npj Digital Medicine},
  volume={5},
  number={1},
  pages={110},
  year={2022},
  publisher={Nature Publishing Group UK London}
}

@article{ansari2021deep,
  title={Deep explicit duration switching models for time series},
  author={Ansari, Abdul Fatir and Benidis, Konstantinos and Kurle, Richard and Turkmen, Ali Caner and Soh, Harold and Smola, Alexander J and Wang, Bernie and Januschowski, Tim},
  journal={Advances in Neural Information Processing Systems},
  volume={34},
  pages={29949--29961},
  year={2021}
}
@inproceedings{krishnan2017structured,
  title={Structured inference networks for nonlinear state space models},
  author={Krishnan, Rahul and Shalit, Uri and Sontag, David},
  booktitle={Proceedings of the AAAI Conference on Artificial Intelligence},
  volume={31},
  number={1},
  year={2017}
}
@article{goteti2023opportunities,
  title={Opportunities and Challenges of Disease Progression Modeling in Drug Development--An IQ Perspective},
  author={Goteti, Kosalaram and Hanan, Nathan and Magee, Mindy and Wojciechowski, Jessica and Mensing, Sven and Lalovic, Bojan and Hang, Yaming and Solms, Alexander and Singh, Indrajeet and Singh, Rajendra and others},
  journal={Clinical Pharmacology \& Therapeutics},
  year={2023},
  publisher={Wiley Online Library}
}


@article{alaa2019attentive,
  title={Attentive state-space modeling of disease progression},
  author={Alaa, Ahmed M and van der Schaar, Mihaela},
  journal={Advances in neural information processing systems},
  volume={32},
  year={2019}
}


@inproceedings{yang2017towards,
  title={Towards k-means-friendly spaces: Simultaneous deep learning and clustering},
  author={Yang, Bo and Fu, Xiao and Sidiropoulos, Nicholas D and Hong, Mingyi},
  booktitle={international conference on machine learning},
  pages={3861--3870},
  year={2017},
  organization={PMLR}
}

@article{keiser2009predicting,
  title={Predicting new molecular targets for known drugs},
  author={Keiser, Michael J and Setola, Vincent and Irwin, John J and others},
  journal={Nature},
  volume={462},
  number={7270},
  pages={175},
  year={2009},
  publisher={Nature Publishing Group}
}
%and Laggner, Christian and Abbas, Atheir I and Hufeisen, Sandra J and Jensen, Niels H and Kuijer, Michael B and Matos, Roberto C and Tran, Thuy B and others},

@article{luo2016dpdr,
  title={Dpdr-cpi, a server that predicts drug positioning and drug repositioning via chemical-protein interactome},
  author={Luo, Heng and Zhang, Ping and Cao, Xi Hang and others},
  journal={Scientific reports},
  volume={6},
  pages={35996},
  year={2016},
  publisher={Nature Publishing Group}
}
%Du, Dizheng and Ye, Hao and Huang, Hui and Li, Can and Qin, Shengying and Wan, Chunling and Shi, Leming and others},
  
@article{park2017network,
  title={Network mirroring for drug repositioning},
  author={Park, Sunghong and Lee, Dong-gi and Shin, Hyunjung},
  journal={BMC medical informatics and decision making},
  volume={17},
  number={1},
  pages={55},
  year={2017},
  publisher={BioMed Central}
}

@article{sirota2011discovery,
  title={Discovery and preclinical validation of drug indications using compendia of public gene expression data},
  author={Sirota, Marina and Dudley, Joel T and Kim, Jeewon and Chiang, Annie P and others},
  journal={Science translational medicine},
  volume={3},
  number={96},
  pages={96ra77--96ra77},
  year={2011},
  publisher={American Association for the Advancement of Science}
}
%Morgan, Alex A and Sweet-Cordero, Alejandro and Sage, Julien and Butte, Atul J},

@article{gottlieb2011predict,
  title={PREDICT: a method for inferring novel drug indications with application to personalized medicine},
  author={Gottlieb, Assaf and Stein, Gideon Y and Ruppin, Eytan and Sharan, Roded},
  journal={Molecular systems biology},
  volume={7},
  number={1},
  pages={496},
  year={2011},
  publisher={EMBO Press}
}

@inproceedings{zhang2014towards,
  title={Towards drug repositioning: a unified computational framework for integrating multiple aspects of drug similarity and disease similarity},
  author={Zhang, Ping and Wang, Fei and Hu, Jianying},
  booktitle={AMIA Annual Symposium Proceedings},
  volume={2014},
  pages={1258},
  year={2014},
  organization={American Medical Informatics Association}
}

@article{cao2015integrating,
  title={Integrating multiple evidence sources to predict adverse drug reactions based on a systems pharmacology model},
  author={Cao, D-S and Xiao, N and Li, Y-J and others},
  journal={CPT: pharmacometrics \& systems pharmacology},
  volume={4},
  number={9},
  pages={498--506},
  year={2015},
  publisher={Wiley Online Library}
}
%Zeng, W-B and Liang, Y-Z and Lu, A-P and Xu, Q-S and Chen, AF},

@article{munoz2017facilitating,
  title={Facilitating prediction of adverse drug reactions by using knowledge graphs and multi-label learning models},
  author={Mu{\~n}oz, Emir and Nov{\'a}{\v{c}}ek, V{\'\i}t and Vandenbussche, Pierre-Yves},
  journal={Briefings in bioinformatics},
  year={2017}
}
@article{sudlow2015uk,
  title={UK biobank: an open access resource for identifying the causes of a wide range of complex diseases of middle and old age},
  author={Sudlow, Cathie and Gallacher, John and Allen, Naomi and Beral, Valerie and Burton, Paul and Danesh, John and Downey, Paul and Elliott, Paul and Green, Jane and Landray, Martin and others},
  journal={PLoS medicine},
  volume={12},
  number={3},
  pages={e1001779},
  year={2015},
  publisher={Public Library of Science}
}


@article{kuang2014systematic,
  title={A systematic investigation of computation models for predicting adverse drug reactions (ADRs)},
  author={Kuang, Qifan and Wang, MinQi and Li, Rong and others},  
  journal={PloS one},
  volume={9},
  number={9},
  pages={e105889},
  year={2014},
  publisher={Public Library of Science}
}

@article{harpaz2013performance,
  title={Performance of Pharmacovigilance Signal-Detection Algorithms for the FDA Adverse Event Reporting System},
  author={Harpaz, Rave and DuMouchel, William and LePendu, Paea and others},
  journal={Clinical Pharmacology \& Therapeutics},
  volume={93},
  number={6},
  pages={539--546},
  year={2013},
  publisher={Wiley Online Library}
}

@article{xu2014validating,
  title={Validating drug repurposing signals using electronic health records: a case study of metformin associated with reduced cancer mortality},
  author={Xu, Hua and Aldrich, Melinda C and Chen, Qingxia and Liu, Hongfang and Peterson, Neeraja B and Dai, Qi and Levy, Mia and Shah, Anushi and Han, Xue and Ruan, Xiaoyang and others},
  journal={Journal of the American Medical Informatics Association},
  volume={22},
  number={1},
  pages={179--191},
  year={2014},
  publisher={Oxford University Press}
}

@article{brown2018leveraging,
  title={Leveraging Population-Based Clinical Quantitative Phenotyping for Drug Repositioning},
  author={Brown, Adam S and Rasooly, Danielle and Patel, Chirag J},
  journal={CPT: pharmacometrics \& systems pharmacology},
  volume={7},
  number={2},
  pages={124--129},
  year={2018},
  publisher={Wiley Online Library}
}


@online{FAERS,
  author = {FDA},
  title = {FDA's Adverse Event Reporting System (FAERS)},
  year = 2016,
  url = {https://www.fda.gov/Drugs/GuidanceComplianceRegulatoryInformation/Surveillance/AdverseDrugEffects/},
  urldate = {2018-05-17}
}

@inproceedings{kuang2016computational,
  title={Computational drug repositioning using continuous self-controlled case series},
  author={Kuang, Zhaobin and Thomson, James and Caldwell, Michael and others},
  booktitle={KDD: proceedings. International Conference on Knowledge Discovery  Data Mining},
  volume={2016},
  pages={491},
  year={2016},
  organization={NIH Public Access}
}

@inproceedings{kuang2016baseline,
  title={Baseline regularization for computational drug repositioning with longitudinal observational data},
  author={Kuang, Zhaobin and Thomson, James and Caldwell, Michael and others},
  booktitle={IJCAI: proceedings of the conference},
  volume={2016},
  pages={2521},
  year={2016},
  organization={NIH Public Access}
}

@article{xu2012use,
  title={Use of fixed effects models to analyze self-controlled case series data in vaccine safety studies},
  author={Xu, Stanley and Zeng, Chan and Newcomer, Sophia and Nelson, Jennifer and Glanz, Jason},
  journal={Journal of biometrics \& biostatistics},
  pages={006},
  year={2012},
  publisher={NIH Public Access}
}

@article{schuemie2016detecting,
  title={Detecting adverse drug reactions following long-term exposure in longitudinal observational data: The exposure-adjusted self-controlled case series},
  author={Schuemie, Martijn J and Trifir{\`o}, Gianluca and Coloma, Preciosa M and Ryan, Patrick B and Madigan, David},
  journal={Statistical methods in medical research},
  volume={25},
  number={6},
  pages={2577--2592},
  year={2016},
  publisher={SAGE Publications Sage UK: London, England}
}

@article{bilen2016lipoprotein,
  title={Lipoprotein abnormalities in South Asians and its association with cardiovascular disease: Current state and future directions},
  author={Bilen, Ozlem and Kamal, Ayeesha and Virani, Salim S},
  journal={World journal of cardiology},
  volume={8},
  number={3},
  pages={247},
  year={2016},
  publisher={Baishideng Publishing Group Inc}
}

% L_1 regualrization
@article{tibshirani1996regression,
  title={Regression shrinkage and selection via the lasso},
  author={Tibshirani, Robert},
  journal={Journal of the Royal Statistical Society. Series B (Methodological)},
  pages={267--288},
  year={1996},
  publisher={JSTOR}
}

% Fused LASSO
@article{tibshirani2005sparsity,
  title={Sparsity and smoothness via the fused lasso},
  author={Tibshirani, Robert and Saunders, Michael and Rosset, Saharon and Zhu, Ji and Knight, Keith},
  journal={Journal of the Royal Statistical Society: Series B (Statistical Methodology)},
  volume={67},
  number={1},
  pages={91--108},
  year={2005},
  publisher={Wiley Online Library}
}


% Group LASSO
@article{yuan2006model,
  title={Model selection and estimation in regression with grouped variables},
  author={Yuan, Ming and Lin, Yi},
  journal={Journal of the Royal Statistical Society: Series B (Statistical Methodology)},
  volume={68},
  number={1},
  pages={49--67},
  year={2006},
  publisher={Wiley Online Library}
}

% Structured LASSO
@inproceedings{kong2014exclusive,
  title={Exclusive Feature Learning on Arbitrary Structures via $ell\_{1,2}$-norm},
  author={Kong, Deguang and Fujimaki, Ryohei and Liu, Ji and Nie, Feiping and Ding, Chris},
  booktitle={Advances in Neural Information Processing Systems},
  pages={1655--1663},
  year={2014}
}
@inproceedings{zhou2010exclusive,
  title={Exclusive lasso for multi-task feature selection},
  author={Zhou, Yang and Jin, Rong and Hoi, Steven},
  booktitle={International conference on artificial intelligence and statistics},
  pages={988--995},
  year={2010}
}

@article{kowalski2009sparse,
  title={Sparse regression using mixed norms},
  author={Kowalski, Matthieu},
  journal={Applied and Computational Harmonic Analysis},
  volume={27},
  number={3},
  pages={303--324},
  year={2009},
  publisher={Elsevier}
}

# Generic... 
@article{yadav2015mining,
  title={Mining Electronic Health Records (EHR): A Survey},
  author={Yadav, Pranjul and Steinbach, Michael and Kumar, Vipin and Simon, Gyorgy},
  journal={Department of Computer Science and Engineering},
  year={2015}
}

@article{ruiter2012lower,
  title={Lower risk of cancer in patients on metformin in comparison with those on sulfonylurea derivatives},
  author={Ruiter, Rikje and Visser, Loes E and van Herk-Sukel, Myrthe PP and others},
  journal={Diabetes care},
  volume={35},
  number={1},
  pages={119--124},
  year={2012},
  publisher={Am Diabetes Assoc}
}
%Coebergh, Jan-Willem W and Haak, Harm R and Geelhoed-Duijvestijn, Petronella H and Straus, Sabine MJM and Herings, Ron MC and Stricker, Bruno H Ch},

# Localized LASSO...
@inproceedings{yamada2017localized,
  title={Localized Lasso for High-Dimensional Regression},
  author={Yamada, Makoto and Koh, Takeuchi and Iwata, Tomoharu and Shawe-Taylor, John and Kaski, Samuel},
  booktitle={Artificial Intelligence and Statistics},
  pages={325--333},
  year={2017}
}


@article{meyer2004pharmacogenetics,
  title={Pharmacogenetics - five decades of therapeutic lessons from genetic diversity},
  author={Meyer, Urs},
  journal={Nature Reviews Genetics},
  volume={5},
  number={9},
  pages={669--676},
  year={2004},
  publisher={Nature Publications}
}

@article{alyass2015bigdata,
  title={From big data analysis to personalized medicine for all: challenges and opportunities},
  author={Alyass, Akram and Turcotte, Michelle and Meyre, David},
  journal={BMC Medical Genomics},
  volume={8},
  number={33},
  year={2015},
  publisher={BioMed Central}
}

@article{chen2012omics,
  title={Promise of personalized omics to precision medicine},
  author={Chen, Rui and Snyder, Michael},
  journal={Wiley Interdisciplinary Reviews: Systems Biology and Medicine},
  volume={5},
  number={1},
  pages={73--82},
  year={2012},
  publisher={Wiley}
}

@article{fernald2011bioinformatics,
  title={Bioinformatics challenges for personalized medicine},
  author={Fernald, Guy and Capriotti, Emidio and Daneshjou, Roxana and Karczewski, Konrad and Altman, Russ},
  journal={Bioinformatics},
  volume={27},
  number={13},
  pages={1741--1748},
  year={2011},
  publisher={Oxford}
}

@article{lasagna2000jama,
  title={Diuretics vs alpha-blockers for treatment of hypertension: lessons from ALLHAT},
  author={Lasagna, Louis},
  journal={The Journal of the American Medical Association (JAMA)},
  volume={283},
  number={15},
  year={2000},
  publisher={American Medical Association}
}

@article{boyd2005jama,
  title={Clinical practice guidelines and quality of care for older patients with multiple comorbid diseases: implications for pay for performance},
  author={Boyd, Cynthia and Darer, Jonathan and Boult, Chad and others},   journal={The Journal of the American Medical Association (JAMA)},
  volume={294},
  number={6},
  year={2005},
  pages={716--724},
  publisher={American Medical Association}
}
%Fried, Linda and Boult, Lisa and Wu, Albert},


@article{ceriello2014ppm,
  title={Personalized therapy algorithms for type 2 diabetes: a phenotype-based approach},
  author={Ceriello, Antonio and Gallo, Marco and Candido, Riccardo and De Micheli, Alberto and Esposito, Katherine and Gentile, Sandro and Medea, Gerardo},
  journal={Pharmacogenomics and Personalized Medicine},
  volume={7},
  year={2014},
  pages={129--136},
  publisher={Dove Press Ltd}
}

@book{cormen2009introduction,
  title={Introduction to algorithms},
  author={Cormen, Thomas H and Leiserson, Charles E and Rivest, Ronald L and Stein, Clifford},
  year={2009},
  publisher={MIT press}
}

@book{tan2006introduction,
  title={Introduction to data mining},
  author={Tan, Pang-Ning and Steinbach, Michael and Kumar, Vipin},
  year={2006},
  publisher={Pearson Education India}
}

@article{zou2007degrees,
  title={On the "degrees of freedom" of the lasso},
  author={Zou, Hui and Hastie, Trevor and Tibshirani, Robert and others},
  journal={The Annals of Statistics},
  volume={35},
  number={5},
  pages={2173--2192},
  year={2007},
  publisher={Institute of Mathematical Statistics}
}

@book{RB,
  title = {Redbook},
  note = {\url{http://micromedex.com/products/product-suites/clinical-knowledge/redbook}},
  year = {2015}
}

@article{ckd2015,
  title={Management of diabetes mellitus in patients with chronic kidney disease},
  author={Hahr, Allison and Molitch, Mark},
  journal={Clinical Diabetes and Endocrinology},
  volume={1},
  number={2},
  year={2015},
  publisher={BMC}
}

@article{diabetes2010,
  title={Treatment of type 2 diabetes and outcomes in patients with heart failure: a nested case control study from the UK general practice research database},
  author={MacDonald, Michael and Eurich, Dean and Majumdar, Sumit and others},
  journal={Diabetes Care},
  volume={33},
  number={6},
  pages={1213--1218},
  year={2010},
  publisher={American Diabetes Association}
}
%Lewsey, James and Bhagra, Sai and Jhund, Pardeep and Petrie, Mark and McMurray, John and Petrie, John and McAlister, Finlay

@article{omeprazole,
  title={https://www.webmd.com/drugs/2/drug-3766-2250/omeprazole-oral/omeprazole-delayed-release-tablet-oral/details/list-sideeffects},
  journal={},
  year={13 Oct, 2017},
  publisher={I}
}


@article{medi2013,
  title={Development and evaluation of an ensemble resource linking medications to their indications},
  author={Wei, Wei-Qi and Cronin, Robert and Xu, Hua and others},
  journal={J Am Med Inform Assoc},
  volume={20},
  number={5},
  pages={954--961},
  year={2013},
  publisher={Oxford}
}
%Lasko, Thomas and Bastarache, Lisa and Denny, Joshua},



@article{sider2015,
  title={The SIDER database of drugs and side effects},
  author={Kuhn, Michael and Letunic, Ivica and Jensen, Lars and Bork, Peer},
  journal={Nucleic Acids Research},
  volume={44},
  number={D1},
  pages={D1075--D1079},
  year={2015},
  publisher={Oxford}
}

@article{madeira2004biclustering,
  title={Biclustering algorithms for biological data analysis: a survey},
  author={Madeira, Sara C and Oliveira, Arlindo L},
  journal={IEEE/ACM Transactions on Computational Biology and Bioinformatics (TCBB)},
  volume={1},
  number={1},
  pages={24--45},
  year={2004},
  publisher={IEEE Computer Society Press}
}



@Manual{ICD9,
  title = {ICD9 Codes},
  note = {\url{https://www.cdc.gov/nchs/icd/icd9.htm}},
  year = {2015}
}



@article{admm2011,
  title={Distributed optimization and statistical learning via the alternating direction method of multipliers},
  author={Boyd, Stephen and Parikh, Neal and Chu, Eric and others},
  journal={Foundations and Trends in Machine Learning},
  volume={3},
  number={1},
  pages={1122},
  year={2011},
  publisher={NOW Publisher}
}
%Peleato, Borja and Eckstein, Jonathan},

@article{assaf2013,
  title={A method for inferring medical diagnoses from patient similarities},
  author={Gottlieb, Assaf and Stein, Gideon and Ruppin, Eytan and Altman, Russ and Sharan, Roded},
  journal={BMC Medicine},
  volume={11},
  pages={194},
  year={2013},
  publisher={BMC}
}



@article{insulin2005,
  title={Insulin-treated diabetes is associated with a marked increase in mortality in patients with advanced heart failure},
  author={Smooke, Stephanie and Horwich, Tamara and Fonarow, Gregg},
  journal={American Heart Journal},
  volume={149},
  number={1},
  pages={168--174},
  year={2005},
  publisher={Elsevier}
}

@inproceedings{cikm2017,
  title={Exploiting electronic health records to mine drug effects on laboratory test results},
  author={Ghalwash, Mohamed and Li, Ying and Zhang, Ping and Hu, Jianying},
  booktitle={ACM on Conference on Information and Knowledge Management},
  pages={1837--1846},
  year={2017}
}

@inproceedings{xu2016bayesian,
  title={A Bayesian nonparametric approach for estimating individualized treatment-response curves},
  author={Xu, Yanbo and Xu, Yanxun and Saria, Suchi},
  booktitle={Machine Learning for Healthcare Conference},
  pages={282--300},
  year={2016}
}
@article{liang2021rethinking,
  title={Rethinking modeling Alzheimer's disease progression from a multi-task learning perspective with deep recurrent neural network},
  author={Liang, Wei and Zhang, Kai and Cao, Peng and Liu, Xiaoli and Yang, Jinzhu and Zaiane, Osmar},
  journal={Computers in Biology and Medicine},
  volume={138},
  pages={104935},
  year={2021},
  publisher={Elsevier}
}
@inproceedings{cheng2000biclustering,
  title={Biclustering of expression data.},
  author={Cheng, Yizong and Church, George M},
  booktitle={Ismb},
  volume={8},
  number={2000},
  pages={93--103},
  year={2000}
}

@inproceedings{munoz2016using,
  title={Using drug similarities for discovery of possible adverse reactions},
  author={Mu{\~n}oz, Emir and Nov{\'a}{\v{c}}ek, V{\'\i}t and Vandenbussche, Pierre-Yves},
  booktitle={AMIA Annual Symposium Proceedings},
  volume={2016},
  pages={924},
  year={2016},
  organization={AMIA}
}

@article{petersen2008matrix,
  title={The matrix cookbook},
  author={Petersen, Kaare Brandt and Pedersen, Michael Syskind and others},
  journal={Technical University of Denmark},
  volume={7},
  number={15},
  pages={510},
  year={2008}
}