@inproceedings{auer2007dbpedia,
  title={Dbpedia: A nucleus for a web of open data},
  author={Auer, S{\"o}ren and Bizer, Christian and Kobilarov, Georgi and Lehmann, Jens and Cyganiak, Richard and Ives, Zachary},
  booktitle={international semantic web conference},
  pages={722--735},
  year={2007},
  organization={Springer}
}

@inproceedings{auer2009linkedgeodata,
  title={Linkedgeodata: Adding a spatial dimension to the web of data},
  author={Auer, S{\"o}ren and Lehmann, Jens and Hellmann, Sebastian},
  booktitle={The Semantic Web-ISWC 2009: 8th International Semantic Web Conference, ISWC 2009, Chantilly, VA, USA, October 25-29, 2009. Proceedings 8},
  pages={731--746},
  year={2009},
  organization={Springer}
}

@article{hendriks_reconsidering_2012,
	title = {Reconsidering the definition of a spatial data infrastructure},
	volume = {26},
	issn = {1365-8816, 1362-3087},
	url = {http://www.tandfonline.com/doi/abs/10.1080/13658816.2011.639301},
	doi = {10.1080/13658816.2011.639301},
	language = {en},
	number = {8},
	urldate = {2023-06-09},
	journal = {International Journal of Geographical Information Science},
	author = {Hendriks, Paul H.J. and Dessers, Ezra and Van Hootegem, Geert},
	month = aug,
	year = {2012},
	pages = {1479--1494},
}

@article{hoffart2013yago2,
  title={YAGO2: A spatially and temporally enhanced knowledge base from Wikipedia},
  author={Hoffart, Johannes and Suchanek, Fabian M and Berberich, Klaus and Weikum, Gerhard},
  journal={Artificial intelligence},
  volume={194},
  pages={28--61},
  year={2013},
  publisher={Elsevier}
}

@article{hu2015metadata,
  title={Metadata topic harmonization and semantic search for linked-data-driven geoportals: A case study using ArcGIS Online},
  author={Hu, Yingjie and Janowicz, Krzysztof and Prasad, Sathya and Gao, Song},
  journal={Transactions in GIS},
  volume={19},
  number={3},
  pages={398--416},
  year={2015},
  publisher={Wiley Online Library}
}

@article{huang2019assessment,
  title={Assessment and benchmarking of spatially enabled RDF stores for the next generation of spatial data infrastructure},
  author={Huang, Weiming and Raza, Syed Amir and Mirzov, Oleg and Harrie, Lars},
  journal={ISPRS International Journal of Geo-Information},
  volume={8},
  number={7},
  pages={310},
  year={2019},
  publisher={MDPI}
}

@article{huang2020towards,
  title={Towards knowledge-based geospatial data integration and visualization: a case of visualizing urban bicycling suitability},
  author={Huang, Weiming and Kazemzadeh, Khashayar and Mansourian, Ali and Harrie, Lars},
  journal={IEEE Access},
  volume={8},
  pages={85473--85489},
  year={2020},
  publisher={IEEE}
}

@article{janowicz2010semantic,
  title={Semantic enablement for spatial data infrastructures},
  author={Janowicz, Krzysztof and Schade, Sven and Br{\"o}ring, Arne and Ke{\ss}ler, Carsten and Mau{\'e}, Patrick and Stasch, Christoph},
  journal={Transactions in GIS},
  volume={14},
  number={2},
  pages={111--129},
  year={2010},
  publisher={Wiley Online Library}
}

@article{janowicz2015data,
  title={Why the data train needs semantic rails},
  author={Janowicz, Krzysztof and Van Harmelen, Frank and Hendler, James A and Hitzler, Pascal},
  journal={AI Magazine},
  volume={36},
  number={1},
  pages={5--14},
  year={2015}
}

@article{jiang2019current,
  title={Current status and future directions of geoportals},
  author={Jiang, Hao and van Genderen, John and Mazzetti, Paolo and Koo, Hyeongmo and Chen, Min},
  journal={International Journal of Digital Earth},
  year={2019},
  publisher={Taylor \& Francis}
}

@inproceedings{karalis2019extending,
  title={Extending the YAGO2 knowledge graph with precise geospatial knowledge},
  author={Karalis, Nikolaos and Mandilaras, Georgios and Koubarakis, Manolis},
  booktitle={The Semantic Web--ISWC 2019: 18th International Semantic Web Conference, Auckland, New Zealand, October 26--30, 2019, Proceedings, Part II 18},
  pages={181--197},
  year={2019},
  organization={Springer}
}

@inproceedings{kwg-fois,
  author       = {Cogan Shimizu and
                  Shirly Stephen and
                  Rui Zhu and
                  Kitty Currier and
                  Mark Schildhauer and
                  Dean Rehberger and
                  Pascal Hitzler and
                  Krzysztof Janowicz and
                  Colby K. Fisher and
                  Mohammad Saeid Mahdavinejad and
                  Antrea Christou and
                  Adrita Barua and
                  Abhilekha Dalal and
                  Sanaz Saki Norouzi and
                  Zilong Liu and
                  Meilin Shi and
                  Ling Cai and
                  Gengchen Mai and
                  Zhangyu Wang and
                  Yuanyuan Tian},
  editor       = {Fumiaki Toyoshima and
                  Megan Katsumi and
                  Guendalina Righetti and
                  Stefano De Giorgis and
                  Maria M. Hedblom and
                  Oliver Kutz and
                  Boyan Brodaric and
                  Michael Gr{\"{u}}ninger and
                  Torsten Hahmann and
                  Damion Dooley Simon and
                  Matthew Lange and
                  Hande K{\"{u}}{\c{c}}{\"{u}}k{-}McGinty and
                  Anoosha Sehar Simon and
                  Rhiannon Cameron and
                  Bart Gajderowicz and
                  Daniela Rosu and
                  Janna Hastings and
                  Davide Audrito and
                  Luigi Di Caro and
                  Francesca Grasso and
                  Roberto Nai and
                  Emilio Sulis and
                  Loris Bozzato and
                  Cogan Shimizu and
                  Antoine Zimmermann and
                  Riccardo Baratella and
                  Stefano Borgo and
                  Sergio de Cesare and
                  Tiago Prince Sales},
  title        = {The KnowWhereGraph Ontology: {A} Showcase},
  booktitle    = {Proceedings of the Joint Ontology Workshops 2023 Episode {IX:} The
                  Quebec Summer of Ontology co-located with the 13th International Conference
                  on Formal Ontology in Information Systems {(FOIS} 2023), Sherbrooke,
                  Qu{\'{e}}bec, Canada, July 19-20, 2023},
  series       = {{CEUR} Workshop Proceedings},
  volume       = {3637},
  publisher    = {CEUR-WS.org},
  year         = {2023},
  url          = {https://ceur-ws.org/Vol-3637/paper46.pdf},
  timestamp    = {Sun, 04 Aug 2024 19:43:58 +0200},
  biburl       = {https://dblp.org/rec/conf/jowo/ShimizuS0CSRHJF23.bib},
  bibsource    = {dblp computer science bibliography, https://dblp.org}
}

@article{kwg-jws,
  author    = {Cogan Shimizu and
               Shirly Stephen and
               Adrita Barua and
Ling Cai and
Antrea Christou and
Kitty Currier and
Abhilekha Dalal and
Colby K. Fisher and
Pascal Hitzler and
Krzysztof Janowicz and
Wenwen Li and
Zilong Liu and
Mohammad Saeid Mahdavinejad and
Gengchen Mai and
Dean Rehberger and
Mark Schildhauer and
Meilin Shi and
Sanaz Saki Norouzi and
Yuanyuan Tian and
Sizhe Wang and
Zhangyu Wang and
Joseph Zalewski and
Lu Zhou and
Rui Zhu},
  title     = {The {KnowWhereGraph} Ontology},
  journal = {Journal of Web Semantics},
  year = {2023},
  Note = {In Press.}
}

@article{maguire2005emergence,
  title={The emergence of geoportals and their role in spatial data infrastructures},
  author={Maguire, David J and Longley, Paul A},
  journal={Computers, environment and urban systems},
  volume={29},
  number={1},
  pages={3--14},
  year={2005},
  publisher={Elsevier}
}

@article{mai2020semantically,
  title={Semantically-enriched search engine for Geoportals: A case study with ArcGIS online},
  author={Mai, Gengchen and Janowicz, Krzysztof and Prasad, Sathya and Shi, Meilin and Cai, Ling and Zhu, Rui and Regalia, Blake and Lao, Ni},
  journal={AGILE: GIScience Series},
  volume={1},
  pages={13},
  year={2020},
  publisher={Copernicus Publications G{\"o}ttingen, Germany}
}

@article{mai2021geographic,
  title={Geographic question answering: challenges, uniqueness, classification, and future directions},
  author={Mai, Gengchen and Janowicz, Krzysztof and Zhu, Rui and Cai, Ling and Lao, Ni},
  journal={AGILE: GIScience series},
  volume={2},
  pages={8},
  year={2021},
  publisher={Copernicus Publications G{\"o}ttingen, Germany}
}

@article{mai2022symbolic,
  title={Symbolic and subsymbolic GeoAI: Geospatial knowledge graphs and spatially explicit machine learning.},
  author={Mai, Gengchen and Hu, Yingjie and Gao, Song and Cai, Ling and Martins, Bruno and Scholz, Johannes and Gao, Jing and Janowicz, Krzysztof},
  journal={Trans. GIS},
  volume={26},
  number={8},
  pages={3118--3124},
  year={2022}
}

@article{momo-swj,
  author       = {Cogan Shimizu and
                  Karl Hammar and
                  Pascal Hitzler},
  title        = {Modular ontology modeling},
  journal      = {Semantic Web},
  volume       = {14},
  number       = {3},
  pages        = {459--489},
  year         = {2023},
  url          = {https://doi.org/10.3233/SW-222886},
  doi          = {10.3233/SW-222886},
  timestamp    = {Wed, 26 Apr 2023 01:00:00 +0200},
  biburl       = {https://dblp.org/rec/journals/semweb/ShimizuHH23.bib},
  bibsource    = {dblp computer science bibliography, https://dblp.org}
}

@article{qi2023evkg,
  title={EVKG: An interlinked and interoperable electric vehicle knowledge graph for smart transportation system},
  author={Qi, Yanlin and Mai, Gengchen and Zhu, Rui and Zhang, Michael},
  journal={Transactions in GIS},
  volume={27},
  number={4},
  pages={949--974},
  year={2023},
  publisher={Wiley Online Library}
}

@article{rajabifard_role_2006,
	title = {The role of sub‚Äênational government and the private sector in future spatial data infrastructures},
	volume = {20},
	issn = {1365-8816, 1362-3087},
	url = {http://www.tandfonline.com/doi/abs/10.1080/13658810500432224},
	doi = {10.1080/13658810500432224},
	language = {en},
	number = {7},
	urldate = {2023-06-09},
	journal = {International Journal of Geographical Information Science},
	author = {Rajabifard, A. and Binns, A. and Masser, I. and Williamson, I.},
	month = aug,
	year = {2006},
	pages = {727--741},
}

@inproceedings{regalia2018gnis,
  title={GNIS-LD: Serving and visualizing the geographic names information system gazetteer as linked Data},
  author={Regalia, Blake and Janowicz, Krzysztof and Mai, Gengchen and Varanka, Dalia and Usery, E Lynn},
  booktitle={The Semantic Web: 15th International Conference, ESWC 2018, Heraklion, Crete, Greece, June 3--7, 2018, Proceedings 15},
  pages={528--540},
  year={2018},
  organization={Springer}
}

@article{ronzhin2019next,
  title={Next generation of spatial data infrastructure: lessons from linked data implementations across Europe},
  author={Ronzhin, Stanislav and Folmer, Erwin and Lemmens, Rob and Mellum, Roy and von Brasch, Thomas Ellett and Martin, Eduardo and Romero, Emilio Lopez and Kyt{\"o}, Samuli and Hietanen, Eero and Latvala, Pekka},
  journal={International journal of spatial data infrastructures research},
  volume={14},
  pages={83--107},
  year={2019}
}

@article{stadler2012linkedgeodata,
  title={Linkedgeodata: A core for a web of spatial open data},
  author={Stadler, Claus and Lehmann, Jens and H{\"o}ffner, Konrad and Auer, S{\"o}ren},
  journal={Semantic Web},
  volume={3},
  number={4},
  pages={333--354},
  year={2012},
  publisher={IOS Press}
}

@article{stephen2024s2,
  title={The S2 Hierarchical Discrete Global Grid as a Nexus for Data Representation, Integration, and Querying Across Geospatial Knowledge Graphs},
  author={Stephen, Shirly and Faulk, Mitchell and Janowicz, Krzysztof and Fisher, Colby and Thelen, Thomas and Zhu, Rui and Hitzler, Pascal and Shimizu, Cogan and Currier, Kitty and Schildhauer, Mark and others},
  journal={arXiv preprint arXiv:2410.14808},
  year={2024}
}

@inproceedings{suchanek2007yago,
  title={Yago: a core of semantic knowledge},
  author={Suchanek, Fabian M and Kasneci, Gjergji and Weikum, Gerhard},
  booktitle={Proceedings of the 16th international conference on World Wide Web},
  pages={697--706},
  year={2007}
}

@article{veach2017s2,
  title={S2 Geometry Library: Computational geometry and spatial indexing on the sphere},
  author={Veach, E and Rosenstock, J and Engle, E and Manshreck, T},
  journal={Software},
  URL = {http://s2geometry.io/},
  year={2017}
}

@article{wiemann2016spatial,
  title={Spatial data fusion in spatial data infrastructures using linked data},
  author={Wiemann, Stefan and Bernard, Lars},
  journal={International Journal of Geographical Information Science},
  volume={30},
  number={4},
  pages={613--636},
  year={2016},
  publisher={Taylor \& Francis}
}

