@inproceedings{NOSMOG_ICLR,
    title={Learning {MLP}s on Graphs: A Unified View of Effectiveness, Robustness, and Efficiency},
    author={Yijun Tian and Chuxu Zhang and Zhichun Guo and Xiangliang Zhang and Nitesh Chawla},
    booktitle={International Conference on Learning Representations},
    year={2023},
    url={https://openreview.net/forum?id=Cs3r5KLdoj}
}

@article{airgnn,
  title={Graph neural networks with adaptive residual},
  author={Liu, Xiaorui and Ding, Jiayuan and Jin, Wei and Xu, Han and Ma, Yao and Liu, Zitao and Tang, Jiliang},
  journal={Advances in Neural Information Processing Systems},
  volume={34},
  pages={9720--9733},
  year={2021}
}

@inproceedings{berthon2021confidence,
  title={Confidence scores make instance-dependent label-noise learning possible},
  author={Berthon, Antonin and Han, Bo and Niu, Gang and Liu, Tongliang and Sugiyama, Masashi},
  booktitle={International conference on machine learning},
  pages={825--836},
  year={2021},
  organization={PMLR}
}

@article{han2018co,
  title={Co-teaching: Robust training of deep neural networks with extremely noisy labels},
  author={Han, Bo and Yao, Quanming and Yu, Xingrui and Niu, Gang and Xu, Miao and Hu, Weihua and Tsang, Ivor and Sugiyama, Masashi},
  journal={Advances in neural information processing systems},
  volume={31},
  year={2018}
}

@inproceedings{in2023similarity,
  title={Similarity preserving adversarial graph contrastive learning},
  author={In, Yeonjun and Yoon, Kanghoon and Park, Chanyoung},
  booktitle={Proceedings of the 29th ACM SIGKDD Conference on Knowledge Discovery and Data Mining},
  pages={867--878},
  year={2023}
}

@article{in2024self,
  title={Self-Guided Robust Graph Structure Refinement},
  author={In, Yeonjun and Yoon, Kanghoon and Kim, Kibum and Shin, Kijung and Park, Chanyoung},
  journal={arXiv preprint arXiv:2402.11837},
  year={2024}
}

@article{jin2022empowering,
  title={Empowering graph representation learning with test-time graph transformation},
  author={Jin, Wei and Zhao, Tong and Ding, Jiayuan and Liu, Yozen and Tang, Jiliang and Shah, Neil},
  journal={arXiv preprint arXiv:2210.03561},
  year={2022}
}

@inproceedings{lao2022variational,
  title={Variational inference for training graph neural networks in low-data regime through joint structure-label estimation},
  author={Lao, Danning and Yang, Xinyu and Wu, Qitian and Yan, Junchi},
  booktitle={Proceedings of the 28th ACM SIGKDD Conference on Knowledge Discovery and Data Mining},
  pages={824--834},
  year={2022}
}

@article{lei2022evennet,
  title={Evennet: Ignoring odd-hop neighbors improves robustness of graph neural networks},
  author={Lei, Runlin and Wang, Zhen and Li, Yaliang and Ding, Bolin and Wei, Zhewei},
  journal={arXiv preprint arXiv:2205.13892},
  year={2022}
}

@inproceedings{nrgnn,
  title={Nrgnn: Learning a label noise resistant graph neural network on sparsely and noisily labeled graphs},
  author={Dai, Enyan and Aggarwal, Charu and Wang, Suhang},
  booktitle={Proceedings of the 27th ACM SIGKDD Conference on Knowledge Discovery \& Data Mining},
  pages={227--236},
  year={2021}
}

@article{rsgnn,
  title={Towards Robust Graph Neural Networks for Noisy Graphs with Sparse Labels},
  author={Dai, Enyan and Jin, Wei and Liu, Hui and Wang, Suhang},
  journal={WSDM},
  year={2022}
}

@inproceedings{rtgnn,
  title={Robust Training of Graph Neural Networks via Noise Governance},
  author={Qian, Siyi and Ying, Haochao and Hu, Renjun and Zhou, Jingbo and Chen, Jintai and Chen, Danny Z and Wu, Jian},
  booktitle={Proceedings of the Sixteenth ACM International Conference on Web Search and Data Mining},
  pages={607--615},
  year={2023}
}

@inproceedings{stable,
  title={Reliable Representations Make A Stronger Defender: Unsupervised Structure Refinement for Robust GNN},
  author={Li, Kuan and Liu, Yang and Ao, Xiang and Chi, Jianfeng and Feng, Jinghua and Yang, Hao and He, Qing},
  booktitle={Proceedings of the 28th ACM SIGKDD Conference on Knowledge Discovery and Data Mining},
  pages={925--935},
  year={2022}
}

@article{yao2021instance,
  title={Instance-dependent label-noise learning under a structural causal model},
  author={Yao, Yu and Liu, Tongliang and Gong, Mingming and Han, Bo and Niu, Gang and Zhang, Kun},
  journal={Advances in Neural Information Processing Systems},
  volume={34},
  pages={4409--4420},
  year={2021}
}

@article{zhao2023graphglow,
  title={GraphGLOW: Universal and Generalizable Structure Learning for Graph Neural Networks},
  author={Zhao, Wentao and Wu, Qitian and Yang, Chenxiao and Yan, Junchi},
  journal={arXiv preprint arXiv:2306.11264},
  year={2023}
}

