@article{gcn,
  title={Semi-supervised classification with graph convolutional networks},
  author={Kipf, Thomas N and Welling, Max},
  journal={arXiv preprint arXiv:1609.02907},
  year={2016}
}
@article{gat,
  title={Graph attention networks},
  author={Veli{\v{c}}kovi{\'c}, Petar and Cucurull, Guillem and Casanova, Arantxa and Romero, Adriana and Lio, Pietro and Bengio, Yoshua},
  journal={arXiv preprint arXiv:1710.10903},
  year={2017}
}
@article{sage,
  title={Inductive representation learning on large graphs},
  author={Hamilton, Will and Ying, Zhitao and Leskovec, Jure},
  journal={Advances in neural information processing systems},
  volume={30},
  year={2017}
}
@article{supergat,
  title={How to find your friendly neighborhood: Graph attention design with self-supervision},
  author={Kim, Dongkwan and Oh, Alice},
  journal={arXiv preprint arXiv:2204.04879},
  year={2022}
}
@inproceedings{perozzi2014deepwalk,
  title={Deepwalk: Online learning of social representations},
  author={Perozzi, Bryan and Al-Rfou, Rami and Skiena, Steven},
  booktitle={Proceedings of the 20th ACM SIGKDD international conference on Knowledge discovery and data mining},
  pages={701--710},
  year={2014}
}
@inproceedings{node2vec,
  title={node2vec: Scalable feature learning for networks},
  author={Grover, Aditya and Leskovec, Jure},
  booktitle={Proceedings of the 22nd ACM SIGKDD international conference on Knowledge discovery and data mining},
  pages={855--864},
  year={2016}
}
@inproceedings{dai2018adversarial,
  title={Adversarial attack on graph structured data},
  author={Dai, Hanjun and Li, Hui and Tian, Tian and Huang, Xin and Wang, Lin and Zhu, Jun and Song, Le},
  booktitle={International conference on machine learning},
  pages={1115--1124},
  year={2018},
  organization={PMLR}
}
@article{wu2019adversarial,
  title={Adversarial examples on graph data: Deep insights into attack and defense},
  author={Wu, Huijun and Wang, Chen and Tyshetskiy, Yuriy and Docherty, Andrew and Lu, Kai and Zhu, Liming},
  journal={arXiv preprint arXiv:1903.01610},
  year={2019}
}
@article{xu2019topology,
  title={Topology attack and defense for graph neural networks: An optimization perspective},
  author={Xu, Kaidi and Chen, Hongge and Liu, Sijia and Chen, Pin-Yu and Weng, Tsui-Wei and Hong, Mingyi and Lin, Xue},
  journal={arXiv preprint arXiv:1906.04214},
  year={2019}
}
@inproceedings{metattack,
	title = {Adversarial Attacks on Graph Neural Networks via Meta Learning},
	author={Z{\"u}gner, Daniel and G{\"u}nnemann, Stephan},
	booktitle={International Conference on Learning Representations (ICLR)},
	year = {2019}
}
@inproceedings{nettack,
  title={Adversarial Attacks on Neural Networks for Graph Data},
  author={Z{\"u}gner, Daniel and Akbarnejad, Amir and G{\"u}nnemann, Stephan},
  booktitle={SIGKDD},
  pages={2847--2856},
  year={2018},
}

@inproceedings{rgcn,
  title={Robust graph convolutional networks against adversarial attacks},
  author={Zhu, Dingyuan and Zhang, Ziwei and Cui, Peng and Zhu, Wenwu},
  booktitle={Proceedings of the 25th ACM SIGKDD international conference on knowledge discovery \& data mining},
  pages={1399--1407},
  year={2019}
}
@inproceedings{adaedge,
  title={Measuring and relieving the over-smoothing problem for graph neural networks from the topological view},
  author={Chen, Deli and Lin, Yankai and Li, Wei and Li, Peng and Zhou, Jie and Sun, Xu},
  booktitle={Proceedings of the AAAI Conference on Artificial Intelligence},
  volume={34},
  number={04},
  pages={3438--3445},
  year={2020}
}
@article{commdetgraph,
  title={Community detection in graphs},
  author={Fortunato, Santo},
  journal={Physics reports},
  volume={486},
  number={3-5},
  pages={75--174},
  year={2010},
  publisher={Elsevier}
}
@inproceedings{gaug,
  title={Data augmentation for graph neural networks},
  author={Zhao, Tong and Liu, Yozen and Neves, Leonardo and Woodford, Oliver and Jiang, Meng and Shah, Neil},
  booktitle={Proceedings of the AAAI Conference on Artificial Intelligence},
  volume={35},
  number={12},
  pages={11015--11023},
  year={2021}
}
@inproceedings{pagnn,
	doi = {10.1145/3336191.3371851},
  
	url = {https://doi.org/10.1145%2F3336191.3371851},
  
	year = 2020,
	month = {jan},
  
	publisher = {{ACM}
},
  
	author = {Xianfeng Tang and Yandong Li and Yiwei Sun and Huaxiu Yao and Prasenjit Mitra and Suhang Wang},
  
	title = {Transferring Robustness for Graph Neural Network Against Poisoning Attacks},
  
	booktitle = {Proceedings of the 13th International Conference on Web Search and Data Mining}
}
@inproceedings{neuralsparse,
  title={Robust graph representation learning via neural sparsification},
  author={Zheng, Cheng and Zong, Bo and Cheng, Wei and Song, Dongjin and Ni, Jingchao and Yu, Wenchao and Chen, Haifeng and Wang, Wei},
  booktitle={International Conference on Machine Learning},
  pages={11458--11468},
  year={2020},
  organization={PMLR}
}
@inproceedings{stable,
  title={Reliable Representations Make A Stronger Defender: Unsupervised Structure Refinement for Robust GNN},
  author={Li, Kuan and Liu, Yang and Ao, Xiang and Chi, Jianfeng and Feng, Jinghua and Yang, Hao and He, Qing},
  booktitle={Proceedings of the 28th ACM SIGKDD Conference on Knowledge Discovery and Data Mining},
  pages={925--935},
  year={2022}
}
@inproceedings{oags,
  title={Towards an optimal asymmetric graph structure for robust semi-supervised node classification},
  author={Song, Zixing and Zhang, Yifei and King, Irwin},
  booktitle={Proceedings of the 28th ACM SIGKDD Conference on Knowledge Discovery and Data Mining},
  pages={1656--1665},
  year={2022}
}

@inproceedings{ptdnet,
  title={Learning to drop: Robust graph neural network via topological denoising},
  author={Luo, Dongsheng and Cheng, Wei and Yu, Wenchao and Zong, Bo and Ni, Jingchao and Chen, Haifeng and Zhang, Xiang},
  booktitle={Proceedings of the 14th ACM international conference on web search and data mining},
  pages={779--787},
  year={2021}
}
@inproceedings{liu2022local,
  title={Local augmentation for graph neural networks},
  author={Liu, Songtao and Ying, Rex and Dong, Hanze and Li, Lanqing and Xu, Tingyang and Rong, Yu and Zhao, Peilin and Huang, Junzhou and Wu, Dinghao},
  booktitle={International Conference on Machine Learning},
  pages={14054--14072},
  year={2022},
  organization={PMLR}
}
@inproceedings{prognn,
  title={Graph structure learning for robust graph neural networks},
  author={Jin, Wei and Ma, Yao and Liu, Xiaorui and Tang, Xianfeng and Wang, Suhang and Tang, Jiliang},
  booktitle={Proceedings of the 26th ACM SIGKDD international conference on knowledge discovery \& data mining},
  pages={66--74},
  year={2020}
}
@inproceedings{topology_feature1,
  title={It's who you know: graph mining using recursive structural features},
  author={Henderson, Keith and Gallagher, Brian and Li, Lei and Akoglu, Leman and Eliassi-Rad, Tina and Tong, Hanghang and Faloutsos, Christos},
  booktitle={Proceedings of the 17th ACM SIGKDD international conference on Knowledge discovery and data mining},
  pages={663--671},
  year={2011}
}
@article{topology_feature2,
  title={Node Classification in Attributed Multiplex Networks Using Random Walk and Graph Convolutional Networks},
  author={Han, Beibei and Wei, Yingmei and Kang, Lai and Wang, Qingyong and Yang, Yuxuan},
  journal={Frontiers in Physics},
  pages={833},
  year={2022},
  publisher={Frontiers}
}
@article{topology_feature2,
  title={Node Classification in Attributed Multiplex Networks Using Random Walk and Graph Convolutional Networks},
  author={Han, Beibei and Wei, Yingmei and Kang, Lai and Wang, Qingyong and Yang, Yuxuan},
  journal={Frontiers in Physics},
  pages={833},
  year={2022},
  publisher={Frontiers}
}
@article{topology_feature3,
  title={Topological based classification using graph convolutional networks},
  author={Abel, Roy and Benami, Idan and Louzoun, Yoram},
  journal={arXiv preprint arXiv:1911.06892},
  year={2019}
}
@article{han2022node,
  title={Node Classification in Attributed Multiplex Networks Using Random Walk and Graph Convolutional Networks},
  author={Han, Beibei and Wei, Yingmei and Kang, Lai and Wang, Qingyong and Yang, Yuxuan},
  journal={Frontiers in Physics},
  pages={833},
  year={2022},
  publisher={Frontiers}
}
@inproceedings{amazondata2,
  title={Image-based recommendations on styles and substitutes},
  author={McAuley, Julian and Targett, Christopher and Shi, Qinfeng and Van Den Hengel, Anton},
  booktitle={Proceedings of the 38th international ACM SIGIR conference on research and development in information retrieval},
  pages={43--52},
  year={2015}
}
@inproceedings{amazondata1,
  title={Ups and downs: Modeling the visual evolution of fashion trends with one-class collaborative filtering},
  author={He, Ruining and McAuley, Julian},
  booktitle={proceedings of the 25th international conference on world wide web},
  pages={507--517},
  year={2016}
}
@misc{weijinsurvey,
      title={Adversarial Attacks and Defenses on Graphs: A Review, A Tool and Empirical Studies}, 
      author={Wei Jin and Yaxin Li and Han Xu and Yiqi Wang and Shuiwang Ji and Charu Aggarwal and Jiliang Tang},
      year={2020},
      eprint={2003.00653},
      archivePrefix={arXiv},
      primaryClass={cs.LG}
}
@article{GraphDAsurvey,
  title={Data augmentation for deep graph learning: A survey},
  author={Ding, Kaize and Xu, Zhe and Tong, Hanghang and Liu, Huan},
  journal={arXiv preprint arXiv:2202.08235},
  year={2022}
}
@article{GDAsurvey2,
  title={Graph Data Augmentation for Graph Machine Learning: A Survey},
  author={Zhao, Tong and Liu, Gang and G{\"u}nnemann, Stephan and Jiang, Meng},
  journal={arXiv preprint arXiv:2202.08871},
  year={2022}
}
@article{slaps,
  title={SLAPS: Self-supervision improves structure learning for graph neural networks},
  author={Fatemi, Bahare and El Asri, Layla and Kazemi, Seyed Mehran},
  journal={Advances in Neural Information Processing Systems},
  volume={34},
  pages={22667--22681},
  year={2021}
}
@article{rsgnn,
  title={Towards Robust Graph Neural Networks for Noisy Graphs with Sparse Labels},
  author={Dai, Enyan and Jin, Wei and Liu, Hui and Wang, Suhang},
  journal={WSDM},
  year={2022}
}
@inproceedings{gen,
  title={Graph structure estimation neural networks},
  author={Wang, Ruijia and Mou, Shuai and Wang, Xiao and Xiao, Wanpeng and Ju, Qi and Shi, Chuan and Xie, Xing},
  booktitle={Proceedings of the Web Conference 2021},
  pages={342--353},
  year={2021}
}
@inproceedings{cogsl,
  title={Compact Graph Structure Learning via Mutual Information Compression},
  author={Liu, Nian and Wang, Xiao and Wu, Lingfei and Chen, Yu and Guo, Xiaojie and Shi, Chuan},
  booktitle={Proceedings of the ACM Web Conference 2022},
  pages={1601--1610},
  year={2022}
}
@article{idgl,
  title={Iterative deep graph learning for graph neural networks: Better and robust node embeddings},
  author={Chen, Yu and Wu, Lingfei and Zaki, Mohammed},
  journal={Advances in neural information processing systems},
  volume={33},
  pages={19314--19326},
  year={2020}
}
@misc{beyondhom,
  doi = {10.48550/ARXIV.2006.11468},
  
  url = {https://arxiv.org/abs/2006.11468},
  
  author = {Zhu, Jiong and Yan, Yujun and Zhao, Lingxiao and Heimann, Mark and Akoglu, Leman and Koutra, Danai},
  
  keywords = {Machine Learning (cs.LG), Machine Learning (stat.ML), FOS: Computer and information sciences, FOS: Computer and information sciences},
  
  title = {Beyond Homophily in Graph Neural Networks: Current Limitations and Effective Designs},
  
  publisher = {arXiv},
  
  year = {2020},
  
  copyright = {arXiv.org perpetual, non-exclusive license}
}



@article{pgd,
  doi = {10.48550/ARXIV.1906.04214},
  
  url = {https://arxiv.org/abs/1906.04214},
  
  author = {Xu, Kaidi and Chen, Hongge and Liu, Sijia and Chen, Pin-Yu and Weng, Tsui-Wei and Hong, Mingyi and Lin, Xue},
  
  keywords = {Machine Learning (cs.LG), Cryptography and Security (cs.CR), Social and Information Networks (cs.SI), Machine Learning (stat.ML), FOS: Computer and information sciences, FOS: Computer and information sciences},
  
  title = {Topology Attack and Defense for Graph Neural Networks: An Optimization Perspective},
  
  publisher = {arXiv},
  
  year = {2019},
  
  copyright = {arXiv.org perpetual, non-exclusive license}
}

@inproceedings{metatail2vec,
  title={Towards locality-aware meta-learning of tail node embeddings on networks},
  author={Liu, Zemin and Zhang, Wentao and Fang, Yuan and Zhang, Xinming and Hoi, Steven CH},
  booktitle={Proceedings of the 29th ACM International Conference on Information \& Knowledge Management},
  pages={975--984},
  year={2020}
}

@inproceedings{tailgnn,
  title={Tail-gnn: Tail-node graph neural networks},
  author={Liu, Zemin and Nguyen, Trung-Kien and Fang, Yuan},
  booktitle={Proceedings of the 27th ACM SIGKDD Conference on Knowledge Discovery \& Data Mining},
  pages={1109--1119},
  year={2021}
}

@inproceedings{lte4g,
  title={LTE4G: Long-Tail Experts for Graph Neural Networks},
  author={Yun, Sukwon and Kim, Kibum and Yoon, Kanghoon and Park, Chanyoung},
  booktitle={Proceedings of the 31st ACM International Conference on Information \& Knowledge Management},
  pages={2434--2443},
  year={2022}
}
@article{vaswani2017attention,
  title={Attention is all you need},
  author={Vaswani, Ashish and Shazeer, Noam and Parmar, Niki and Uszkoreit, Jakob and Jones, Llion and Gomez, Aidan N and Kaiser, {\L}ukasz and Polosukhin, Illia},
  journal={Advances in neural information processing systems},
  volume={30},
  year={2017}
}
@inproceedings{ngcf,
  title={Neural graph collaborative filtering},
  author={Wang, Xiang and He, Xiangnan and Wang, Meng and Feng, Fuli and Chua, Tat-Seng},
  booktitle={Proceedings of the 42nd international ACM SIGIR conference on Research and development in Information Retrieval},
  pages={165--174},
  year={2019}
}
@article{vgae,
  title={Variational graph auto-encoders},
  author={Kipf, Thomas N and Welling, Max},
  journal={arXiv preprint arXiv:1611.07308},
  year={2016}
}
@article{hetsgg,
  title={Unbiased Heterogeneous Scene Graph Generation with Relation-aware Message Passing Neural Network},
  author={Yoon, Kanghoon and Kim, Kibum and Moon, Jinyoung and Park, Chanyoung},
  journal={arXiv preprint arXiv:2212.00443},
  year={2022}
}
@inproceedings{gcntext,
  title={Graph convolutional networks for text classification},
  author={Yao, Liang and Mao, Chengsheng and Luo, Yuan},
  booktitle={Proceedings of the AAAI conference on artificial intelligence},
  volume={33},
  number={01},
  pages={7370--7377},
  year={2019}
}
@inproceedings{amgcn,
  title={Am-gcn: Adaptive multi-channel graph convolutional networks},
  author={Wang, Xiao and Zhu, Meiqi and Bo, Deyu and Cui, Peng and Shi, Chuan and Pei, Jian},
  booktitle={Proceedings of the 26th ACM SIGKDD International conference on knowledge discovery \& data mining},
  pages={1243--1253},
  year={2020}
}
@article{ugcn,
  title={Universal graph convolutional networks},
  author={Jin, Di and Yu, Zhizhi and Huo, Cuiying and Wang, Rui and Wang, Xiao and He, Dongxiao and Han, Jiawei},
  journal={Advances in Neural Information Processing Systems},
  volume={34},
  pages={10654--10664},
  year={2021}
}
@inproceedings{attack_fin,
  title={Adversarial attacks on machine learning systems for high-frequency trading},
  author={Goldblum, Micah and Schwarzschild, Avi and Patel, Ankit and Goldstein, Tom},
  booktitle={Proceedings of the Second ACM International Conference on AI in Finance},
  pages={1--9},
  year={2021}
}
@inproceedings{common_neighbor,
  title={The link prediction problem for social networks},
  author={Liben-Nowell, David and Kleinberg, Jon},
  booktitle={Proceedings of the twelfth international conference on Information and knowledge management},
  pages={556--559},
  year={2003}
}
@article{adamic_adar,
  title={Friends and neighbors on the web},
  author={Adamic, Lada A and Adar, Eytan},
  journal={Social networks},
  volume={25},
  number={3},
  pages={211--230},
  year={2003},
  publisher={Elsevier}
}
@inproceedings{imb_ratio,
  title={Learning from multiple experts: Self-paced knowledge distillation for long-tailed classification},
  author={Xiang, Liuyu and Ding, Guiguang and Han, Jungong},
  booktitle={Computer Vision--ECCV 2020: 16th European Conference, Glasgow, UK, August 23--28, 2020, Proceedings, Part V 16},
  pages={247--263},
  year={2020},
  organization={Springer}
}
@inproceedings{consm,
  title={Finding Heterophilic Neighbors via Confidence-based Subgraph Matching for Semi-supervised Node Classification},
  author={Choi, Yoonhyuk and Choi, Jiho and Ko, Taewook and Byun, Hyungho and Kim, Chong-Kwon},
  booktitle={Proceedings of the 31st ACM International Conference on Information \& Knowledge Management},
  pages={283--292},
  year={2022}
}
@inproceedings{sdne,
  title={Structural deep network embedding},
  author={Wang, Daixin and Cui, Peng and Zhu, Wenwu},
  booktitle={Proceedings of the 22nd ACM SIGKDD international conference on Knowledge discovery and data mining},
  pages={1225--1234},
  year={2016}
}

@inproceedings{app,
  title={Scalable graph embedding for asymmetric proximity},
  author={Zhou, Chang and Liu, Yuqiong and Liu, Xiaofei and Liu, Zhongyi and Gao, Jun},
  booktitle={Proceedings of the AAAI Conference on Artificial Intelligence},
  volume={31},
  number={1},
  year={2017}
}

@article{asne,
  title={Attributed social network embedding},
  author={Liao, Lizi and He, Xiangnan and Zhang, Hanwang and Chua, Tat-Seng},
  journal={IEEE Transactions on Knowledge and Data Engineering},
  volume={30},
  number={12},
  pages={2257--2270},
  year={2018},
  publisher={IEEE}
}
@article{shchur2018pitfalls,
  title={Pitfalls of graph neural network evaluation},
  author={Shchur, Oleksandr and Mumme, Maximilian and Bojchevski, Aleksandar and G{\"u}nnemann, Stephan},
  journal={arXiv preprint arXiv:1811.05868},
  year={2018}
}
@inproceedings{liu2021elastic,
  title={Elastic graph neural networks},
  author={Liu, Xiaorui and Jin, Wei and Ma, Yao and Li, Yaxin and Liu, Hua and Wang, Yiqi and Yan, Ming and Tang, Jiliang},
  booktitle={International Conference on Machine Learning},
  pages={6837--6849},
  year={2021},
  organization={PMLR}
}
@inproceedings{simpgcn,
  title={Node similarity preserving graph convolutional networks},
  author={Jin, Wei and Derr, Tyler and Wang, Yiqi and Ma, Yao and Liu, Zitao and Tang, Jiliang},
  booktitle={Proceedings of the 14th ACM international conference on web search and data mining},
  pages={148--156},
  year={2021}
}
@inproceedings{lowrank,
  title={All you need is low (rank) defending against adversarial attacks on graphs},
  author={Entezari, Negin and Al-Sayouri, Saba A and Darvishzadeh, Amirali and Papalexakis, Evangelos E},
  booktitle={Proceedings of the 13th International Conference on Web Search and Data Mining},
  pages={169--177},
  year={2020}
}
@article{airgnn,
  title={Graph neural networks with adaptive residual},
  author={Liu, Xiaorui and Ding, Jiayuan and Jin, Wei and Xu, Han and Ma, Yao and Liu, Zitao and Tang, Jiliang},
  journal={Advances in Neural Information Processing Systems},
  volume={34},
  pages={9720--9733},
  year={2021}
}
@article{robustscale,
  title={Robustness of graph neural networks at scale},
  author={Geisler, Simon and Schmidt, Tobias and {\c{S}}irin, Hakan and Z{\"u}gner, Daniel and Bojchevski, Aleksandar and G{\"u}nnemann, Stephan},
  journal={Advances in Neural Information Processing Systems},
  volume={34},
  pages={7637--7649},
  year={2021}
}
@article{chen2021understanding,
  title={Understanding structural vulnerability in graph convolutional networks},
  author={Chen, Liang and Li, Jintang and Peng, Qibiao and Liu, Yang and Zheng, Zibin and Yang, Carl},
  journal={arXiv preprint arXiv:2108.06280},
  year={2021}
}
@inproceedings{flag,
  title={Robust optimization as data augmentation for large-scale graphs},
  author={Kong, Kezhi and Li, Guohao and Ding, Mucong and Wu, Zuxuan and Zhu, Chen and Ghanem, Bernard and Taylor, Gavin and Goldstein, Tom},
  booktitle={Proceedings of the IEEE/CVF Conference on Computer Vision and Pattern Recognition},
  pages={60--69},
  year={2022}
}
@article{afgsm,
  title={Scalable attack on graph data by injecting vicious nodes},
  author={Wang, Jihong and Luo, Minnan and Suya, Fnu and Li, Jundong and Yang, Zijiang and Zheng, Qinghua},
  journal={Data Mining and Knowledge Discovery},
  volume={34},
  pages={1363--1389},
  year={2020},
  publisher={Springer}
}
@article{lei2022evennet,
  title={Evennet: Ignoring odd-hop neighbors improves robustness of graph neural networks},
  author={Lei, Runlin and Wang, Zhen and Li, Yaliang and Ding, Bolin and Wei, Zhewei},
  journal={arXiv preprint arXiv:2205.13892},
  year={2022}
}
@inproceedings{zhu2022does,
  title={How does Heterophily Impact the Robustness of Graph Neural Networks? Theoretical Connections and Practical Implications},
  author={Zhu, Jiong and Jin, Junchen and Loveland, Donald and Schaub, Michael T and Koutra, Danai},
  booktitle={Proceedings of the 28th ACM SIGKDD Conference on Knowledge Discovery and Data Mining},
  pages={2637--2647},
  year={2022}
}
@software{fastnode2vec,
  author       = {Louis Abraham},
  title        = {fastnode2vec},
  year         = 2020,
  publisher    = {Zenodo},
  doi          = {10.5281/zenodo.3902632},
  url          = {https://github.com/louisabraham/fastnode2vec}
}
@inproceedings{zou2021tdgia,
  title={Tdgia: Effective injection attacks on graph neural networks},
  author={Zou, Xu and Zheng, Qinkai and Dong, Yuxiao and Guan, Xinyu and Kharlamov, Evgeny and Lu, Jialiang and Tang, Jie},
  booktitle={Proceedings of the 27th ACM SIGKDD Conference on Knowledge Discovery \& Data Mining},
  pages={2461--2471},
  year={2021}
}
@article{wu2022handling,
  title={Handling distribution shifts on graphs: An invariance perspective},
  author={Wu, Qitian and Zhang, Hengrui and Yan, Junchi and Wipf, David},
  journal={arXiv preprint arXiv:2202.02466},
  year={2022}
}
@article{jin2022empowering,
  title={Empowering graph representation learning with test-time graph transformation},
  author={Jin, Wei and Zhao, Tong and Ding, Jiayuan and Liu, Yozen and Tang, Jiliang and Shah, Neil},
  journal={arXiv preprint arXiv:2210.03561},
  year={2022}
}
@article{gib,
  title={Graph information bottleneck},
  author={Wu, Tailin and Ren, Hongyu and Li, Pan and Leskovec, Jure},
  journal={Advances in Neural Information Processing Systems},
  volume={33},
  pages={20437--20448},
  year={2020}
}
@inproceedings{gilmer2017neural,
  title={Neural message passing for quantum chemistry},
  author={Gilmer, Justin and Schoenholz, Samuel S and Riley, Patrick F and Vinyals, Oriol and Dahl, George E},
  booktitle={International conference on machine learning},
  pages={1263--1272},
  year={2017},
  organization={PMLR}
}
@inproceedings{rtgnn,
  title={Robust Training of Graph Neural Networks via Noise Governance},
  author={Qian, Siyi and Ying, Haochao and Hu, Renjun and Zhou, Jingbo and Chen, Jintai and Chen, Danny Z and Wu, Jian},
  booktitle={Proceedings of the Sixteenth ACM International Conference on Web Search and Data Mining},
  pages={607--615},
  year={2023}
}
@inproceedings{nrgnn,
  title={Nrgnn: Learning a label noise resistant graph neural network on sparsely and noisily labeled graphs},
  author={Dai, Enyan and Aggarwal, Charu and Wang, Suhang},
  booktitle={Proceedings of the 27th ACM SIGKDD Conference on Knowledge Discovery \& Data Mining},
  pages={227--236},
  year={2021}
}
@article{communitysurvey,
  title={A comprehensive survey on graph anomaly detection with deep learning},
  author={Ma, Xiaoxiao and Wu, Jia and Xue, Shan and Yang, Jian and Zhou, Chuan and Sheng, Quan Z and Xiong, Hui and Akoglu, Leman},
  journal={IEEE Transactions on Knowledge and Data Engineering},
  year={2021},
  publisher={IEEE}
}
@article{chen2017supervised,
  title={Supervised community detection with line graph neural networks},
  author={Chen, Zhengdao and Li, Xiang and Bruna, Joan},
  journal={arXiv preprint arXiv:1705.08415},
  year={2017}
}
@article{ma2019flexible,
  title={A flexible generative framework for graph-based semi-supervised learning},
  author={Ma, Jiaqi and Tang, Weijing and Zhu, Ji and Mei, Qiaozhu},
  journal={Advances in Neural Information Processing Systems},
  volume={32},
  year={2019}
}
@article{yao2021instance,
  title={Instance-dependent label-noise learning under a structural causal model},
  author={Yao, Yu and Liu, Tongliang and Gong, Mingming and Han, Bo and Niu, Gang and Zhang, Kun},
  journal={Advances in Neural Information Processing Systems},
  volume={34},
  pages={4409--4420},
  year={2021}
}
@article{vi_review,
  title={Variational inference: A review for statisticians},
  author={Blei, David M and Kucukelbir, Alp and McAuliffe, Jon D},
  journal={Journal of the American statistical Association},
  volume={112},
  number={518},
  pages={859--877},
  year={2017},
  publisher={Taylor \& Francis}
}
@inproceedings{NOSMOG_ICLR,
    title={Learning {MLP}s on Graphs: A Unified View of Effectiveness, Robustness, and Efficiency},
    author={Yijun Tian and Chuxu Zhang and Zhichun Guo and Xiangliang Zhang and Nitesh Chawla},
    booktitle={International Conference on Learning Representations},
    year={2023},
    url={https://openreview.net/forum?id=Cs3r5KLdoj}
}

@article{li2020dividemix,
  title={Dividemix: Learning with noisy labels as semi-supervised learning},
  author={Li, Junnan and Socher, Richard and Hoi, Steven CH},
  journal={arXiv preprint arXiv:2002.07394},
  year={2020}
}
@inproceedings{wang2019symmetric,
  title={Symmetric cross entropy for robust learning with noisy labels},
  author={Wang, Yisen and Ma, Xingjun and Chen, Zaiyi and Luo, Yuan and Yi, Jinfeng and Bailey, James},
  booktitle={Proceedings of the IEEE/CVF international conference on computer vision},
  pages={322--330},
  year={2019}
}
@article{han2018co,
  title={Co-teaching: Robust training of deep neural networks with extremely noisy labels},
  author={Han, Bo and Yao, Quanming and Yu, Xingrui and Niu, Gang and Xu, Miao and Hu, Weihua and Tsang, Ivor and Sugiyama, Masashi},
  journal={Advances in neural information processing systems},
  volume={31},
  year={2018}
}
@inproceedings{yu2019does,
  title={How does disagreement help generalization against label corruption?},
  author={Yu, Xingrui and Han, Bo and Yao, Jiangchao and Niu, Gang and Tsang, Ivor and Sugiyama, Masashi},
  booktitle={International Conference on Machine Learning},
  pages={7164--7173},
  year={2019},
  organization={PMLR}
}
@inproceedings{wu2023decor,
  title={DECOR: Degree-Corrected Social Graph Refinement for Fake News Detection},
  author={Wu, Jiaying and Hooi, Bryan},
  booktitle={Proceedings of the 29th ACM SIGKDD Conference on Knowledge Discovery and Data Mining},
  pages={2582--2593},
  year={2023}
}
@inproceedings{berthon2021confidence,
  title={Confidence scores make instance-dependent label-noise learning possible},
  author={Berthon, Antonin and Han, Bo and Niu, Gang and Liu, Tongliang and Sugiyama, Masashi},
  booktitle={International conference on machine learning},
  pages={825--836},
  year={2021},
  organization={PMLR}
}
@inproceedings{wang2021tackling,
  title={Tackling instance-dependent label noise via a universal probabilistic model},
  author={Wang, Qizhou and Han, Bo and Liu, Tongliang and Niu, Gang and Yang, Jian and Gong, Chen},
  booktitle={Proceedings of the AAAI Conference on Artificial Intelligence},
  volume={35},
  number={11},
  pages={10183--10191},
  year={2021}
}
@inproceedings{inception,
  title={Rethinking the inception architecture for computer vision},
  author={Szegedy, Christian and Vanhoucke, Vincent and Ioffe, Sergey and Shlens, Jon and Wojna, Zbigniew},
  booktitle={Proceedings of the IEEE conference on computer vision and pattern recognition},
  pages={2818--2826},
  year={2016}
}

@inproceedings{lao2022variational,
  title={Variational inference for training graph neural networks in low-data regime through joint structure-label estimation},
  author={Lao, Danning and Yang, Xinyu and Wu, Qitian and Yan, Junchi},
  booktitle={Proceedings of the 28th ACM SIGKDD Conference on Knowledge Discovery and Data Mining},
  pages={824--834},
  year={2022}
}
@article{kingma2013auto,
  title={Auto-encoding variational bayes},
  author={Kingma, Diederik P and Welling, Max},
  journal={arXiv preprint arXiv:1312.6114},
  year={2013}
}
@article{zhao2023graphglow,
  title={GraphGLOW: Universal and Generalizable Structure Learning for Graph Neural Networks},
  author={Zhao, Wentao and Wu, Qitian and Yang, Chenxiao and Yan, Junchi},
  journal={arXiv preprint arXiv:2306.11264},
  year={2023}
}
@inproceedings{early-learning1,
  title={A closer look at memorization in deep networks},
  author={Arpit, Devansh and Jastrz{\k{e}}bski, Stanis{\l}aw and Ballas, Nicolas and Krueger, David and Bengio, Emmanuel and Kanwal, Maxinder S and Maharaj, Tegan and Fischer, Asja and Courville, Aaron and Bengio, Yoshua and others},
  booktitle={International conference on machine learning},
  pages={233--242},
  year={2017},
  organization={PMLR}
}
@inproceedings{iscen2022consistency,
  title={Learning with neighbor consistency for noisy labels},
  author={Iscen, Ahmet and Valmadre, Jack and Arnab, Anurag and Schmid, Cordelia},
  booktitle={Proceedings of the IEEE/CVF Conference on Computer Vision and Pattern Recognition},
  pages={4672--4681},
  year={2022}
}
@article{mcpherson2001birds,
  title={Birds of a feather: Homophily in social networks},
  author={McPherson, Miller and Smith-Lovin, Lynn and Cook, James M},
  journal={Annual review of sociology},
  volume={27},
  number={1},
  pages={415--444},
  year={2001},
  publisher={Annual Reviews 4139 El Camino Way, PO Box 10139, Palo Alto, CA 94303-0139, USA}
}
@article{xia2021uncertain,
  title={Sample selection with uncertainty of losses for learning with noisy labels},
  author={Xia, Xiaobo and Liu, Tongliang and Han, Bo and Gong, Mingming and Yu, Jun and Niu, Gang and Sugiyama, Masashi},
  journal={arXiv preprint arXiv:2106.00445},
  year={2021}
}
@article{gumbel,
  title={Categorical reparameterization with gumbel-softmax},
  author={Jang, Eric and Gu, Shixiang and Poole, Ben},
  journal={arXiv preprint arXiv:1611.01144},
  year={2016}
}
@misc{coraciteseer,
      title={Revisiting Semi-Supervised Learning with Graph Embeddings}, 
      author={Zhilin Yang and William W. Cohen and Ruslan Salakhutdinov},
      year={2016},
      eprint={1603.08861},
      archivePrefix={arXiv},
      primaryClass={cs.LG}
}

@article{elinas2020variational,
  title={Variational inference for graph convolutional networks in the absence of graph data and adversarial settings},
  author={Elinas, Pantelis and Bonilla, Edwin V and Tiao, Louis},
  journal={Advances in Neural Information Processing Systems},
  volume={33},
  pages={18648--18660},
  year={2020}
}

@article{wang2021scgnn,
  title={scGNN is a novel graph neural network framework for single-cell RNA-Seq analyses},
  author={Wang, Juexin and Ma, Anjun and Chang, Yuzhou and Gong, Jianting and Jiang, Yuexu and Qi, Ren and Wang, Cankun and Fu, Hongjun and Ma, Qin and Xu, Dong},
  journal={Nature communications},
  volume={12},
  number={1},
  pages={1882},
  year={2021},
  publisher={Nature Publishing Group UK London}
}

@article{xiong2023scgcl,
  title={scGCL: an imputation method for scRNA-seq data based on graph contrastive learning},
  author={Xiong, Zehao and Luo, Jiawei and Shi, Wanwan and Liu, Ying and Xu, Zhongyuan and Wang, Bo},
  journal={Bioinformatics},
  volume={39},
  number={3},
  pages={btad098},
  year={2023},
  publisher={Oxford University Press}
}

@article{yun2023scFP,
  title={Single-cell RNA-seq data imputation using Feature Propagation},
  author={Yun, Sukwon and Lee, Junseok and Park, Chanyoung},
  journal={arXiv preprint arXiv:2307.10037},
  year={2023}
}

@inproceedings{CP,
  title={Adversarial label-flipping attack and defense for graph neural networks},
  author={Zhang, Mengmei and Hu, Linmei and Shi, Chuan and Wang, Xiao},
  booktitle={2020 IEEE International Conference on Data Mining (ICDM)},
  pages={791--800},
  year={2020},
  organization={IEEE}
}

@article{dgnn,
  title={Learning graph neural networks with noisy labels},
  author={NT, Hoang and Jin, Choong Jun and Murata, Tsuyoshi},
  journal={arXiv preprint arXiv:1905.01591},
  year={2019}
}
@inproceedings{cgnn,
  title={Learning on Graphs under Label Noise},
  author={Yuan, Jingyang and Luo, Xiao and Qin, Yifang and Zhao, Yusheng and Ju, Wei and Zhang, Ming},
  booktitle={ICASSP 2023-2023 IEEE International Conference on Acoustics, Speech and Signal Processing (ICASSP)},
  pages={1--5},
  year={2023},
  organization={IEEE}
}
@inproceedings{
li2022graphde,
title={Graph{DE}: A Generative Framework for Debiased Learning and Out-of-Distribution Detection on Graphs},
author={Zenan Li and Qitian Wu and Fan Nie and Junchi Yan},
booktitle={Advances in Neural Information Processing Systems},
editor={Alice H. Oh and Alekh Agarwal and Danielle Belgrave and Kyunghyun Cho},
year={2022},
url={https://openreview.net/forum?id=mSiPuHIP7t8}
}

@article{zhou2023combating,
  title={Combating bilateral edge noise for robust link prediction},
  author={Zhou, Zhanke and Yao, Jiangchao and Liu, Jiaxu and Guo, Xiawei and Yao, Quanming and He, Li and Wang, Liang and Zheng, Bo and Han, Bo},
  journal={arXiv preprint arXiv:2311.01196},
  year={2023}
}

@article{dropout,
  title={Missing data and technical variability in single-cell RNA-sequencing experiments},
  author={Hicks, Stephanie C and Townes, F William and Teng, Mingxiang and Irizarry, Rafael A},
  journal={Biostatistics},
  volume={19},
  number={4},
  pages={562--578},
  year={2018},
  publisher={Oxford University Press}
}

@article{batcheffect,
  title={Removal of batch effects using distribution-matching residual networks},
  author={Shaham, Uri and Stanton, Kelly P and Zhao, Jun and Li, Huamin and Raddassi, Khadir and Montgomery, Ruth and Kluger, Yuval},
  journal={Bioinformatics},
  volume={33},
  number={16},
  pages={2539--2546},
  year={2017},
  publisher={Oxford University Press}
}
@article{chen2023uncertainty,
  title={Uncertainty-Aware Robust Learning on Noisy Graphs},
  author={Chen, Shuyi and Ding, Kaize and Zhu, Shixiang},
  journal={arXiv preprint arXiv:2306.08210},
  year={2023}
}

@inproceedings{in2023similarity,
  title={Similarity preserving adversarial graph contrastive learning},
  author={In, Yeonjun and Yoon, Kanghoon and Park, Chanyoung},
  booktitle={Proceedings of the 29th ACM SIGKDD Conference on Knowledge Discovery and Data Mining},
  pages={867--878},
  year={2023}
}

@article{in2024self,
  title={Self-Guided Robust Graph Structure Refinement},
  author={In, Yeonjun and Yoon, Kanghoon and Kim, Kibum and Shin, Kijung and Park, Chanyoung},
  journal={arXiv preprint arXiv:2402.11837},
  year={2024}
}
@misc{snapnets,
                    author       = {Jure Leskovec and Andrej Krevl},
                    title        = {{SNAP Datasets}: {Stanford} Large Network Dataset Collection},
                    howpublished = {\url{http://snap.stanford.edu/data}},
                    month        = jun,
                    year         = 2014
                  }

@article{hu2020open,
  title={Open graph benchmark: Datasets for machine learning on graphs},
  author={Hu, Weihua and Fey, Matthias and Zitnik, Marinka and Dong, Yuxiao and Ren, Hongyu and Liu, Bowen and Catasta, Michele and Leskovec, Jure},
  journal={Advances in neural information processing systems},
  volume={33},
  pages={22118--22133},
  year={2020}
}
@article{kim2024revisiting,
  title={Revisiting Fake News Detection: Towards Temporality-aware Evaluation by Leveraging Engagement Earliness},
  author={Kim, Junghoon and Lee, Junmo and In, Yeonjun and Yoon, Kanghoon and Park, Chanyoung},
  journal={arXiv preprint arXiv:2411.12775},
  year={2024}
}
@inproceedings{kim2023class,
  title={Class label-aware graph anomaly detection},
  author={Kim, Junghoon and In, Yeonjun and Yoon, Kanghoon and Lee, Junmo and Park, Chanyoung},
  booktitle={Proceedings of the 32nd ACM International Conference on Information and Knowledge Management},
  pages={4008--4012},
  year={2023}
}