
% Journals

% First the Full Name is given, then the abbreviation used in the AMS Math
% Reviews, with an indication if it could not be found there.
% Note the 2nd overwrites the 1st, so swap them if you want the full name.

 %{AMS}
 @String{AMSTrans = "American Mathematical Society Translations" }
 @String{AMSTrans = "Amer. Math. Soc. Transl." }
 @String{BullAMS = "Bulletin of the American Mathematical Society" }
 @String{BullAMS = "Bull. Amer. Math. Soc." }
 @String{ProcAMS = "Proceedings of the American Mathematical Society" }
 @String{ProcAMS = "Proc. Amer. Math. Soc." }
 @String{TransAMS = "Transactions of the American Mathematical Society" }
 @String{TransAMS = "Trans. Amer. Math. Soc." }

 %ACM
 @String{CACM = "Communications of the {ACM}" }
 @String{CACM = "Commun. {ACM}" }
 @String{CompServ = "Comput. Surveys" }
 @String{JACM = "J. ACM" }
 @String{ACMMathSoft = "{ACM} Transactions on Mathematical Software" }
 @String{ACMMathSoft = "{ACM} Trans. Math. Software" }
 @String{SIGNUM = "{ACM} {SIGNUM} Newsletter" }
 @String{SIGNUM = "{ACM} {SIGNUM} Newslett." }

 @String{AmerSocio = "American Journal of Sociology" }
 @String{AmerStatAssoc = "Journal of the American Statistical Association" }
 @String{AmerStatAssoc = "J. Amer. Statist. Assoc." }
 @String{ApplMathComp = "Applied Mathematics and Computation" }
 @String{ApplMathComp = "Appl. Math. Comput." }
 @String{AmerMathMonthly = "American Mathematical Monthly" }
 @String{AmerMathMonthly = "Amer. Math. Monthly" }
 @String{BIT = "{BIT}" }
 @String{BritStatPsych = "British Journal of Mathematical and Statistical
          Psychology" }
 @String{BritStatPsych = "Brit. J. Math. Statist. Psych." }
 @String{CanMathBull = "Canadian Mathematical Bulletin" }
 @String{CanMathBull = "Canad. Math. Bull." }
 @String{CompApplMath = "Journal of Computational and Applied Mathematics" }
 @String{CompApplMath = "J. Comput. Appl. Math." }
 @String{CompPhys = "Journal of Computational Physics" }
 @String{CompPhys = "J. Comput. Phys." }
 @String{CompStruct = "Computers and Structures" }
 @String{CompStruct = "Comput. \& Structures" }
 @String{CompJour = "The Computer Journal" }
 @String{CompJour = "Comput. J." }
 @String{CompSysSci = "Journal of Computer and System Sciences" }
 @String{CompSysSci = "J. Comput. System Sci." }
 @String{Computing = "Computing" }
 @String{ContempMath = "Contemporary Mathematics" }
 @String{ContempMath = "Contemp. Math." }
 @String{Crelle = "Crelle's Journal" }
 @String{GiornaleMath = "Giornale di Mathematiche" }
 @String{GiornaleMath = "Giorn. Mat." } % didn't find in AMS MR., ibid.

 %IEEE
 @String{Computer = "{IEEE} Computer" }
 @String{IEEETransComp = "{IEEE} Transactions on Computers" }
 @String{IEEETransComp = "{IEEE} Trans. Comput." }
 @String{IEEETransAC = "{IEEE} Transactions on Automatic Control" }
 @String{IEEETransAC = "{IEEE} Trans. Automat. Control" }
 @String{IEEESpec = "{IEEE} Spectrum" } % didn't find in AMS MR
 @String{ProcIEEE = "Proceedings of the {IEEE}" }
 @String{ProcIEEE = "Proc. {IEEE}" } % didn't find in AMS MR
 @String{IEEETransAeroElec = "{IEEE} Transactions on Aerospace and Electronic
     Systems" }
 @String{IEEETransAeroElec = "{IEEE} Trans. Aerospace Electron. Systems" }

 @String{IMANumerAna = "{IMA} Journal of Numerical Analysis" }
 @String{IMANumerAna = "{IMA} J. Numer. Anal." }
 @String{InfProcLet = "Information Processing Letters" }
 @String{InfProcLet = "Inform. Process. Lett." }
 @String{InstMathApp = "Journal of the Institute of Mathematics and
     its Applications" }
 @String{InstMathApp = "J. Inst. Math. Appl." }
 @String{IntControl = "International Journal of Control" }
 @String{IntControl = "Internat. J. Control" }
 @String{IntNumerEng = "International Journal for Numerical Methods in
     Engineering" }
 @String{IntNumerEng = "Internat. J. Numer. Methods Engrg." }
 @String{IntSuper = "International Journal of Supercomputing Applications" }
 @String{IntSuper = "Internat. J. Supercomputing Applic." } % didn't find
%% in AMS MR
 @String{Kibernetika = "Kibernetika" }
 @String{JResNatBurStand = "Journal of Research of the National Bureau
     of Standards" }
 @String{JResNatBurStand = "J. Res. Nat. Bur. Standards" }
 @String{LinAlgApp = "Linear Algebra and its Applications" }
 @String{LinAlgApp = "Linear Algebra Appl." }
 @String{MathAnaAppl = "Journal of Mathematical Analysis and Applications" }
 @String{MathAnaAppl = "J. Math. Anal. Appl." }
 @String{MathAnnalen = "Mathematische Annalen" }
 @String{MathAnnalen = "Math. Ann." }
 @String{MathPhys = "Journal of Mathematical Physics" }
 @String{MathPhys = "J. Math. Phys." }
 @String{MathComp = "Mathematics of Computation" }
 @String{MathComp = "Math. Comp." }
 @String{MathScand = "Mathematica Scandinavica" }
 @String{MathScand = "Math. Scand." }
 @String{TablesAidsComp = "Mathematical Tables and Other Aids to Computation" }
 @String{TablesAidsComp = "Math. Tables Aids Comput." }
 @String{NumerMath = "Numerische Mathematik" }
 @String{NumerMath = "Numer. Math." }
 @String{PacificMath = "Pacific Journal of Mathematics" }
 @String{PacificMath = "Pacific J. Math." }
 @String{ParDistComp = "Journal of Parallel and Distributed Computing" }
 @String{ParDistComp = "J. Parallel and Distrib. Comput." } % didn't find
%% in AMS MR
 @String{ParComputing = "Parallel Computing" }
 @String{ParComputing = "Parallel Comput." }
 @String{PhilMag = "Philosophical Magazine" }
 @String{PhilMag = "Philos. Mag." }
 @String{ProcNAS = "Proceedings of the National Academy of Sciences
                    of the USA" }
 @String{ProcNAS = "Proc. Nat. Acad. Sci. U. S. A." }
 @String{Psychometrika = "Psychometrika" }
 @String{QuartMath = "Quarterly Journal of Mathematics, Oxford, Series (2)" }
 @String{QuartMath = "Quart. J. Math. Oxford Ser. (2)" }
 @String{QuartApplMath = "Quarterly of Applied Mathematics" }
 @String{QuartApplMath = "Quart. Appl. Math." }
 @String{RevueInstStat = "Review of the International Statisical Institute" }
 @String{RevueInstStat = "Rev. Inst. Internat. Statist." }

 %SIAM
 @String{JSIAM = "Journal of the Society for Industrial and Applied
     Mathematics" }
 @String{JSIAM = "J. Soc. Indust. Appl. Math." }
 @String{JSIAMB = "Journal of the Society for Industrial and Applied
     Mathematics, Series B, Numerical Analysis" }
 @String{JSIAMB = "J. Soc. Indust. Appl. Math. Ser. B Numer. Anal." }
 @String{SIAMAlgMeth = "{SIAM} Journal on Algebraic and Discrete Methods" }
 @String{SIAMAlgMeth = "{SIAM} J. Algebraic Discrete Methods" }
 @String{SIAMAppMath = "{SIAM} Journal on Applied Mathematics" }
 @String{SIAMAppMath = "{SIAM} J. Appl. Math." }
 @String{SIAMComp = "{SIAM} Journal on Computing" }
 @String{SIAMComp = "{SIAM} J. Comput." }
 @String{SIAMMatrix = "{SIAM} Journal on Matrix Analysis and Applications" }
 @String{SIAMMatrix = "{SIAM} J. Matrix Anal. Appl." }
 @String{SIAMNumAnal = "{SIAM} Journal on Numerical Analysis" }
 @String{SIAMNumAnal = "{SIAM} J. Numer. Anal." }
 @String{SIAMReview = "{SIAM} Review" }
 @String{SIAMReview = "{SIAM} Rev." }
 @String{SIAMSciStat = "{SIAM} Journal on Scientific and Statistical
     Computing" }
 @String{SIAMSciStat = "{SIAM} J. Sci. Statist. Comput." }

 @String{SoftPracExp = "Software Practice and Experience" }
 @String{SoftPracExp = "Software Prac. Experience" } % didn't find in AMS MR
 @String{StatScience = "Statistical Science" }
 @String{StatScience = "Statist. Sci." }
 @String{Techno = "Technometrics" }
 @String{USSRCompMathPhys = "{USSR} Computational Mathematics and Mathematical
     Physics" }
 @String{USSRCompMathPhys = "{U. S. S. R.} Comput. Math. and Math. Phys." }
 @String{VLSICompSys = "Journal of {VLSI} and Computer Systems" }
 @String{VLSICompSys = "J. {VLSI} Comput. Syst." }
 @String{ZAngewMathMech = "Zeitschrift fur Angewandte Mathematik und
     Mechanik" }
 @String{ZAngewMathMech = "Z. Angew. Math. Mech." }
 @String{ZAngewMathPhys = "Zeitschrift fur Angewandte Mathematik und Physik" }
 @String{ZAngewMathPhys = "Z. Angew. Math. Phys." }

% Publishers % ================================================= |

 @String{Academic = "Academic Press" }
 @String{ACMPress = "{ACM} Press" }
 @String{AdamHilger = "Adam Hilger" }
 @String{AddisonWesley = "Addison-Wesley" }
 @String{AllynBacon = "Allyn and Bacon" }
 @String{AMS = "American Mathematical Society" }
 @String{Birkhauser = "Birkha{\"u}ser" }
 @String{CambridgePress = "Cambridge University Press" }
 @String{Chelsea = "Chelsea" }
 @String{ClaredonPress = "Claredon Press" }
 @String{DoverPub = "Dover Publications" }
 @String{Eyolles = "Eyolles" }
 @String{HoltRinehartWinston = "Holt, Rinehart and Winston" }
 @String{Interscience = "Interscience" }
 @String{JohnsHopkinsPress = "The Johns Hopkins University Press" }
 @String{JohnWileySons = "John Wiley and Sons" }
 @String{Macmillan = "Macmillan" }
 @String{MathWorks = "The Math Works Inc." }
 @String{McGrawHill = "McGraw-Hill" }
 @String{NatBurStd = "National Bureau of Standards" }
 @String{NorthHolland = "North-Holland" }
 @String{OxfordPress = "Oxford University Press" }  %address Oxford or London?
 @String{PergamonPress = "Pergamon Press" }
 @String{PlenumPress = "Plenum Press" }
 @String{PrenticeHall = "Prentice-Hall" }
 @String{SIAMPub = "{SIAM} Publications" }
 @String{Springer = "Springer-Verlag" }
 @String{TexasPress = "University of Texas Press" }
 @String{VanNostrand = "Van Nostrand" }
 @String{WHFreeman = "W. H. Freeman and Co." }

%Entries

@inproceedings{cav97,
author = {Y. S. Ramakrishna and  others},
title = {Efficient Model Checking Using Tabled Resolution},
booktitle = {Ninth International Conference on Computer-Aided Verification ({CAV})},
series = {Lecture Notes in Computer Science},
volume = {1254},
publisher = {Springer},
pages = {143--154},
year = {1997}
}


@inproceedings{DBLP:conf/icse/DwyerAC99,
  author       = {Matthew B. Dwyer and
                  George S. Avrunin and
                  James C. Corbett},
  editor       = {Barry W. Boehm and
                  David Garlan and
                  Jeff Kramer},
  title        = {Patterns in Property Specifications for Finite-State Verification},
  booktitle    = {Proceedings of the 1999 International Conference on Software Engineering,
                  ICSE' 99, Los Angeles, CA, USA, May 16-22, 1999},
  pages        = {411--420},
  publisher    = {{ACM}},
  year         = {1999},
  url          = {https://doi.org/10.1145/302405.302672},
  doi          = {10.1145/302405.302672},
  timestamp    = {Tue, 29 Dec 2020 18:35:13 +0100},
  biburl       = {https://dblp.org/rec/conf/icse/DwyerAC99.bib},
  bibsource    = {dblp computer science bibliography, https://dblp.org}
}

@inproceedings{MajumdarPLDI,
author = {T Ball and R Majumdar and T Millstein and SK Rajamani},
title = {Automatic predicate abstraction of C programs},
booktitle = { ACM SIGPLAN conference on Programming language design and implementation (PLDI)},
year = {2001}
}

@article{gottlob2000linear,
  title={Linear time Datalog and branching time logic},
  author={Gottlob, Georg and Gr{\"a}del, Erich and Veith, Helmut},
  journal={Logic-Based Artificial Intelligence},
  pages={443--467},
  year={2000},
  publisher={Springer}
}

@inproceedings{DBLP:conf/sas/UrbanU018,
  author       = {Caterina Urban and
                  Samuel Ueltschi and
                  Peter M{\"{u}}ller},
  editor       = {Andreas Podelski},
  title        = {Abstract Interpretation of {CTL} Properties},
  booktitle    = {Static Analysis - 25th International Symposium, {SAS} 2018, Freiburg,
                  Germany, August 29-31, 2018, Proceedings},
  series       = {Lecture Notes in Computer Science},
  volume       = {11002},
  pages        = {402--422},
  publisher    = {Springer},
  year         = {2018},
  url          = {https://doi.org/10.1007/978-3-319-99725-4\_24},
  doi          = {10.1007/978-3-319-99725-4\_24},
  timestamp    = {Mon, 28 Aug 2023 21:17:53 +0200},
  biburl       = {https://dblp.org/rec/conf/sas/UrbanU018.bib},
  bibsource    = {dblp computer science bibliography, https://dblp.org}
}



@article{DBLP:journals/pacmpl/Bembenek0C20,
  author       = {Aaron Bembenek and
                  Michael Greenberg and
                  Stephen Chong},
  title        = {Formulog: Datalog for SMT-based static analysis},
  journal      = {Proc. {ACM} Program. Lang.},
  volume       = {4},
  number       = {{OOPSLA}},
  pages        = {141:1--141:31},
  year         = {2020},
  url          = {https://doi.org/10.1145/3428209},
  doi          = {10.1145/3428209},
  timestamp    = {Tue, 21 Mar 2023 21:13:49 +0100},
  biburl       = {https://dblp.org/rec/journals/pacmpl/Bembenek0C20.bib},
  bibsource    = {dblp computer science bibliography, https://dblp.org}
}


@inproceedings{DBLP:conf/sigsoft/XieCZLLL17,
  author       = {Xiaofei Xie and
                  Bihuan Chen and
                  Liang Zou and
                  Shang{-}Wei Lin and
                  Yang Liu and
                  Xiaohong Li},
  editor       = {Eric Bodden and
                  Wilhelm Sch{\"{a}}fer and
                  Arie van Deursen and
                  Andrea Zisman},
  title        = {Loopster: static loop termination analysis},
  booktitle    = {Proceedings of the 2017 11th Joint Meeting on Foundations of Software
                  Engineering, {ESEC/FSE} 2017, Paderborn, Germany, September 4-8, 2017},
  pages        = {84--94},
  publisher    = {{ACM}},
  year         = {2017},
  url          = {https://doi.org/10.1145/3106237.3106260},
  doi          = {10.1145/3106237.3106260},
  timestamp    = {Mon, 26 Jun 2023 20:41:53 +0200},
  biburl       = {https://dblp.org/rec/conf/sigsoft/XieCZLLL17.bib},
  bibsource    = {dblp computer science bibliography, https://dblp.org}
}



@inproceedings{DBLP:conf/tacas/TsitovichSWK11,
  author       = {Aliaksei Tsitovich and
                  Natasha Sharygina and
                  Christoph M. Wintersteiger and
                  Daniel Kroening},
  editor       = {Parosh Aziz Abdulla and
                  K. Rustan M. Leino},
  title        = {Loop Summarization and Termination Analysis},
  booktitle    = {Tools and Algorithms for the Construction and Analysis of Systems
                  - 17th International Conference, {TACAS} 2011, Held as Part of the
                  Joint European Conferences on Theory and Practice of Software, {ETAPS}
                  2011, Saarbr{\"{u}}cken, Germany, March 26-April 3, 2011. Proceedings},
  series       = {Lecture Notes in Computer Science},
  volume       = {6605},
  pages        = {81--95},
  publisher    = {Springer},
  year         = {2011},
  url          = {https://doi.org/10.1007/978-3-642-19835-9\_9},
  doi          = {10.1007/978-3-642-19835-9\_9},
  timestamp    = {Fri, 27 Mar 2020 08:54:14 +0100},
  biburl       = {https://dblp.org/rec/conf/tacas/TsitovichSWK11.bib},
  bibsource    = {dblp computer science bibliography, https://dblp.org}
}


@inproceedings{DBLP:conf/fmcad/CookKP14,
  author       = {Byron Cook and
                  Heidy Khlaaf and
                  Nir Piterman},
  title        = {Faster temporal reasoning for infinite-state programs},
  booktitle    = {Formal Methods in Computer-Aided Design, {FMCAD} 2014, Lausanne, Switzerland,
                  October 21-24, 2014},
  pages        = {75--82},
  publisher    = {{IEEE}},
  year         = {2014},
  url          = {https://doi.org/10.1109/FMCAD.2014.6987598},
  doi          = {10.1109/FMCAD.2014.6987598},
  timestamp    = {Wed, 16 Oct 2019 14:14:56 +0200},
  biburl       = {https://dblp.org/rec/conf/fmcad/CookKP14.bib},
  bibsource    = {dblp computer science bibliography, https://dblp.org}
}


@inproceedings{DBLP:conf/csl/Gradel91,
  author       = {Erich Gr{\"{a}}del},
  editor       = {Egon B{\"{o}}rger and
                  Gerhard J{\"{a}}ger and
                  Hans Kleine B{\"{u}}ning and
                  Michael M. Richter},
  title        = {On Transitive Closure Logic},
  booktitle    = {Computer Science Logic, 5th Workshop, {CSL} '91, Berne, Switzerland,
                  October 7-11, 1991, Proceedings},
  series       = {Lecture Notes in Computer Science},
  volume       = {626},
  pages        = {149--163},
  publisher    = {Springer},
  year         = {1991},
  url          = {https://doi.org/10.1007/BFb0023764},
  doi          = {10.1007/BFB0023764},
  timestamp    = {Fri, 17 Jul 2020 16:12:45 +0200},
  biburl       = {https://dblp.org/rec/conf/csl/Gradel91.bib},
  bibsource    = {dblp computer science bibliography, https://dblp.org}
}

@article{DBLP:journals/tcs/ConsensM93,
  author       = {Mariano P. Consens and
                  Alberto O. Mendelzon},
  title        = {Low Complexity Aggregation in GraphLog and Datalog},
  journal      = {Theor. Comput. Sci.},
  volume       = {116},
  number       = {1},
  pages        = {95--116},
  year         = {1993},
  url          = {https://doi.org/10.1016/0304-3975(93)90221-E},
  doi          = {10.1016/0304-3975(93)90221-E},
  timestamp    = {Sun, 02 Oct 2022 15:50:30 +0200},
  biburl       = {https://dblp.org/rec/journals/tcs/ConsensM93.bib},
  bibsource    = {dblp computer science bibliography, https://dblp.org}
}

@inproceedings{DBLP:conf/cav/ImmermanV97,
  author       = {Neil Immerman and
                  Moshe Y. Vardi},
  editor       = {Orna Grumberg},
  title        = {Model Checking and Transitive-Closure Logic},
  booktitle    = {Computer Aided Verification, 9th International Conference, {CAV} '97,
                  Haifa, Israel, June 22-25, 1997, Proceedings},
  series       = {Lecture Notes in Computer Science},
  volume       = {1254},
  pages        = {291--302},
  publisher    = {Springer},
  year         = {1997},
  url          = {https://doi.org/10.1007/3-540-63166-6\_29},
  doi          = {10.1007/3-540-63166-6\_29},
  timestamp    = {Tue, 14 May 2019 10:00:43 +0200},
  biburl       = {https://dblp.org/rec/conf/cav/ImmermanV97.bib},
  bibsource    = {dblp computer science bibliography, https://dblp.org}
}


@inproceedings{DBLP:conf/popl/GuptaHMRX08,
  author       = {Ashutosh Gupta and
                  Thomas A. Henzinger and
                  Rupak Majumdar and
                  Andrey Rybalchenko and
                  Ru{-}Gang Xu},
  editor       = {George C. Necula and
                  Philip Wadler},
  title        = {Proving non-termination},
  booktitle    = {Proceedings of the 35th {ACM} {SIGPLAN-SIGACT} Symposium on Principles
                  of Programming Languages, {POPL} 2008, San Francisco, California,
                  USA, January 7-12, 2008},
  pages        = {147--158},
  publisher    = {{ACM}},
  year         = {2008},
  url          = {https://doi.org/10.1145/1328438.1328459},
  doi          = {10.1145/1328438.1328459},
  timestamp    = {Fri, 25 Jun 2021 14:48:54 +0200},
  biburl       = {https://dblp.org/rec/conf/popl/GuptaHMRX08.bib},
  bibsource    = {dblp computer science bibliography, https://dblp.org}
}

@inproceedings{DBLP:conf/cav/GurfinkelWC06,
  author       = {Arie Gurfinkel and
                  Ou Wei and
                  Marsha Chechik},
  editor       = {Thomas Ball and
                  Robert B. Jones},
  title        = {Yasm: {A} Software Model-Checker for Verification and Refutation},
  booktitle    = {Computer Aided Verification, 18th International Conference, {CAV}
                  2006, Seattle, WA, USA, August 17-20, 2006, Proceedings},
  series       = {Lecture Notes in Computer Science},
  volume       = {4144},
  pages        = {170--174},
  publisher    = {Springer},
  year         = {2006},
  url          = {https://doi.org/10.1007/11817963\_18},
  doi          = {10.1007/11817963\_18},
  timestamp    = {Mon, 03 Jan 2022 22:13:44 +0100},
  biburl       = {https://dblp.org/rec/conf/cav/GurfinkelWC06.bib},
  bibsource    = {dblp computer science bibliography, https://dblp.org}
}

@inproceedings{DBLP:conf/cav/Ben-AmramG17,
  author       = {Amir M. Ben{-}Amram and
                  Samir Genaim},
  editor       = {Rupak Majumdar and
                  Viktor Kuncak},
  title        = {On Multiphase-Linear Ranking Functions},
  booktitle    = {Computer Aided Verification - 29th International Conference, {CAV}
                  2017, Heidelberg, Germany, July 24-28, 2017, Proceedings, Part {II}},
  series       = {Lecture Notes in Computer Science},
  volume       = {10427},
  pages        = {601--620},
  publisher    = {Springer},
  year         = {2017},
  url          = {https://doi.org/10.1007/978-3-319-63390-9\_32},
  doi          = {10.1007/978-3-319-63390-9\_32},
  timestamp    = {Mon, 03 Jan 2022 22:13:45 +0100},
  biburl       = {https://dblp.org/rec/conf/cav/Ben-AmramG17.bib},
  bibsource    = {dblp computer science bibliography, https://dblp.org}
}

@inproceedings{DBLP:conf/tacas/BorrallerasBLOR17,
  author       = {Cristina Borralleras and
                  Marc Brockschmidt and
                  Daniel Larraz and
                  Albert Oliveras and
                  Enric Rodr{\'{\i}}guez{-}Carbonell and
                  Albert Rubio},
  editor       = {Axel Legay and
                  Tiziana Margaria},
  title        = {Proving Termination Through Conditional Termination},
  booktitle    = {Tools and Algorithms for the Construction and Analysis of Systems
                  - 23rd International Conference, {TACAS} 2017, Held as Part of the
                  European Joint Conferences on Theory and Practice of Software, {ETAPS}
                  2017, Uppsala, Sweden, April 22-29, 2017, Proceedings, Part {I}},
  series       = {Lecture Notes in Computer Science},
  volume       = {10205},
  pages        = {99--117},
  year         = {2017},
  url          = {https://doi.org/10.1007/978-3-662-54577-5\_6},
  doi          = {10.1007/978-3-662-54577-5\_6},
  timestamp    = {Mon, 03 Jan 2022 22:27:12 +0100},
  biburl       = {https://dblp.org/rec/conf/tacas/BorrallerasBLOR17.bib},
  bibsource    = {dblp computer science bibliography, https://dblp.org}
}

@inproceedings{DBLP:conf/pldi/CookPR06,
  author       = {Byron Cook and
                  Andreas Podelski and
                  Andrey Rybalchenko},
  editor       = {Michael I. Schwartzbach and
                  Thomas Ball},
  title        = {Termination proofs for systems code},
  booktitle    = {Proceedings of the {ACM} {SIGPLAN} 2006 Conference on Programming
                  Language Design and Implementation, Ottawa, Ontario, Canada, June
                  11-14, 2006},
  pages        = {415--426},
  publisher    = {{ACM}},
  year         = {2006},
  url          = {https://doi.org/10.1145/1133981.1134029},
  doi          = {10.1145/1133981.1134029},
  timestamp    = {Fri, 25 Jun 2021 14:48:54 +0200},
  biburl       = {https://dblp.org/rec/conf/pldi/CookPR06.bib},
  bibsource    = {dblp computer science bibliography, https://dblp.org}
}

@inproceedings{DBLP:conf/tacas/ColonS01,
  author       = {Michael Col{\'{o}}n and
                  Henny Sipma},
  editor       = {Tiziana Margaria and
                  Wang Yi},
  title        = {Synthesis of Linear Ranking Functions},
  booktitle    = {Tools and Algorithms for the Construction and Analysis of Systems,
                  7th International Conference, {TACAS} 2001 Held as Part of the Joint
                  European Conferences on Theory and Practice of Software, {ETAPS} 2001
                  Genova, Italy, April 2-6, 2001, Proceedings},
  series       = {Lecture Notes in Computer Science},
  volume       = {2031},
  pages        = {67--81},
  publisher    = {Springer},
  year         = {2001},
  url          = {https://doi.org/10.1007/3-540-45319-9\_6},
  doi          = {10.1007/3-540-45319-9\_6},
  timestamp    = {Tue, 14 May 2019 10:00:53 +0200},
  biburl       = {https://dblp.org/rec/conf/tacas/ColonS01.bib},
  bibsource    = {dblp computer science bibliography, https://dblp.org}
}

@inproceedings{DBLP:conf/sigsoft/LiLLSTZ20,
  author       = {Xie Li and
                  Yi Li and
                  Yong Li and
                  Xuechao Sun and
                  Andrea Turrini and
                  Lijun Zhang},
  editor       = {Prem Devanbu and
                  Myra B. Cohen and
                  Thomas Zimmermann},
  title        = {SVMRanker: a general termination analysis framework of loop programs
                  via {SVM}},
  booktitle    = {{ESEC/FSE} '20: 28th {ACM} Joint European Software Engineering Conference
                  and Symposium on the Foundations of Software Engineering, Virtual
                  Event, USA, November 8-13, 2020},
  pages        = {1635--1639},
  publisher    = {{ACM}},
  year         = {2020},
  url          = {https://doi.org/10.1145/3368089.3417930},
  doi          = {10.1145/3368089.3417930},
  timestamp    = {Thu, 13 Jan 2022 08:44:14 +0100},
  biburl       = {https://dblp.org/rec/conf/sigsoft/LiLLSTZ20.bib},
  bibsource    = {dblp computer science bibliography, https://dblp.org}
}



@inproceedings{DBLP:conf/lics/ClarkeJLV02,
  author       = {Edmund M. Clarke and
                  Somesh Jha and
                  Yuan Lu and
                  Helmut Veith},
  title        = {Tree-Like Counterexamples in Model Checking},
  booktitle    = {17th {IEEE} Symposium on Logic in Computer Science {(LICS} 2002),
                  22-25 July 2002, Copenhagen, Denmark, Proceedings},
  pages        = {19--29},
  publisher    = {{IEEE} Computer Society},
  year         = {2002},
  url          = {https://doi.org/10.1109/LICS.2002.1029814},
  doi          = {10.1109/LICS.2002.1029814},
  timestamp    = {Fri, 24 Mar 2023 00:01:49 +0100},
  biburl       = {https://dblp.org/rec/conf/lics/ClarkeJLV02.bib},
  bibsource    = {dblp computer science bibliography, https://dblp.org}
}

@article{kupferman2000automata,
  title={An automata-theoretic approach to branching-time model checking},
  author={Kupferman, Orna and Vardi, Moshe Y and Wolper, Pierre},
  journal={Journal of the ACM (JACM)},
  volume={47},
  number={2},
  pages={312--360},
  year={2000},
  publisher={ACM New York, NY, USA}
}


@article{alur1994theory,
  title={A theory of timed automata},
  author={Alur, Rajeev and Dill, David L},
  journal={Theoretical computer science},
  volume={126},
  number={2},
  pages={183--235},
  year={1994},
  publisher={Elsevier}
}

@inproceedings{DBLP:conf/cav/EmersonN96,
  author       = {E. Allen Emerson and
                  Kedar S. Namjoshi},
  editor       = {Rajeev Alur and
                  Thomas A. Henzinger},
  title        = {Automatic Verification of Parameterized Synchronous Systems (Extended
                  Abstract)},
  booktitle    = {Computer Aided Verification, 8th International Conference, {CAV} '96,
                  New Brunswick, NJ, USA, July 31 - August 3, 1996, Proceedings},
  series       = {Lecture Notes in Computer Science},
  volume       = {1102},
  pages        = {87--98},
  publisher    = {Springer},
  year         = {1996},
  url          = {https://doi.org/10.1007/3-540-61474-5\_60},
  doi          = {10.1007/3-540-61474-5\_60},
  timestamp    = {Tue, 14 May 2019 10:00:43 +0200},
  biburl       = {https://dblp.org/rec/conf/cav/EmersonN96.bib},
  bibsource    = {dblp computer science bibliography, https://dblp.org}
}



@article{DBLP:journals/iandc/EsparzaKS03,
  author       = {Javier Esparza and
                  Anton{\'{\i}}n Kucera and
                  Stefan Schwoon},
  title        = {Model checking {LTL} with regular valuations for pushdown systems},
  journal      = {Inf. Comput.},
  volume       = {186},
  number       = {2},
  pages        = {355--376},
  year         = {2003},
  url          = {https://doi.org/10.1016/S0890-5401(03)00139-1},
  doi          = {10.1016/S0890-5401(03)00139-1},
  timestamp    = {Fri, 09 Apr 2021 18:29:00 +0200},
  biburl       = {https://dblp.org/rec/journals/iandc/EsparzaKS03.bib},
  bibsource    = {dblp computer science bibliography, https://dblp.org}
}



@article{burch1992symbolic,
  title={Symbolic model checking: 1020 states and beyond},
  author={Burch, Jerry R and Clarke, Edmund M and McMillan, Kenneth L and Dill, David L and Hwang, Lain-Jinn},
  journal={Information and computation},
  volume={98},
  number={2},
  pages={142--170},
  year={1992},
  publisher={Elsevier}
}
@article{clarke1986automatic,
  title={Automatic verification of finite-state concurrent systems using temporal logic specifications},
  author={Clarke, Edmund M and Emerson, E Allen and Sistla, A Prasad},
  journal={ACM Transactions on Programming Languages and Systems (TOPLAS)},
  volume={8},
  number={2},
  pages={244--263},
  year={1986},
  publisher={ACM New York, NY, USA}
}

@inproceedings{DBLP:conf/charme/StaberJB05,
  author       = {Stefan Staber and
                  Barbara Jobstmann and
                  Roderick Bloem},
  editor       = {Dominique Borrione and
                  Wolfgang J. Paul},
  title        = {Finding and Fixing Faults},
  booktitle    = {Correct Hardware Design and Verification Methods, 13th {IFIP} {WG}
                  10.5 Advanced Research Working Conference, {CHARME} 2005, Saarbr{\"{u}}cken,
                  Germany, October 3-6, 2005, Proceedings},
  series       = {Lecture Notes in Computer Science},
  volume       = {3725},
  pages        = {35--49},
  publisher    = {Springer},
  year         = {2005},
  url          = {https://doi.org/10.1007/11560548\_6},
  doi          = {10.1007/11560548\_6},
  timestamp    = {Tue, 14 May 2019 10:00:39 +0200},
  biburl       = {https://dblp.org/rec/conf/charme/StaberJB05.bib},
  bibsource    = {dblp computer science bibliography, https://dblp.org}
}


@misc{zenodo_benchmark,
  title  = {Benchmark and Source Code},
  author = {Zenodo},
  year   = {2025},
  url={https://doi.org/10.5281/zenodo.14168748}
}

@misc{svcomp,
  title  = {Competition on Software Verification (SV-COMP)},
  year   = {2025},
  url={https://sv-comp.sosy-lab.org/}
}




@misc{LibVNCClient,
  title  = {LibVNCClient Commit c311535: 
fix possible infinite loop},
  author = {LibVNCClient},
  year   = {2018},
  url={https://github.com/Sugon-Beijing/libvncserver/commit/c3115350eb8bb635d0fdb4dbbb0d0541f38ed19c}
}

@article{DBLP:journals/x/Turing37,
  author       = {Alan M. Turing},
  title        = {On computable numbers, with an application to the Entscheidungsproblem},
  journal      = {Proc. London Math. Soc.},
  volume       = {s2-42},
  number       = {1},
  pages        = {230--265},
  year         = {1937},
  url          = {https://doi.org/10.1112/plms/s2-42.1.230},
  doi          = {10.1112/PLMS/S2-42.1.230},
  urn          = {urn:nbn:de:hbz:6:1-85171},
  timestamp    = {Tue, 16 Aug 2022 23:09:52 +0200},
  biburl       = {https://dblp.org/rec/journals/x/Turing37.bib},
  bibsource    = {dblp computer science bibliography, https://dblp.org}
}

@inproceedings{DBLP:conf/issta/GodefroidL11,
  author       = {Patrice Godefroid and
                  Daniel Luchaup},
  editor       = {Matthew B. Dwyer and
                  Frank Tip},
  title        = {Automatic partial loop summarization in dynamic test generation},
  booktitle    = {Proceedings of the 20th International Symposium on Software Testing
                  and Analysis, {ISSTA} 2011, Toronto, ON, Canada, July 17-21, 2011},
  pages        = {23--33},
  publisher    = {{ACM}},
  year         = {2011},
  url          = {https://doi.org/10.1145/2001420.2001424},
  doi          = {10.1145/2001420.2001424},
  timestamp    = {Tue, 29 Dec 2020 18:31:45 +0100},
  biburl       = {https://dblp.org/rec/conf/issta/GodefroidL11.bib},
  bibsource    = {dblp computer science bibliography, https://dblp.org}
}

@article{DBLP:journals/tse/XieCZLLL19,
  author       = {Xiaofei Xie and
                  Bihuan Chen and
                  Liang Zou and
                  Yang Liu and
                  Wei Le and
                  Xiaohong Li},
  title        = {Automatic Loop Summarization via Path Dependency Analysis},
  journal      = {{IEEE} Trans. Software Eng.},
  volume       = {45},
  number       = {6},
  pages        = {537--557},
  year         = {2019},
  url          = {https://doi.org/10.1109/TSE.2017.2788018},
  doi          = {10.1109/TSE.2017.2788018},
  timestamp    = {Tue, 17 Mar 2020 15:40:44 +0100},
  biburl       = {https://dblp.org/rec/journals/tse/XieCZLLL19.bib},
  bibsource    = {dblp computer science bibliography, https://dblp.org}
}

@article{bradley2005polyranking,
  title={Polyranking for polynomial loops},
  author={Bradley, Aaron R and Manna, Zohar and Sipma, Henny B},
  journal={Automata, Languages and Programming},
  pages={1349--1361},
  year={2005}
}

@inproceedings{DBLP:conf/concur/NeumannO020,
  author       = {Eike Neumann and
                  Jo{\"{e}}l Ouaknine and
                  James Worrell},
  editor       = {Igor Konnov and
                  Laura Kov{\'{a}}cs},
  title        = {On Ranking Function Synthesis and Termination for Polynomial Programs},
  booktitle    = {31st International Conference on Concurrency Theory, {CONCUR} 2020,
                  September 1-4, 2020, Vienna, Austria (Virtual Conference)},
  series       = {LIPIcs},
  volume       = {171},
  pages        = {15:1--15:15},
  publisher    = {Schloss Dagstuhl - Leibniz-Zentrum f{\"{u}}r Informatik},
  year         = {2020},
  url          = {https://doi.org/10.4230/LIPIcs.CONCUR.2020.15},
  doi          = {10.4230/LIPICS.CONCUR.2020.15},
  timestamp    = {Mon, 21 Dec 2020 13:23:22 +0100},
  biburl       = {https://dblp.org/rec/conf/concur/NeumannO020.bib},
  bibsource    = {dblp computer science bibliography, https://dblp.org}
}

@inproceedings{DBLP:conf/vmcai/PodelskiR04,
  author       = {Andreas Podelski and
                  Andrey Rybalchenko},
  editor       = {Bernhard Steffen and
                  Giorgio Levi},
  title        = {A Complete Method for the Synthesis of Linear Ranking Functions},
  booktitle    = {Verification, Model Checking, and Abstract Interpretation, 5th International
                  Conference, {VMCAI} 2004, Venice, Italy, January 11-13, 2004, Proceedings},
  series       = {Lecture Notes in Computer Science},
  volume       = {2937},
  pages        = {239--251},
  publisher    = {Springer},
  year         = {2004},
  url          = {https://doi.org/10.1007/978-3-540-24622-0\_20},
  doi          = {10.1007/978-3-540-24622-0\_20},
  timestamp    = {Tue, 14 May 2019 10:00:43 +0200},
  biburl       = {https://dblp.org/rec/conf/vmcai/PodelskiR04.bib},
  bibsource    = {dblp computer science bibliography, https://dblp.org}
}

@inproceedings{DBLP:conf/popl/CookGPRV07,
  author       = {Byron Cook and
                  Alexey Gotsman and
                  Andreas Podelski and
                  Andrey Rybalchenko and
                  Moshe Y. Vardi},
  editor       = {Martin Hofmann and
                  Matthias Felleisen},
  title        = {Proving that programs eventually do something good},
  booktitle    = {Proceedings of the 34th {ACM} {SIGPLAN-SIGACT} Symposium on Principles
                  of Programming Languages, {POPL} 2007, Nice, France, January 17-19,
                  2007},
  pages        = {265--276},
  publisher    = {{ACM}},
  year         = {2007},
  url          = {https://doi.org/10.1145/1190216.1190257},
  doi          = {10.1145/1190216.1190257},
  timestamp    = {Fri, 25 Jun 2021 14:48:54 +0200},
  biburl       = {https://dblp.org/rec/conf/popl/CookGPRV07.bib},
  bibsource    = {dblp computer science bibliography, https://dblp.org}
}

@inproceedings{DBLP:conf/tacas/CourantU17,
  author       = {Nathana{\"{e}}l Courant and
                  Caterina Urban},
  editor       = {Axel Legay and
                  Tiziana Margaria},
  title        = {Precise Widening Operators for Proving Termination by Abstract Interpretation},
  booktitle    = {Tools and Algorithms for the Construction and Analysis of Systems
                  - 23rd International Conference, {TACAS} 2017, Held as Part of the
                  European Joint Conferences on Theory and Practice of Software, {ETAPS}
                  2017, Uppsala, Sweden, April 22-29, 2017, Proceedings, Part {I}},
  series       = {Lecture Notes in Computer Science},
  volume       = {10205},
  pages        = {136--152},
  year         = {2017},
  url          = {https://doi.org/10.1007/978-3-662-54577-5\_8},
  doi          = {10.1007/978-3-662-54577-5\_8},
  timestamp    = {Tue, 14 May 2019 10:00:53 +0200},
  biburl       = {https://dblp.org/rec/conf/tacas/CourantU17.bib},
  bibsource    = {dblp computer science bibliography, https://dblp.org}
}




@inproceedings{DBLP:conf/icfem/LiS0T019,
  author       = {Yi Li and
                  Xuechao Sun and
                  Yong Li and
                  Andrea Turrini and
                  Lijun Zhang},
  editor       = {Yamine A{\"{\i}}t Ameur and
                  Shengchao Qin},
  title        = {Synthesizing Nested Ranking Functions for Loop Programs via {SVM}},
  booktitle    = {Formal Methods and Software Engineering - 21st International Conference
                  on Formal Engineering Methods, {ICFEM} 2019, Shenzhen, China, November
                  5-9, 2019, Proceedings},
  series       = {Lecture Notes in Computer Science},
  volume       = {11852},
  pages        = {438--454},
  publisher    = {Springer},
  year         = {2019},
  url          = {https://doi.org/10.1007/978-3-030-32409-4\_27},
  doi          = {10.1007/978-3-030-32409-4\_27},
  timestamp    = {Thu, 07 Nov 2019 09:20:30 +0100},
  biburl       = {https://dblp.org/rec/conf/icfem/LiS0T019.bib},
  bibsource    = {dblp computer science bibliography, https://dblp.org}
}


@article{song2024provenfix,
  title={ProveNFix: Temporal Property-Guided Program Repair},
  author={Song, Yahui and Gao, Xiang and Li, Wenhua and Chin, Wei-Ngan and Roychoudhury, Abhik},
  journal={Proceedings of the ACM on Software Engineering},
  volume={1},
  number={FSE},
  pages={226--248},
  year={2024},
  publisher={ACM New York, NY, USA}
}

@inproceedings{DBLP:conf/icse/MengDLBR22,
  author       = {Ruijie Meng and
                  Zhen Dong and
                  Jialin Li and
                  Ivan Beschastnikh and
                  Abhik Roychoudhury},
  title        = {Linear-time Temporal Logic guided Greybox Fuzzing},
  booktitle    = {44th {IEEE/ACM} 44th International Conference on Software Engineering,
                  {ICSE} 2022, Pittsburgh, PA, USA, May 25-27, 2022},
  pages        = {1343--1355},
  publisher    = {{ACM}},
  year         = {2022},
  url          = {https://doi.org/10.1145/3510003.3510082},
  doi          = {10.1145/3510003.3510082},
  timestamp    = {Thu, 22 Dec 2022 17:56:38 +0100},
  biburl       = {https://dblp.org/rec/conf/icse/MengDLBR22.bib},
  bibsource    = {dblp computer science bibliography, https://dblp.org}
}


@inproceedings{antimirov1995partial,
  title={Partial derivatives of regular expressions and finite automata constructions},
  author={Antimirov, Valentin},
  booktitle={Annual Symposium on Theoretical Aspects of Computer Science},
  pages={455--466},
  year={1995},
  organization={Springer}
}


@inproceedings{DBLP:conf/cav/HeizmannHP14,
  author       = {Matthias Heizmann and
                  Jochen Hoenicke and
                  Andreas Podelski},
  editor       = {Armin Biere and
                  Roderick Bloem},
  title        = {Termination Analysis by Learning Terminating Programs},
  booktitle    = {Computer Aided Verification - 26th International Conference, {CAV}
                  2014, Held as Part of the Vienna Summer of Logic, {VSL} 2014, Vienna,
                  Austria, July 18-22, 2014. Proceedings},
  series       = {Lecture Notes in Computer Science},
  volume       = {8559},
  pages        = {797--813},
  publisher    = {Springer},
  year         = {2014},
  url          = {https://doi.org/10.1007/978-3-319-08867-9\_53},
  doi          = {10.1007/978-3-319-08867-9\_53},
  timestamp    = {Mon, 03 Jan 2022 22:13:44 +0100},
  biburl       = {https://dblp.org/rec/conf/cav/HeizmannHP14.bib},
  bibsource    = {dblp computer science bibliography, https://dblp.org}
}


@inproceedings{DBLP:conf/pldi/0001K21,
  author       = {Shaowei Zhu and
                  Zachary Kincaid},
  editor       = {Stephen N. Freund and
                  Eran Yahav},
  title        = {Termination analysis without the tears},
  booktitle    = {{PLDI} '21: 42nd {ACM} {SIGPLAN} International Conference on Programming
                  Language Design and Implementation, Virtual Event, Canada, June 20-25,
                  2021},
  pages        = {1296--1311},
  publisher    = {{ACM}},
  year         = {2021},
  url          = {https://doi.org/10.1145/3453483.3454110},
  doi          = {10.1145/3453483.3454110},
  timestamp    = {Sat, 08 Jan 2022 02:24:31 +0100},
  biburl       = {https://dblp.org/rec/conf/pldi/0001K21.bib},
  bibsource    = {dblp computer science bibliography, https://dblp.org}
}



@inproceedings{DBLP:conf/cav/DietschHLP15,
  author       = {Daniel Dietsch and
                  Matthias Heizmann and
                  Vincent Langenfeld and
                  Andreas Podelski},
  editor       = {Daniel Kroening and
                  Corina S. Pasareanu},
  title        = {Fairness Modulo Theory: {A} New Approach to {LTL} Software Model Checking},
  booktitle    = {Computer Aided Verification - 27th International Conference, {CAV}
                  2015, San Francisco, CA, USA, July 18-24, 2015, Proceedings, Part
                  {I}},
  series       = {Lecture Notes in Computer Science},
  volume       = {9206},
  pages        = {49--66},
  publisher    = {Springer},
  year         = {2015},
  url          = {https://doi.org/10.1007/978-3-319-21690-4\_4},
  doi          = {10.1007/978-3-319-21690-4\_4},
  timestamp    = {Mon, 26 Jun 2023 20:48:24 +0200},
  biburl       = {https://dblp.org/rec/conf/cav/DietschHLP15.bib},
  bibsource    = {dblp computer science bibliography, https://dblp.org}
}

@inproceedings{DBLP:conf/cav/JobstmannGB05,
  author       = {Barbara Jobstmann and
                  Andreas Griesmayer and
                  Roderick Bloem},
  editor       = {Kousha Etessami and
                  Sriram K. Rajamani},
  title        = {Program Repair as a Game},
  booktitle    = {Computer Aided Verification, 17th International Conference, {CAV}
                  2005, Edinburgh, Scotland, UK, July 6-10, 2005, Proceedings},
  series       = {Lecture Notes in Computer Science},
  volume       = {3576},
  pages        = {226--238},
  publisher    = {Springer},
  year         = {2005},
  url          = {https://doi.org/10.1007/11513988\_23},
  doi          = {10.1007/11513988\_23},
  timestamp    = {Tue, 14 May 2019 10:00:43 +0200},
  biburl       = {https://dblp.org/rec/conf/cav/JobstmannGB05.bib},
  bibsource    = {dblp computer science bibliography, https://dblp.org}
}

@article{DBLP:journals/ai/BuccafurriEGL99,
  author       = {Francesco Buccafurri and
                  Thomas Eiter and
                  Georg Gottlob and
                  Nicola Leone},
  title        = {Enhancing Model Checking in Verification by {AI} Techniques},
  journal      = {Artif. Intell.},
  volume       = {112},
  number       = {1-2},
  pages        = {57--104},
  year         = {1999},
  url          = {https://doi.org/10.1016/S0004-3702(99)00039-9},
  doi          = {10.1016/S0004-3702(99)00039-9},
  timestamp    = {Sun, 02 Jun 2019 21:09:06 +0200},
  biburl       = {https://dblp.org/rec/journals/ai/BuccafurriEGL99.bib},
  bibsource    = {dblp computer science bibliography, https://dblp.org}
}

@inproceedings{DBLP:conf/fossacs/AttieC23,
  author       = {Paul C. Attie and
                  William Cocke},
  editor       = {Orna Kupferman and
                  Pawel Sobocinski},
  title        = {Model and Program Repair via Group Actions},
  booktitle    = {Foundations of Software Science and Computation Structures - 26th
                  International Conference, FoSSaCS 2023, Held as Part of the European
                  Joint Conferences on Theory and Practice of Software, {ETAPS} 2023,
                  Paris, France, April 22-27, 2023, Proceedings},
  series       = {Lecture Notes in Computer Science},
  volume       = {13992},
  pages        = {520--540},
  publisher    = {Springer},
  year         = {2023},
  url          = {https://doi.org/10.1007/978-3-031-30829-1\_25},
  doi          = {10.1007/978-3-031-30829-1\_25},
  timestamp    = {Wed, 17 May 2023 21:55:32 +0200},
  biburl       = {https://dblp.org/rec/conf/fossacs/AttieC23.bib},
  bibsource    = {dblp computer science bibliography, https://dblp.org}
}

@inproceedings{DBLP:conf/tacas/MouraB08,
  author    = {Leonardo Mendon{\c{c}}a de Moura and
               Nikolaj Bj{\o}rner},
  editor    = {C. R. Ramakrishnan and
               Jakob Rehof},
  title     = {{Z3:} An Efficient {SMT} Solver},
  booktitle = {Tools and Algorithms for the Construction and Analysis of Systems,
               14th International Conference, {TACAS} 2008, Held as Part of the Joint
               European Conferences on Theory and Practice of Software, {ETAPS} 2008,
               Budapest, Hungary, March 29-April 6, 2008. Proceedings},
  series    = {Lecture Notes in Computer Science},
  volume    = {4963},
  pages     = {337--340},
  publisher = {Springer},
  year      = {2008},
  url       = {https://doi.org/10.1007/978-3-540-78800-3\_24},
  doi       = {10.1007/978-3-540-78800-3\_24},
  timestamp = {Tue, 14 May 2019 10:00:53 +0200},
  biburl    = {https://dblp.org/rec/conf/tacas/MouraB08.bib},
  bibsource = {dblp computer science bibliography, https://dblp.org}
}


@inproceedings{DBLP:conf/memocode/AttieCBSS15,
  author       = {Paul C. Attie and
                  Ali Cherri and
                  Kinan Dak{-}Al{-}Bab and
                  Mouhammad Sakr and
                  Jad Saklawi},
  title        = {Model and program repair via {SAT} solving},
  booktitle    = {13. {ACM/IEEE} International Conference on Formal Methods and Models
                  for Codesign, {MEMOCODE} 2015, Austin, TX, USA, September 21-23, 2015},
  pages        = {148--157},
  publisher    = {{IEEE}},
  year         = {2015},
  url          = {https://doi.org/10.1109/MEMCOD.2015.7340481},
  doi          = {10.1109/MEMCOD.2015.7340481},
  timestamp    = {Sun, 02 Oct 2022 16:11:36 +0200},
  biburl       = {https://dblp.org/rec/conf/memocode/AttieCBSS15.bib},
  bibsource    = {dblp computer science bibliography, https://dblp.org}
}

@inproceedings{DBLP:conf/nfm/ChatzieleftheriouBSK12,
  author       = {George Chatzieleftheriou and
                  Borzoo Bonakdarpour and
                  Scott A. Smolka and
                  Panagiotis Katsaros},
  editor       = {Alwyn Goodloe and
                  Suzette Person},
  title        = {Abstract Model Repair},
  booktitle    = {{NASA} Formal Methods - 4th International Symposium, {NFM} 2012, Norfolk,
                  VA, USA, April 3-5, 2012. Proceedings},
  series       = {Lecture Notes in Computer Science},
  volume       = {7226},
  pages        = {341--355},
  publisher    = {Springer},
  year         = {2012},
  url          = {https://doi.org/10.1007/978-3-642-28891-3\_32},
  doi          = {10.1007/978-3-642-28891-3\_32},
  timestamp    = {Tue, 14 May 2019 10:00:53 +0200},
  biburl       = {https://dblp.org/rec/conf/nfm/ChatzieleftheriouBSK12.bib},
  bibsource    = {dblp computer science bibliography, https://dblp.org}
}

@article{DBLP:journals/ai/CarrilloR14,
  author       = {Miguel Carrillo and
                  David A. Rosenblueth},
  title        = {{CTL} update of Kripke models through protections},
  journal      = {Artif. Intell.},
  volume       = {211},
  pages        = {51--74},
  year         = {2014},
  url          = {https://doi.org/10.1016/j.artint.2014.02.005},
  doi          = {10.1016/J.ARTINT.2014.02.005},
  timestamp    = {Tue, 04 Feb 2020 18:06:23 +0100},
  biburl       = {https://dblp.org/rec/journals/ai/CarrilloR14.bib},
  bibsource    = {dblp computer science bibliography, https://dblp.org}
}

@inproceedings{DBLP:conf/ecai/DingZ06,
  author       = {Yulin Ding and
                  Yan Zhang},
  editor       = {Gerhard Brewka and
                  Silvia Coradeschi and
                  Anna Perini and
                  Paolo Traverso},
  title        = {{CTL} Model Update: Semantics, Computations and Implementation},
  booktitle    = {{ECAI} 2006, 17th European Conference on Artificial Intelligence,
                  August 29 - September 1, 2006, Riva del Garda, Italy, Including Prestigious
                  Applications of Intelligent Systems {(PAIS} 2006), Proceedings},
  series       = {Frontiers in Artificial Intelligence and Applications},
  volume       = {141},
  pages        = {362--366},
  publisher    = {{IOS} Press},
  year         = {2006},
  timestamp    = {Thu, 12 Feb 2009 12:51:20 +0100},
  biburl       = {https://dblp.org/rec/conf/ecai/DingZ06.bib},
  bibsource    = {dblp computer science bibliography, https://dblp.org}
}

@article{martinez2015ctl,
  title={CTL model repair for bounded and deadlock free Petri nets},
  author={Mart{\'\i}nez-Araiza, Ulises and L{\'o}pez-Mellado, Ernesto},
  journal={IFAC-PapersOnLine},
  volume={48},
  number={7},
  pages={154--160},
  year={2015},
  publisher={Elsevier}
}

@article{DBLP:journals/cacm/GouesPR19,
  author       = {Claire {Le Goues} and
                  Michael Pradel and
                  Abhik Roychoudhury},
  title        = {Automated program repair},
  journal      = {Commun. {ACM}},
  volume       = {62},
  number       = {12},
  pages        = {56--65},
  year         = {2019},
  url          = {https://doi.org/10.1145/3318162},
  doi          = {10.1145/3318162},
  timestamp    = {Tue, 07 May 2024 20:23:39 +0200},
  biburl       = {https://dblp.org/rec/journals/cacm/GouesPR19.bib},
  bibsource    = {dblp computer science bibliography, https://dblp.org}
}

@article{DBLP:journals/jacm/Tarjan81b,
  author       = {Robert Endre Tarjan},
  title        = {Fast Algorithms for Solving Path Problems},
  journal      = {J. {ACM}},
  volume       = {28},
  number       = {3},
  pages        = {594--614},
  year         = {1981},
  url          = {https://doi.org/10.1145/322261.322273},
  doi          = {10.1145/322261.322273},
  timestamp    = {Tue, 06 Nov 2018 12:51:46 +0100},
  biburl       = {https://dblp.org/rec/journals/jacm/Tarjan81b.bib},
  bibsource    = {dblp computer science bibliography, https://dblp.org}
}

@article{DBLP:journals/toplas/ChenDKSW18,
  author       = {Hong{-}Yi Chen and
                  Cristina David and
                  Daniel Kroening and
                  Peter Schrammel and
                  Bj{\"{o}}rn Wachter},
  title        = {Bit-Precise Procedure-Modular Termination Analysis},
  journal      = {{ACM} Trans. Program. Lang. Syst.},
  volume       = {40},
  number       = {1},
  pages        = {1:1--1:38},
  year         = {2018},
  url          = {https://doi.org/10.1145/3121136},
  doi          = {10.1145/3121136},
  timestamp    = {Fri, 09 Apr 2021 18:26:50 +0200},
  biburl       = {https://dblp.org/rec/journals/toplas/ChenDKSW18.bib},
  bibsource    = {dblp computer science bibliography, https://dblp.org}
}

@article{design2005ieee,
  title={IEEE Standard for Property Specification Language (PSL), Version 1.1 Standard IEEE 1850},
  author={Design Automation Standards Committee and others},
  journal={http://www. eda. org/vfv},
  year={2005}
}



@misc{tech_report,
  title        = {Supplementary Material},
  author       = {Anonymous},
  year         = {2024},
  howpublished = {TBD}
}


@inproceedings{DBLP:conf/sigsoft/ShiXLZCL22,
  author       = {Xiuhan Shi and
                  Xiaofei Xie and
                  Yi Li and
                  Yao Zhang and
                  Sen Chen and
                  Xiaohong Li},
  editor       = {Abhik Roychoudhury and
                  Cristian Cadar and
                  Miryung Kim},
  title        = {Large-scale analysis of non-termination bugs in real-world {OSS} projects},
  booktitle    = {Proceedings of the 30th {ACM} Joint European Software Engineering
                  Conference and Symposium on the Foundations of Software Engineering,
                  {ESEC/FSE} 2022, Singapore, Singapore, November 14-18, 2022},
  pages        = {256--268},
  publisher    = {{ACM}},
  year         = {2022},
  url          = {https://doi.org/10.1145/3540250.3549129},
  doi          = {10.1145/3540250.3549129},
  timestamp    = {Mon, 31 Jul 2023 08:34:59 +0200},
  biburl       = {https://dblp.org/rec/conf/sigsoft/ShiXLZCL22.bib},
  bibsource    = {dblp computer science bibliography, https://dblp.org}
}

@inproceedings{DBLP:conf/pldi/CookK13,
  author       = {Byron Cook and
                  Eric Koskinen},
  editor       = {Hans{-}Juergen Boehm and
                  Cormac Flanagan},
  title        = {Reasoning about nondeterminism in programs},
  booktitle    = {{ACM} {SIGPLAN} Conference on Programming Language Design and Implementation,
                  {PLDI} '13, Seattle, WA, USA, June 16-19, 2013},
  pages        = {219--230},
  publisher    = {{ACM}},
  year         = {2013},
  url          = {https://doi.org/10.1145/2491956.2491969},
  doi          = {10.1145/2491956.2491969},
  timestamp    = {Fri, 30 Nov 2018 12:24:24 +0100},
  biburl       = {https://dblp.org/rec/conf/pldi/CookK13.bib},
  bibsource    = {dblp computer science bibliography, https://dblp.org}
}




@article{song2014efficient,
  title={Efficient CTL model-checking for pushdown systems},
  author={Song, Fu and Touili, Tayssir},
  journal={Theoretical Computer Science},
  volume={549},
  pages={127--145},
  year={2014},
  publisher={Elsevier}
}



@inproceedings{DBLP:conf/focs/Pnueli77,
  author       = {Amir Pnueli},
  title        = {The Temporal Logic of Programs},
  booktitle    = {18th Annual Symposium on Foundations of Computer Science, Providence,
                  Rhode Island, USA, 31 October - 1 November 1977},
  pages        = {46--57},
  publisher    = {{IEEE} Computer Society},
  year         = {1977},
  url          = {https://doi.org/10.1109/SFCS.1977.32},
  doi          = {10.1109/SFCS.1977.32},
  timestamp    = {Thu, 23 Mar 2023 23:57:54 +0100},
  biburl       = {https://dblp.org/rec/conf/focs/Pnueli77.bib},
  bibsource    = {dblp computer science bibliography, https://dblp.org}
}





@article{hoare1978communicating,
  title={Communicating sequential processes},
  author={Hoare, Charles Antony Richard},
  journal={Communications of the ACM},
  volume={21},
  number={8},
  pages={666--677},
  year={1978},
  publisher={ACM New York, NY, USA}
}


@inproceedings{DBLP:conf/cav/CookGLRS08,
  author       = {Byron Cook and
                  Sumit Gulwani and
                  Tal Lev{-}Ami and
                  Andrey Rybalchenko and
                  Mooly Sagiv},
  editor       = {Aarti Gupta and
                  Sharad Malik},
  title        = {Proving Conditional Termination},
  booktitle    = {Computer Aided Verification, 20th International Conference, {CAV}
                  2008, Princeton, NJ, USA, July 7-14, 2008, Proceedings},
  series       = {Lecture Notes in Computer Science},
  volume       = {5123},
  pages        = {328--340},
  publisher    = {Springer},
  year         = {2008},
  url          = {https://doi.org/10.1007/978-3-540-70545-1\_32},
  doi          = {10.1007/978-3-540-70545-1\_32},
  timestamp    = {Sat, 30 Sep 2023 09:35:55 +0200},
  biburl       = {https://dblp.org/rec/conf/cav/CookGLRS08.bib},
  bibsource    = {dblp computer science bibliography, https://dblp.org}
}


@misc{rey1988principles,
  title={Principles of Data Base and Knowledge Base Systems},
  author={Ullman, Je rey},
  year={1988},
  publisher={Addison Wesley}
}



@inproceedings{DBLP:conf/lop/ClarkeE81,
  author       = {Edmund M. Clarke and
                  E. Allen Emerson},
  editor       = {Dexter Kozen},
  title        = {Design and Synthesis of Synchronization Skeletons Using Branching-Time
                  Temporal Logic},
  booktitle    = {Logics of Programs, Workshop, Yorktown Heights, New York, USA, May
                  1981},
  series       = {Lecture Notes in Computer Science},
  volume       = {131},
  pages        = {52--71},
  publisher    = {Springer},
  year         = {1981},
  url          = {https://doi.org/10.1007/BFb0025774},
  doi          = {10.1007/BFB0025774},
  timestamp    = {Tue, 14 May 2019 10:00:52 +0200},
  biburl       = {https://dblp.org/rec/conf/lop/ClarkeE81.bib},
  bibsource    = {dblp computer science bibliography, https://dblp.org}
}


@article{DBLP:journals/corr/abs-cs-0510012,
  author       = {Foto N. Afrati and
                  Theodore Andronikos and
                  Vassia Pavlaki and
                  Eug{\'{e}}nie Foustoucos and
                  Ir{\`{e}}ne Guessarian},
  title        = {On relating {CTL} to Datalog},
  journal      = {CoRR},
  volume       = {abs/cs/0510012},
  year         = {2005},
  url          = {http://arxiv.org/abs/cs/0510012},
  eprinttype    = {arXiv},
  eprint       = {cs/0510012},
  timestamp    = {Mon, 13 Aug 2018 16:48:24 +0200},
  biburl       = {https://dblp.org/rec/journals/corr/abs-cs-0510012.bib},
  bibsource    = {dblp computer science bibliography, https://dblp.org}
}


@article{gottlob2002datalog,
  title={Datalog LITE: A deductive query language with linear time model checking},
  author={Gottlob, Georg and Gr{\"a}del, Erich and Veith, Helmut},
  journal={ACM Transactions on Computational Logic (TOCL)},
  volume={3},
  number={1},
  pages={42--79},
  year={2002},
  publisher={ACM New York, NY, USA}
}



@inproceedings{DBLP:conf/sigsoft/LiuMSR23,
  author       = {Yu Liu and
                  Sergey Mechtaev and
                  Pavle Subotic and
                  Abhik Roychoudhury},
  editor       = {Satish Chandra and
                  Kelly Blincoe and
                  Paolo Tonella},
  title        = {Program Repair Guided by Datalog-Defined Static Analysis},
  booktitle    = {Proceedings of the 31st {ACM} Joint European Software Engineering
                  Conference and Symposium on the Foundations of Software Engineering,
                  {ESEC/FSE} 2023, San Francisco, CA, USA, December 3-9, 2023},
  pages        = {1216--1228},
  publisher    = {{ACM}},
  year         = {2023},
  url          = {https://doi.org/10.1145/3611643.3616363},
  doi          = {10.1145/3611643.3616363},
  timestamp    = {Mon, 04 Dec 2023 12:10:56 +0100},
  biburl       = {https://dblp.org/rec/conf/sigsoft/LiuMSR23.bib},
  bibsource    = {dblp computer science bibliography, https://dblp.org}
}


@article{DBLP:journals/tcs/GuessarianFAA03,
  author       = {Ir{\`{e}}ne Guessarian and
                  Eug{\'{e}}nie Foustoucos and
                  Theodore Andronikos and
                  Foto N. Afrati},
  title        = {On temporal logic versus datalog},
  journal      = {Theor. Comput. Sci.},
  volume       = {303},
  number       = {1},
  pages        = {103--133},
  year         = {2003},
  url          = {https://doi.org/10.1016/S0304-3975(02)00447-4},
  doi          = {10.1016/S0304-3975(02)00447-4},
  timestamp    = {Wed, 17 Feb 2021 21:59:09 +0100},
  biburl       = {https://dblp.org/rec/journals/tcs/GuessarianFAA03.bib},
  bibsource    = {dblp computer science bibliography, https://dblp.org}
}

@article{zeller1999yesterday,
  title={Yesterday, my program worked. Today, it does not. Why?},
  author={Zeller, Andreas},
  journal={ACM SIGSOFT Software engineering notes},
  volume={24},
  number={6},
  pages={253--267},
  year={1999},
  publisher={ACM New York, NY, USA}
}

@book{DBLP:books/sp/Lifschitz19,
  author       = {Vladimir Lifschitz},
  title        = {Answer Set Programming},
  publisher    = {Springer},
  year         = {2019},
  url          = {https://doi.org/10.1007/978-3-030-24658-7},
  doi          = {10.1007/978-3-030-24658-7},
  isbn         = {978-3-030-24657-0},
  timestamp    = {Fri, 06 Sep 2019 10:57:06 +0200},
  biburl       = {https://dblp.org/rec/books/sp/Lifschitz19.bib},
  bibsource    = {dblp computer science bibliography, https://dblp.org}
}

@incollection{clark1977negation,
  title={Negation as failure},
  author={Clark, Keith L},
  booktitle={Logic and data bases},
  pages={293--322},
  year={1977},
  publisher={Springer}
}

@inproceedings{gelfond1988stable,
  title={The stable model semantics for logic programming.},
  author={Gelfond, Michael and Lifschitz, Vladimir},
  booktitle={ICLP/SLP},
  volume={88},
  pages={1070--1080},
  year={1988},
  organization={Cambridge, MA}
}

@article{ceri1989you,
  title={What you always wanted to know about Datalog(and never dared to ask)},
  author={Ceri, Stefano and Gottlob, Georg and Tanca, Letizia and others},
  journal={IEEE transactions on knowledge and data engineering},
  volume={1},
  number={1},
  pages={146--166},
  year={1989},
  publisher={Citeseer}
}

@article{gebser2014clingo,
  title={Clingo= ASP+ control: Preliminary report},
  author={Gebser, Martin and Kaminski, Roland and Kaufmann, Benjamin and Schaub, Torsten},
  journal={arXiv preprint arXiv:1405.3694},
  year={2014}
}

@inproceedings{cadar2008klee,
  title={Klee: unassisted and automatic generation of high-coverage tests for complex systems programs.},
  author={Cadar, Cristian and Dunbar, Daniel and Engler, Dawson R and others},
  booktitle={OSDI},
  volume={8},
  pages={209--224},
  year={2008}
}

@inproceedings{DBLP:conf/cav/CookKV11,
  author       = {Byron Cook and
                  Eric Koskinen and
                  Moshe Y. Vardi},
  editor       = {Ganesh Gopalakrishnan and
                  Shaz Qadeer},
  title        = {Temporal Property Verification as a Program Analysis Task},
  booktitle    = {Computer Aided Verification - 23rd International Conference, {CAV}
                  2011, Snowbird, UT, USA, July 14-20, 2011. Proceedings},
  series       = {Lecture Notes in Computer Science},
  volume       = {6806},
  pages        = {333--348},
  publisher    = {Springer},
  year         = {2011},
  url          = {https://doi.org/10.1007/978-3-642-22110-1\_26},
  doi          = {10.1007/978-3-642-22110-1\_26},
  timestamp    = {Tue, 14 May 2019 10:00:43 +0200},
  biburl       = {https://dblp.org/rec/conf/cav/CookKV11.bib},
  bibsource    = {dblp computer science bibliography, https://dblp.org}
}

@article{tekle2019extended,
  title={Extended magic for negation: Efficient demand-driven evaluation of stratified Datalog with precise complexity guarantees},
  author={Tekle, K Tuncay and Liu, Yanhong A},
  journal={arXiv preprint arXiv:1909.08246},
  year={2019}
}

@book{DBLP:books/aw/AbiteboulHV95,
  author       = {Serge Abiteboul and
                  Richard Hull and
                  Victor Vianu},
  title        = {Foundations of Databases},
  publisher    = {Addison-Wesley},
  year         = {1995},
  url          = {http://webdam.inria.fr/Alice/},
  isbn         = {0-201-53771-0},
  timestamp    = {Sat, 11 Nov 2017 21:53:30 +0100},
  biburl       = {https://dblp.org/rec/books/aw/AbiteboulHV95.bib},
  bibsource    = {dblp computer science bibliography, https://dblp.org}
}

@article{rocca2014asp,
  title={ASP for construction and validation of regulatory biological networks},
  author={Rocca, Alexandre and Mobilia, Nicolas and Fanchon, Eric and Ribeiro, Tony and Trilling, Laurent and Inoue, Katsumi},
  journal={Logical Modeling of Biological Systems},
  pages={167--206},
  year={2014},
  publisher={Wiley Online Library}
}

@inproceedings{DBLP:conf/sas/Ben-AmramDG19,
  author       = {Amir M. Ben{-}Amram and
                  Jes{\'{u}}s J. Dom{\'{e}}nech and
                  Samir Genaim},
  editor       = {Bor{-}Yuh Evan Chang},
  title        = {Multiphase-Linear Ranking Functions and Their Relation to Recurrent
                  Sets},
  booktitle    = {Static Analysis - 26th International Symposium, {SAS} 2019, Porto,
                  Portugal, October 8-11, 2019, Proceedings},
  series       = {Lecture Notes in Computer Science},
  volume       = {11822},
  pages        = {459--480},
  publisher    = {Springer},
  year         = {2019},
  url          = {https://doi.org/10.1007/978-3-030-32304-2\_22},
  doi          = {10.1007/978-3-030-32304-2\_22},
  timestamp    = {Mon, 03 Jan 2022 22:21:24 +0100},
  biburl       = {https://dblp.org/rec/conf/sas/Ben-AmramDG19.bib},
  bibsource    = {dblp computer science bibliography, https://dblp.org}
}

@inproceedings{scholz2016fast,
  title={On fast large-scale program analysis in datalog},
  author={Scholz, Bernhard and Jordan, Herbert and Suboti{\'c}, Pavle and Westmann, Till},
  booktitle={Proceedings of the 25th International Conference on Compiler Construction},
  pages={196--206},
  year={2016}
}

