@inproceedings{DBLP:conf/cav/CookKV11,
  author       = {Byron Cook and
                  Eric Koskinen and
                  Moshe Y. Vardi},
  editor       = {Ganesh Gopalakrishnan and
                  Shaz Qadeer},
  title        = {Temporal Property Verification as a Program Analysis Task},
  booktitle    = {Computer Aided Verification - 23rd International Conference, {CAV}
                  2011, Snowbird, UT, USA, July 14-20, 2011. Proceedings},
  series       = {Lecture Notes in Computer Science},
  volume       = {6806},
  pages        = {333--348},
  publisher    = {Springer},
  year         = {2011},
  url          = {https://doi.org/10.1007/978-3-642-22110-1\_26},
  doi          = {10.1007/978-3-642-22110-1\_26},
  timestamp    = {Tue, 14 May 2019 10:00:43 +0200},
  biburl       = {https://dblp.org/rec/conf/cav/CookKV11.bib},
  bibsource    = {dblp computer science bibliography, https://dblp.org}
}

@inproceedings{DBLP:conf/cav/DietschHLP15,
  author       = {Daniel Dietsch and
                  Matthias Heizmann and
                  Vincent Langenfeld and
                  Andreas Podelski},
  editor       = {Daniel Kroening and
                  Corina S. Pasareanu},
  title        = {Fairness Modulo Theory: {A} New Approach to {LTL} Software Model Checking},
  booktitle    = {Computer Aided Verification - 27th International Conference, {CAV}
                  2015, San Francisco, CA, USA, July 18-24, 2015, Proceedings, Part
                  {I}},
  series       = {Lecture Notes in Computer Science},
  volume       = {9206},
  pages        = {49--66},
  publisher    = {Springer},
  year         = {2015},
  url          = {https://doi.org/10.1007/978-3-319-21690-4\_4},
  doi          = {10.1007/978-3-319-21690-4\_4},
  timestamp    = {Mon, 26 Jun 2023 20:48:24 +0200},
  biburl       = {https://dblp.org/rec/conf/cav/DietschHLP15.bib},
  bibsource    = {dblp computer science bibliography, https://dblp.org}
}

@inproceedings{DBLP:conf/cav/EmersonN96,
  author       = {E. Allen Emerson and
                  Kedar S. Namjoshi},
  editor       = {Rajeev Alur and
                  Thomas A. Henzinger},
  title        = {Automatic Verification of Parameterized Synchronous Systems (Extended
                  Abstract)},
  booktitle    = {Computer Aided Verification, 8th International Conference, {CAV} '96,
                  New Brunswick, NJ, USA, July 31 - August 3, 1996, Proceedings},
  series       = {Lecture Notes in Computer Science},
  volume       = {1102},
  pages        = {87--98},
  publisher    = {Springer},
  year         = {1996},
  url          = {https://doi.org/10.1007/3-540-61474-5\_60},
  doi          = {10.1007/3-540-61474-5\_60},
  timestamp    = {Tue, 14 May 2019 10:00:43 +0200},
  biburl       = {https://dblp.org/rec/conf/cav/EmersonN96.bib},
  bibsource    = {dblp computer science bibliography, https://dblp.org}
}

@inproceedings{DBLP:conf/cav/GurfinkelWC06,
  author       = {Arie Gurfinkel and
                  Ou Wei and
                  Marsha Chechik},
  editor       = {Thomas Ball and
                  Robert B. Jones},
  title        = {Yasm: {A} Software Model-Checker for Verification and Refutation},
  booktitle    = {Computer Aided Verification, 18th International Conference, {CAV}
                  2006, Seattle, WA, USA, August 17-20, 2006, Proceedings},
  series       = {Lecture Notes in Computer Science},
  volume       = {4144},
  pages        = {170--174},
  publisher    = {Springer},
  year         = {2006},
  url          = {https://doi.org/10.1007/11817963\_18},
  doi          = {10.1007/11817963\_18},
  timestamp    = {Mon, 03 Jan 2022 22:13:44 +0100},
  biburl       = {https://dblp.org/rec/conf/cav/GurfinkelWC06.bib},
  bibsource    = {dblp computer science bibliography, https://dblp.org}
}

@inproceedings{DBLP:conf/cav/HeizmannHP14,
  author       = {Matthias Heizmann and
                  Jochen Hoenicke and
                  Andreas Podelski},
  editor       = {Armin Biere and
                  Roderick Bloem},
  title        = {Termination Analysis by Learning Terminating Programs},
  booktitle    = {Computer Aided Verification - 26th International Conference, {CAV}
                  2014, Held as Part of the Vienna Summer of Logic, {VSL} 2014, Vienna,
                  Austria, July 18-22, 2014. Proceedings},
  series       = {Lecture Notes in Computer Science},
  volume       = {8559},
  pages        = {797--813},
  publisher    = {Springer},
  year         = {2014},
  url          = {https://doi.org/10.1007/978-3-319-08867-9\_53},
  doi          = {10.1007/978-3-319-08867-9\_53},
  timestamp    = {Mon, 03 Jan 2022 22:13:44 +0100},
  biburl       = {https://dblp.org/rec/conf/cav/HeizmannHP14.bib},
  bibsource    = {dblp computer science bibliography, https://dblp.org}
}

@inproceedings{DBLP:conf/cav/ImmermanV97,
  author       = {Neil Immerman and
                  Moshe Y. Vardi},
  editor       = {Orna Grumberg},
  title        = {Model Checking and Transitive-Closure Logic},
  booktitle    = {Computer Aided Verification, 9th International Conference, {CAV} '97,
                  Haifa, Israel, June 22-25, 1997, Proceedings},
  series       = {Lecture Notes in Computer Science},
  volume       = {1254},
  pages        = {291--302},
  publisher    = {Springer},
  year         = {1997},
  url          = {https://doi.org/10.1007/3-540-63166-6\_29},
  doi          = {10.1007/3-540-63166-6\_29},
  timestamp    = {Tue, 14 May 2019 10:00:43 +0200},
  biburl       = {https://dblp.org/rec/conf/cav/ImmermanV97.bib},
  bibsource    = {dblp computer science bibliography, https://dblp.org}
}

@inproceedings{DBLP:conf/cav/JobstmannGB05,
  author       = {Barbara Jobstmann and
                  Andreas Griesmayer and
                  Roderick Bloem},
  editor       = {Kousha Etessami and
                  Sriram K. Rajamani},
  title        = {Program Repair as a Game},
  booktitle    = {Computer Aided Verification, 17th International Conference, {CAV}
                  2005, Edinburgh, Scotland, UK, July 6-10, 2005, Proceedings},
  series       = {Lecture Notes in Computer Science},
  volume       = {3576},
  pages        = {226--238},
  publisher    = {Springer},
  year         = {2005},
  url          = {https://doi.org/10.1007/11513988\_23},
  doi          = {10.1007/11513988\_23},
  timestamp    = {Tue, 14 May 2019 10:00:43 +0200},
  biburl       = {https://dblp.org/rec/conf/cav/JobstmannGB05.bib},
  bibsource    = {dblp computer science bibliography, https://dblp.org}
}

@inproceedings{DBLP:conf/charme/StaberJB05,
  author       = {Stefan Staber and
                  Barbara Jobstmann and
                  Roderick Bloem},
  editor       = {Dominique Borrione and
                  Wolfgang J. Paul},
  title        = {Finding and Fixing Faults},
  booktitle    = {Correct Hardware Design and Verification Methods, 13th {IFIP} {WG}
                  10.5 Advanced Research Working Conference, {CHARME} 2005, Saarbr{\"{u}}cken,
                  Germany, October 3-6, 2005, Proceedings},
  series       = {Lecture Notes in Computer Science},
  volume       = {3725},
  pages        = {35--49},
  publisher    = {Springer},
  year         = {2005},
  url          = {https://doi.org/10.1007/11560548\_6},
  doi          = {10.1007/11560548\_6},
  timestamp    = {Tue, 14 May 2019 10:00:39 +0200},
  biburl       = {https://dblp.org/rec/conf/charme/StaberJB05.bib},
  bibsource    = {dblp computer science bibliography, https://dblp.org}
}

@inproceedings{DBLP:conf/concur/NeumannO020,
  author       = {Eike Neumann and
                  Jo{\"{e}}l Ouaknine and
                  James Worrell},
  editor       = {Igor Konnov and
                  Laura Kov{\'{a}}cs},
  title        = {On Ranking Function Synthesis and Termination for Polynomial Programs},
  booktitle    = {31st International Conference on Concurrency Theory, {CONCUR} 2020,
                  September 1-4, 2020, Vienna, Austria (Virtual Conference)},
  series       = {LIPIcs},
  volume       = {171},
  pages        = {15:1--15:15},
  publisher    = {Schloss Dagstuhl - Leibniz-Zentrum f{\"{u}}r Informatik},
  year         = {2020},
  url          = {https://doi.org/10.4230/LIPIcs.CONCUR.2020.15},
  doi          = {10.4230/LIPICS.CONCUR.2020.15},
  timestamp    = {Mon, 21 Dec 2020 13:23:22 +0100},
  biburl       = {https://dblp.org/rec/conf/concur/NeumannO020.bib},
  bibsource    = {dblp computer science bibliography, https://dblp.org}
}

@inproceedings{DBLP:conf/csl/Gradel91,
  author       = {Erich Gr{\"{a}}del},
  editor       = {Egon B{\"{o}}rger and
                  Gerhard J{\"{a}}ger and
                  Hans Kleine B{\"{u}}ning and
                  Michael M. Richter},
  title        = {On Transitive Closure Logic},
  booktitle    = {Computer Science Logic, 5th Workshop, {CSL} '91, Berne, Switzerland,
                  October 7-11, 1991, Proceedings},
  series       = {Lecture Notes in Computer Science},
  volume       = {626},
  pages        = {149--163},
  publisher    = {Springer},
  year         = {1991},
  url          = {https://doi.org/10.1007/BFb0023764},
  doi          = {10.1007/BFB0023764},
  timestamp    = {Fri, 17 Jul 2020 16:12:45 +0200},
  biburl       = {https://dblp.org/rec/conf/csl/Gradel91.bib},
  bibsource    = {dblp computer science bibliography, https://dblp.org}
}

@inproceedings{DBLP:conf/ecai/DingZ06,
  author       = {Yulin Ding and
                  Yan Zhang},
  editor       = {Gerhard Brewka and
                  Silvia Coradeschi and
                  Anna Perini and
                  Paolo Traverso},
  title        = {{CTL} Model Update: Semantics, Computations and Implementation},
  booktitle    = {{ECAI} 2006, 17th European Conference on Artificial Intelligence,
                  August 29 - September 1, 2006, Riva del Garda, Italy, Including Prestigious
                  Applications of Intelligent Systems {(PAIS} 2006), Proceedings},
  series       = {Frontiers in Artificial Intelligence and Applications},
  volume       = {141},
  pages        = {362--366},
  publisher    = {{IOS} Press},
  year         = {2006},
  timestamp    = {Thu, 12 Feb 2009 12:51:20 +0100},
  biburl       = {https://dblp.org/rec/conf/ecai/DingZ06.bib},
  bibsource    = {dblp computer science bibliography, https://dblp.org}
}

@inproceedings{DBLP:conf/fmcad/CookKP14,
  author       = {Byron Cook and
                  Heidy Khlaaf and
                  Nir Piterman},
  title        = {Faster temporal reasoning for infinite-state programs},
  booktitle    = {Formal Methods in Computer-Aided Design, {FMCAD} 2014, Lausanne, Switzerland,
                  October 21-24, 2014},
  pages        = {75--82},
  publisher    = {{IEEE}},
  year         = {2014},
  url          = {https://doi.org/10.1109/FMCAD.2014.6987598},
  doi          = {10.1109/FMCAD.2014.6987598},
  timestamp    = {Wed, 16 Oct 2019 14:14:56 +0200},
  biburl       = {https://dblp.org/rec/conf/fmcad/CookKP14.bib},
  bibsource    = {dblp computer science bibliography, https://dblp.org}
}

@inproceedings{DBLP:conf/fossacs/AttieC23,
  author       = {Paul C. Attie and
                  William Cocke},
  editor       = {Orna Kupferman and
                  Pawel Sobocinski},
  title        = {Model and Program Repair via Group Actions},
  booktitle    = {Foundations of Software Science and Computation Structures - 26th
                  International Conference, FoSSaCS 2023, Held as Part of the European
                  Joint Conferences on Theory and Practice of Software, {ETAPS} 2023,
                  Paris, France, April 22-27, 2023, Proceedings},
  series       = {Lecture Notes in Computer Science},
  volume       = {13992},
  pages        = {520--540},
  publisher    = {Springer},
  year         = {2023},
  url          = {https://doi.org/10.1007/978-3-031-30829-1\_25},
  doi          = {10.1007/978-3-031-30829-1\_25},
  timestamp    = {Wed, 17 May 2023 21:55:32 +0200},
  biburl       = {https://dblp.org/rec/conf/fossacs/AttieC23.bib},
  bibsource    = {dblp computer science bibliography, https://dblp.org}
}

@inproceedings{DBLP:conf/issta/GodefroidL11,
  author       = {Patrice Godefroid and
                  Daniel Luchaup},
  editor       = {Matthew B. Dwyer and
                  Frank Tip},
  title        = {Automatic partial loop summarization in dynamic test generation},
  booktitle    = {Proceedings of the 20th International Symposium on Software Testing
                  and Analysis, {ISSTA} 2011, Toronto, ON, Canada, July 17-21, 2011},
  pages        = {23--33},
  publisher    = {{ACM}},
  year         = {2011},
  url          = {https://doi.org/10.1145/2001420.2001424},
  doi          = {10.1145/2001420.2001424},
  timestamp    = {Tue, 29 Dec 2020 18:31:45 +0100},
  biburl       = {https://dblp.org/rec/conf/issta/GodefroidL11.bib},
  bibsource    = {dblp computer science bibliography, https://dblp.org}
}

@inproceedings{DBLP:conf/memocode/AttieCBSS15,
  author       = {Paul C. Attie and
                  Ali Cherri and
                  Kinan Dak{-}Al{-}Bab and
                  Mouhammad Sakr and
                  Jad Saklawi},
  title        = {Model and program repair via {SAT} solving},
  booktitle    = {13. {ACM/IEEE} International Conference on Formal Methods and Models
                  for Codesign, {MEMOCODE} 2015, Austin, TX, USA, September 21-23, 2015},
  pages        = {148--157},
  publisher    = {{IEEE}},
  year         = {2015},
  url          = {https://doi.org/10.1109/MEMCOD.2015.7340481},
  doi          = {10.1109/MEMCOD.2015.7340481},
  timestamp    = {Sun, 02 Oct 2022 16:11:36 +0200},
  biburl       = {https://dblp.org/rec/conf/memocode/AttieCBSS15.bib},
  bibsource    = {dblp computer science bibliography, https://dblp.org}
}

@inproceedings{DBLP:conf/nfm/ChatzieleftheriouBSK12,
  author       = {George Chatzieleftheriou and
                  Borzoo Bonakdarpour and
                  Scott A. Smolka and
                  Panagiotis Katsaros},
  editor       = {Alwyn Goodloe and
                  Suzette Person},
  title        = {Abstract Model Repair},
  booktitle    = {{NASA} Formal Methods - 4th International Symposium, {NFM} 2012, Norfolk,
                  VA, USA, April 3-5, 2012. Proceedings},
  series       = {Lecture Notes in Computer Science},
  volume       = {7226},
  pages        = {341--355},
  publisher    = {Springer},
  year         = {2012},
  url          = {https://doi.org/10.1007/978-3-642-28891-3\_32},
  doi          = {10.1007/978-3-642-28891-3\_32},
  timestamp    = {Tue, 14 May 2019 10:00:53 +0200},
  biburl       = {https://dblp.org/rec/conf/nfm/ChatzieleftheriouBSK12.bib},
  bibsource    = {dblp computer science bibliography, https://dblp.org}
}

@inproceedings{DBLP:conf/pldi/0001K21,
  author       = {Shaowei Zhu and
                  Zachary Kincaid},
  editor       = {Stephen N. Freund and
                  Eran Yahav},
  title        = {Termination analysis without the tears},
  booktitle    = {{PLDI} '21: 42nd {ACM} {SIGPLAN} International Conference on Programming
                  Language Design and Implementation, Virtual Event, Canada, June 20-25,
                  2021},
  pages        = {1296--1311},
  publisher    = {{ACM}},
  year         = {2021},
  url          = {https://doi.org/10.1145/3453483.3454110},
  doi          = {10.1145/3453483.3454110},
  timestamp    = {Sat, 08 Jan 2022 02:24:31 +0100},
  biburl       = {https://dblp.org/rec/conf/pldi/0001K21.bib},
  bibsource    = {dblp computer science bibliography, https://dblp.org}
}

@inproceedings{DBLP:conf/pldi/CookPR06,
  author       = {Byron Cook and
                  Andreas Podelski and
                  Andrey Rybalchenko},
  editor       = {Michael I. Schwartzbach and
                  Thomas Ball},
  title        = {Termination proofs for systems code},
  booktitle    = {Proceedings of the {ACM} {SIGPLAN} 2006 Conference on Programming
                  Language Design and Implementation, Ottawa, Ontario, Canada, June
                  11-14, 2006},
  pages        = {415--426},
  publisher    = {{ACM}},
  year         = {2006},
  url          = {https://doi.org/10.1145/1133981.1134029},
  doi          = {10.1145/1133981.1134029},
  timestamp    = {Fri, 25 Jun 2021 14:48:54 +0200},
  biburl       = {https://dblp.org/rec/conf/pldi/CookPR06.bib},
  bibsource    = {dblp computer science bibliography, https://dblp.org}
}

@inproceedings{DBLP:conf/popl/CookGPRV07,
  author       = {Byron Cook and
                  Alexey Gotsman and
                  Andreas Podelski and
                  Andrey Rybalchenko and
                  Moshe Y. Vardi},
  editor       = {Martin Hofmann and
                  Matthias Felleisen},
  title        = {Proving that programs eventually do something good},
  booktitle    = {Proceedings of the 34th {ACM} {SIGPLAN-SIGACT} Symposium on Principles
                  of Programming Languages, {POPL} 2007, Nice, France, January 17-19,
                  2007},
  pages        = {265--276},
  publisher    = {{ACM}},
  year         = {2007},
  url          = {https://doi.org/10.1145/1190216.1190257},
  doi          = {10.1145/1190216.1190257},
  timestamp    = {Fri, 25 Jun 2021 14:48:54 +0200},
  biburl       = {https://dblp.org/rec/conf/popl/CookGPRV07.bib},
  bibsource    = {dblp computer science bibliography, https://dblp.org}
}

@inproceedings{DBLP:conf/popl/GuptaHMRX08,
  author       = {Ashutosh Gupta and
                  Thomas A. Henzinger and
                  Rupak Majumdar and
                  Andrey Rybalchenko and
                  Ru{-}Gang Xu},
  editor       = {George C. Necula and
                  Philip Wadler},
  title        = {Proving non-termination},
  booktitle    = {Proceedings of the 35th {ACM} {SIGPLAN-SIGACT} Symposium on Principles
                  of Programming Languages, {POPL} 2008, San Francisco, California,
                  USA, January 7-12, 2008},
  pages        = {147--158},
  publisher    = {{ACM}},
  year         = {2008},
  url          = {https://doi.org/10.1145/1328438.1328459},
  doi          = {10.1145/1328438.1328459},
  timestamp    = {Fri, 25 Jun 2021 14:48:54 +0200},
  biburl       = {https://dblp.org/rec/conf/popl/GuptaHMRX08.bib},
  bibsource    = {dblp computer science bibliography, https://dblp.org}
}

@inproceedings{DBLP:conf/sas/UrbanU018,
  author       = {Caterina Urban and
                  Samuel Ueltschi and
                  Peter M{\"{u}}ller},
  editor       = {Andreas Podelski},
  title        = {Abstract Interpretation of {CTL} Properties},
  booktitle    = {Static Analysis - 25th International Symposium, {SAS} 2018, Freiburg,
                  Germany, August 29-31, 2018, Proceedings},
  series       = {Lecture Notes in Computer Science},
  volume       = {11002},
  pages        = {402--422},
  publisher    = {Springer},
  year         = {2018},
  url          = {https://doi.org/10.1007/978-3-319-99725-4\_24},
  doi          = {10.1007/978-3-319-99725-4\_24},
  timestamp    = {Mon, 28 Aug 2023 21:17:53 +0200},
  biburl       = {https://dblp.org/rec/conf/sas/UrbanU018.bib},
  bibsource    = {dblp computer science bibliography, https://dblp.org}
}

@inproceedings{DBLP:conf/sigsoft/LiuMSR23,
  author       = {Yu Liu and
                  Sergey Mechtaev and
                  Pavle Subotic and
                  Abhik Roychoudhury},
  editor       = {Satish Chandra and
                  Kelly Blincoe and
                  Paolo Tonella},
  title        = {Program Repair Guided by Datalog-Defined Static Analysis},
  booktitle    = {Proceedings of the 31st {ACM} Joint European Software Engineering
                  Conference and Symposium on the Foundations of Software Engineering,
                  {ESEC/FSE} 2023, San Francisco, CA, USA, December 3-9, 2023},
  pages        = {1216--1228},
  publisher    = {{ACM}},
  year         = {2023},
  url          = {https://doi.org/10.1145/3611643.3616363},
  doi          = {10.1145/3611643.3616363},
  timestamp    = {Mon, 04 Dec 2023 12:10:56 +0100},
  biburl       = {https://dblp.org/rec/conf/sigsoft/LiuMSR23.bib},
  bibsource    = {dblp computer science bibliography, https://dblp.org}
}

@inproceedings{DBLP:conf/tacas/ColonS01,
  author       = {Michael Col{\'{o}}n and
                  Henny Sipma},
  editor       = {Tiziana Margaria and
                  Wang Yi},
  title        = {Synthesis of Linear Ranking Functions},
  booktitle    = {Tools and Algorithms for the Construction and Analysis of Systems,
                  7th International Conference, {TACAS} 2001 Held as Part of the Joint
                  European Conferences on Theory and Practice of Software, {ETAPS} 2001
                  Genova, Italy, April 2-6, 2001, Proceedings},
  series       = {Lecture Notes in Computer Science},
  volume       = {2031},
  pages        = {67--81},
  publisher    = {Springer},
  year         = {2001},
  url          = {https://doi.org/10.1007/3-540-45319-9\_6},
  doi          = {10.1007/3-540-45319-9\_6},
  timestamp    = {Tue, 14 May 2019 10:00:53 +0200},
  biburl       = {https://dblp.org/rec/conf/tacas/ColonS01.bib},
  bibsource    = {dblp computer science bibliography, https://dblp.org}
}

@inproceedings{DBLP:conf/tacas/CourantU17,
  author       = {Nathana{\"{e}}l Courant and
                  Caterina Urban},
  editor       = {Axel Legay and
                  Tiziana Margaria},
  title        = {Precise Widening Operators for Proving Termination by Abstract Interpretation},
  booktitle    = {Tools and Algorithms for the Construction and Analysis of Systems
                  - 23rd International Conference, {TACAS} 2017, Held as Part of the
                  European Joint Conferences on Theory and Practice of Software, {ETAPS}
                  2017, Uppsala, Sweden, April 22-29, 2017, Proceedings, Part {I}},
  series       = {Lecture Notes in Computer Science},
  volume       = {10205},
  pages        = {136--152},
  year         = {2017},
  url          = {https://doi.org/10.1007/978-3-662-54577-5\_8},
  doi          = {10.1007/978-3-662-54577-5\_8},
  timestamp    = {Tue, 14 May 2019 10:00:53 +0200},
  biburl       = {https://dblp.org/rec/conf/tacas/CourantU17.bib},
  bibsource    = {dblp computer science bibliography, https://dblp.org}
}

@inproceedings{DBLP:conf/tacas/TsitovichSWK11,
  author       = {Aliaksei Tsitovich and
                  Natasha Sharygina and
                  Christoph M. Wintersteiger and
                  Daniel Kroening},
  editor       = {Parosh Aziz Abdulla and
                  K. Rustan M. Leino},
  title        = {Loop Summarization and Termination Analysis},
  booktitle    = {Tools and Algorithms for the Construction and Analysis of Systems
                  - 17th International Conference, {TACAS} 2011, Held as Part of the
                  Joint European Conferences on Theory and Practice of Software, {ETAPS}
                  2011, Saarbr{\"{u}}cken, Germany, March 26-April 3, 2011. Proceedings},
  series       = {Lecture Notes in Computer Science},
  volume       = {6605},
  pages        = {81--95},
  publisher    = {Springer},
  year         = {2011},
  url          = {https://doi.org/10.1007/978-3-642-19835-9\_9},
  doi          = {10.1007/978-3-642-19835-9\_9},
  timestamp    = {Fri, 27 Mar 2020 08:54:14 +0100},
  biburl       = {https://dblp.org/rec/conf/tacas/TsitovichSWK11.bib},
  bibsource    = {dblp computer science bibliography, https://dblp.org}
}

@inproceedings{DBLP:conf/vmcai/PodelskiR04,
  author       = {Andreas Podelski and
                  Andrey Rybalchenko},
  editor       = {Bernhard Steffen and
                  Giorgio Levi},
  title        = {A Complete Method for the Synthesis of Linear Ranking Functions},
  booktitle    = {Verification, Model Checking, and Abstract Interpretation, 5th International
                  Conference, {VMCAI} 2004, Venice, Italy, January 11-13, 2004, Proceedings},
  series       = {Lecture Notes in Computer Science},
  volume       = {2937},
  pages        = {239--251},
  publisher    = {Springer},
  year         = {2004},
  url          = {https://doi.org/10.1007/978-3-540-24622-0\_20},
  doi          = {10.1007/978-3-540-24622-0\_20},
  timestamp    = {Tue, 14 May 2019 10:00:43 +0200},
  biburl       = {https://dblp.org/rec/conf/vmcai/PodelskiR04.bib},
  bibsource    = {dblp computer science bibliography, https://dblp.org}
}

@article{DBLP:journals/ai/BuccafurriEGL99,
  author       = {Francesco Buccafurri and
                  Thomas Eiter and
                  Georg Gottlob and
                  Nicola Leone},
  title        = {Enhancing Model Checking in Verification by {AI} Techniques},
  journal      = {Artif. Intell.},
  volume       = {112},
  number       = {1-2},
  pages        = {57--104},
  year         = {1999},
  url          = {https://doi.org/10.1016/S0004-3702(99)00039-9},
  doi          = {10.1016/S0004-3702(99)00039-9},
  timestamp    = {Sun, 02 Jun 2019 21:09:06 +0200},
  biburl       = {https://dblp.org/rec/journals/ai/BuccafurriEGL99.bib},
  bibsource    = {dblp computer science bibliography, https://dblp.org}
}

@article{DBLP:journals/ai/CarrilloR14,
  author       = {Miguel Carrillo and
                  David A. Rosenblueth},
  title        = {{CTL} update of Kripke models through protections},
  journal      = {Artif. Intell.},
  volume       = {211},
  pages        = {51--74},
  year         = {2014},
  url          = {https://doi.org/10.1016/j.artint.2014.02.005},
  doi          = {10.1016/J.ARTINT.2014.02.005},
  timestamp    = {Tue, 04 Feb 2020 18:06:23 +0100},
  biburl       = {https://dblp.org/rec/journals/ai/CarrilloR14.bib},
  bibsource    = {dblp computer science bibliography, https://dblp.org}
}

@article{DBLP:journals/iandc/EsparzaKS03,
  author       = {Javier Esparza and
                  Anton{\'{\i}}n Kucera and
                  Stefan Schwoon},
  title        = {Model checking {LTL} with regular valuations for pushdown systems},
  journal      = {Inf. Comput.},
  volume       = {186},
  number       = {2},
  pages        = {355--376},
  year         = {2003},
  url          = {https://doi.org/10.1016/S0890-5401(03)00139-1},
  doi          = {10.1016/S0890-5401(03)00139-1},
  timestamp    = {Fri, 09 Apr 2021 18:29:00 +0200},
  biburl       = {https://dblp.org/rec/journals/iandc/EsparzaKS03.bib},
  bibsource    = {dblp computer science bibliography, https://dblp.org}
}

@article{DBLP:journals/pacmpl/Bembenek0C20,
  author       = {Aaron Bembenek and
                  Michael Greenberg and
                  Stephen Chong},
  title        = {Formulog: Datalog for SMT-based static analysis},
  journal      = {Proc. {ACM} Program. Lang.},
  volume       = {4},
  number       = {{OOPSLA}},
  pages        = {141:1--141:31},
  year         = {2020},
  url          = {https://doi.org/10.1145/3428209},
  doi          = {10.1145/3428209},
  timestamp    = {Tue, 21 Mar 2023 21:13:49 +0100},
  biburl       = {https://dblp.org/rec/journals/pacmpl/Bembenek0C20.bib},
  bibsource    = {dblp computer science bibliography, https://dblp.org}
}

@article{DBLP:journals/tcs/ConsensM93,
  author       = {Mariano P. Consens and
                  Alberto O. Mendelzon},
  title        = {Low Complexity Aggregation in GraphLog and Datalog},
  journal      = {Theor. Comput. Sci.},
  volume       = {116},
  number       = {1},
  pages        = {95--116},
  year         = {1993},
  url          = {https://doi.org/10.1016/0304-3975(93)90221-E},
  doi          = {10.1016/0304-3975(93)90221-E},
  timestamp    = {Sun, 02 Oct 2022 15:50:30 +0200},
  biburl       = {https://dblp.org/rec/journals/tcs/ConsensM93.bib},
  bibsource    = {dblp computer science bibliography, https://dblp.org}
}

@article{DBLP:journals/tcs/GuessarianFAA03,
  author       = {Ir{\`{e}}ne Guessarian and
                  Eug{\'{e}}nie Foustoucos and
                  Theodore Andronikos and
                  Foto N. Afrati},
  title        = {On temporal logic versus datalog},
  journal      = {Theor. Comput. Sci.},
  volume       = {303},
  number       = {1},
  pages        = {103--133},
  year         = {2003},
  url          = {https://doi.org/10.1016/S0304-3975(02)00447-4},
  doi          = {10.1016/S0304-3975(02)00447-4},
  timestamp    = {Wed, 17 Feb 2021 21:59:09 +0100},
  biburl       = {https://dblp.org/rec/journals/tcs/GuessarianFAA03.bib},
  bibsource    = {dblp computer science bibliography, https://dblp.org}
}

@article{DBLP:journals/tse/XieCZLLL19,
  author       = {Xiaofei Xie and
                  Bihuan Chen and
                  Liang Zou and
                  Yang Liu and
                  Wei Le and
                  Xiaohong Li},
  title        = {Automatic Loop Summarization via Path Dependency Analysis},
  journal      = {{IEEE} Trans. Software Eng.},
  volume       = {45},
  number       = {6},
  pages        = {537--557},
  year         = {2019},
  url          = {https://doi.org/10.1109/TSE.2017.2788018},
  doi          = {10.1109/TSE.2017.2788018},
  timestamp    = {Tue, 17 Mar 2020 15:40:44 +0100},
  biburl       = {https://dblp.org/rec/journals/tse/XieCZLLL19.bib},
  bibsource    = {dblp computer science bibliography, https://dblp.org}
}

@article{alur1994theory,
  title={A theory of timed automata},
  author={Alur, Rajeev and Dill, David L},
  journal={Theoretical computer science},
  volume={126},
  number={2},
  pages={183--235},
  year={1994},
  publisher={Elsevier}
}

@article{bradley2005polyranking,
  title={Polyranking for polynomial loops},
  author={Bradley, Aaron R and Manna, Zohar and Sipma, Henny B},
  journal={Automata, Languages and Programming},
  pages={1349--1361},
  year={2005}
}

@article{gottlob2000linear,
  title={Linear time Datalog and branching time logic},
  author={Gottlob, Georg and Gr{\"a}del, Erich and Veith, Helmut},
  journal={Logic-Based Artificial Intelligence},
  pages={443--467},
  year={2000},
  publisher={Springer}
}

@article{gottlob2002datalog,
  title={Datalog LITE: A deductive query language with linear time model checking},
  author={Gottlob, Georg and Gr{\"a}del, Erich and Veith, Helmut},
  journal={ACM Transactions on Computational Logic (TOCL)},
  volume={3},
  number={1},
  pages={42--79},
  year={2002},
  publisher={ACM New York, NY, USA}
}

@article{martinez2015ctl,
  title={CTL model repair for bounded and deadlock free Petri nets},
  author={Mart{\'\i}nez-Araiza, Ulises and L{\'o}pez-Mellado, Ernesto},
  journal={IFAC-PapersOnLine},
  volume={48},
  number={7},
  pages={154--160},
  year={2015},
  publisher={Elsevier}
}

