@inproceedings{Guarino2023Many,
  author={Guarino, Idio and Wang, Chao and Finamore, Alessandro and Pescapè, Antonio and Rossi, Dario},
  booktitle={2023 7th Network Traffic Measurement and Analysis Conference (TMA)}, 
  title={Many or Few Samples?: Comparing Transfer, Contrastive and Meta-Learning in Encrypted Traffic Classification}, 
  year={2023},
  volume={},
  number={},
  pages={1-10},
  keywords={Metalearning;Deep learning;Transfer learning;Telecommunication traffic;Task analysis},
  doi={10.23919/TMA58422.2023.10198965}
}

@inproceedings{Horowicz2022flowpic,
    author = {Horowicz, Eyal and Shapira, Tal and Shavitt, Yuval},
    title = {A few shots traffic classification with mini-FlowPic augmentations},
    year = {2022},
    isbn = {9781450392594},
    publisher = {Association for Computing Machinery},
    address = {New York, NY, USA},
    url = {https://doi.org/10.1145/3517745.3561436},
    doi = {10.1145/3517745.3561436},
    booktitle = {Proceedings of the 22nd ACM Internet Measurement Conference},
    pages = {647–654},
    numpages = {8},
    location = {Nice, France},
    series = {IMC '22}
}

@article{Wang2022AppClassNet,
    author = {Wang, Chao and Finamore, Alessandro and Yang, Lixuan and Fauvel, Kevin and Rossi, Dario},
    title = {AppClassNet: a commercial-grade dataset for application identification research},
    year = {2022},
    issue_date = {July 2022},
    publisher = {Association for Computing Machinery},
    address = {New York, NY, USA},
    volume = {52},
    number = {3},
    issn = {0146-4833},
    url = {https://doi.org/10.1145/3561954.3561958},
    doi = {10.1145/3561954.3561958},
    journal = {SIGCOMM Comput. Commun. Rev.},
    month = sep,
    pages = {19–27},
    numpages = {9},
    keywords = {application identification, machine learning, neural networks, open dataset, supervised learning, traffic classification}
}

@inproceedings{finamore2023replication,
    author = {Finamore, Alessandro and Wang, Chao and Krolikowski, Jonatan and Navarro, Jose M. and Chen, Fuxing and Rossi, Dario},
    title = {Replication: Contrastive Learning and Data Augmentation in Traffic Classification Using a {FlowPic} Input Representation},
    year = {2023},
    isbn = {9798400703829},
    publisher = {Association for Computing Machinery},
    address = {New York, NY, USA},
    doi = {10.1145/3618257.3624820},
    pages = {36–51},
    numpages = {16},
    location = {Montreal QC, Canada},
    series = {IMC '23}
}

@article{khosla2020supervised,
    title   = {Supervised Contrastive Learning},
    author  = {Prannay Khosla and Piotr Teterwak and Chen Wang and Aaron Sarna and Yonglong Tian and Phillip Isola and Aaron Maschinot and Ce Liu and Dilip Krishnan},
    journal = {arXiv preprint arXiv:2004.11362},
    year    = {2020},
}

@inproceedings{wang2024augmentation,
    title = {Data Augmentation for Traffic Classification},
    ISBN = {9783031562495},
    ISSN = {1611-3349},
    url = {http://dx.doi.org/10.1007/978-3-031-56249-5_7},
    doi = {10.1007/978-3-031-56249-5_7},
    booktitle = {Passive and Active Measurement},
    publisher = {Springer Nature Switzerland},
    author = {Wang,  Chao and Finamore,  Alessandro and Michiardi,  Pietro and Gallo,  Massimo and Rossi,  Dario},
    year = {2024},
    pages = {159–186}
}

