@article{Yang2021,
    url = {https://doi.org/10.1109/tnsm.2021.3122940},
    year = {2021},
    month = dec,
    publisher = {Institute of Electrical and Electronics Engineers ({IEEE})},
    volume = {18},
    number = {4},
    pages = {4103--4118},
    author = {Lixuan Yang and Alessandro Finamore and Feng Jun and Dario Rossi},
    title = {Deep Learning and Zero-Day Traffic Classification: Lessons Learned From a Commercial-Grade Dataset},
    journal = {{IEEE} Transactions on Network and Service Management}
}

@article{Luxemburk2023TLS,
    doi = {10.1016/j.comnet.2022.109467},
    url = {https://doi.org/10.1016/j.comnet.2022.109467},
    year = {2023},
    month = jan,
    publisher = {Elsevier {BV}},
    volume = {220},
    pages = {109467},
    author = {Jan Luxemburk and Tom{\'{a}}{\v{s}} {\v{C}}ejka},
    title = {Fine-grained {TLS} services classification with reject option},
    journal = {Computer Networks}
}

@inproceedings{Luxemburk2023QUIC,
    author={Luxemburk, Jan and Hynek, Karel and Čejka, Tomáš},
    booktitle={2023 7th Network Traffic Measurement and Analysis Conference (TMA)}, 
    title={Encrypted traffic classification: the {QUIC} case}, 
    year={2023},
    volume={},
    number={},
    pages={1-10},
    doi={10.23919/TMA58422.2023.10199052}
}

@article{Luxemburk2023QUICDataset,
    doi = {10.1016/j.dib.2023.108888},
    url = {https://doi.org/10.1016/j.dib.2023.108888},
    year = {2023},
    month = feb,
    publisher = {Elsevier {BV}},
    volume = {46},
    pages = {108888},
    author = {Jan Luxemburk and Karel Hynek and Tom{\'{a}}{\v{s}} {\v{C}}ejka and Andrej Luka{\v{c}}ovi{\v{c}} and Pavel {\v{S}}i{\v{s}}ka},
    title = {{CESNET}-{QUIC}22: A large one-month {QUIC} network traffic dataset from backbone lines},
    journal = {Data in Brief}
}

@inproceedings{Deng2019ArcFace,
    author={Deng, Jiankang and Guo, Jia and Xue, Niannan and Zafeiriou, Stefanos},
    booktitle={2019 IEEE/CVF Conference on Computer Vision and Pattern Recognition (CVPR)}, 
    title={{ArcFace}: Additive Angular Margin Loss for Deep Face Recognition}, 
    year={2019},
    volume={},
    number={},
    pages={4685-4694},
    keywords={Biometrics;Face;Gesture;and Body Pose ; Recognition: Detection;Categorization;Retrieval},
    doi={10.1109/CVPR.2019.00482}
}

@inproceedings{Deng2020Subcenter,
    author = {Deng, Jiankang and Guo, Jia and Liu, Tongliang and Gong, Mingming and Zafeiriou, Stefanos},
    title = {Sub-center {ArcFace}: Boosting Face Recognition by Large-Scale Noisy Web Faces},
    year = {2020},
    isbn = {978-3-030-58620-1},
    publisher = {Springer-Verlag},
    address = {Berlin, Heidelberg},
    url = {https://doi.org/10.1007/978-3-030-58621-8_43},
    doi = {10.1007/978-3-030-58621-8_43},
    booktitle = {Computer Vision – ECCV 2020: 16th European Conference, Glasgow, UK, August 23–28, 2020, Proceedings, Part XI},
    pages = {741–757},
    numpages = {17},
    keywords = {Noisy data, Large-scale, Sub-class, Face recognition},
    location = {Glasgow, United Kingdom}
}

@misc{Ha2020GoogleLandmark,
    title={Google Landmark Recognition 2020 Competition Third Place Solution}, 
    author={Qishen Ha and Bo Liu and Fuxu Liu and Peiyuan Liao},
    year={2020},
    eprint={2010.05350},
    archivePrefix={arXiv},
    primaryClass={cs.CV},
    url={https://arxiv.org/abs/2010.05350}, 
}

@inproceedings{He2016DeepResidual,
    author={He, Kaiming and Zhang, Xiangyu and Ren, Shaoqing and Sun, Jian},
    booktitle={2016 IEEE Conference on Computer Vision and Pattern Recognition (CVPR)}, 
    title={Deep Residual Learning for Image Recognition}, 
    year={2016},
    volume={},
    number={},
    pages={770-778},
    keywords={Training;Degradation;Complexity theory;Image recognition;Neural networks;Visualization;Image segmentation},
    doi={10.1109/CVPR.2016.90}
}

@misc{Radenovic2018GeM,
    title={Fine-tuning {CNN} Image Retrieval with No Human Annotation}, 
    author={Filip Radenović and Giorgos Tolias and Ondřej Chum},
    year={2018},
    eprint={1711.02512},
    archivePrefix={arXiv},
    primaryClass={cs.CV},
    url={https://arxiv.org/abs/1711.02512}, 
}

@misc{dataset_UCDAVIS19,
    title={How to Achieve High Classification Accuracy with Just a Few Labels: A Semi-supervised Approach Using Sampled Packets}, 
    author={Shahbaz Rezaei and Xin Liu},
    year={2020},
    eprint={1812.09761},
    archivePrefix={arXiv},
    primaryClass={cs.NI},
    url={https://arxiv.org/abs/1812.09761}, 
}

@article{dataset_UTMOBILENET21,
    author={Heng, Yuqiang and Chandrasekhar, Vikram and Andrews, Jeffrey G.},
    journal={IEEE Networking Letters}, 
    title={{UTMobileNetTraffic2021}: A Labeled Public Network Traffic Dataset}, 
    year={2021},
    volume={3},
    number={3},
    pages={156-160},
    doi={10.1109/LNET.2021.3098455}
}

@inproceedings{dataset_MIRAGE19,
    author={Aceto, Giuseppe and Ciuonzo, Domenico and Montieri, Antonio and Persico, Valerio and Pescapé, Antonio},
    booktitle={2019 4th International Conference on Computing, Communications and Security (ICCCS)}, 
    title={{MIRAGE}: Mobile-app Traffic Capture and Ground-truth Creation}, 
    year={2019},
    volume={},
    number={},
    pages={1-8},
    keywords={Task analysis;Cryptography;Servers;Mobile handsets;Buildings;Streaming media;Tools;Android apps;encrypted traffic;mobile apps;mobile traffic;reproducible research;open dataset;traffic classification},
    doi={10.1109/CCCS.2019.8888137}
}

@article{dataset_MIRAGE22,
    title = {Contextual counters and multimodal Deep Learning for activity-level traffic classification of mobile communication apps during {COVID-19} pandemic},
    journal = {Computer Networks},
    volume = {219},
    pages = {109452},
    year = {2022},
    issn = {1389-1286},
    doi = {https://doi.org/10.1016/j.comnet.2022.109452},
    url = {https://www.sciencedirect.com/science/article/pii/S1389128622004868},
    author = {Idio Guarino and Giuseppe Aceto and Domenico Ciuonzo and Antonio Montieri and Valerio Persico and Antonio Pescapè},
}

@inproceedings{Schroff_2015,
    title={FaceNet: A unified embedding for face recognition and clustering},
    url={http://dx.doi.org/10.1109/CVPR.2015.7298682},
    DOI={10.1109/cvpr.2015.7298682},
    booktitle={2015 IEEE Conference on Computer Vision and Pattern Recognition (CVPR)},
    publisher={IEEE},
    author={Schroff, Florian and Kalenichenko, Dmitry and Philbin, James},
    year={2015},
    month=jun, pages={815–823}
}

@inproceedings{Chopra_2005,
    author={Chopra, S. and Hadsell, R. and LeCun, Y.},
    booktitle={2005 IEEE Computer Society Conference on Computer Vision and Pattern Recognition (CVPR'05)}, 
    title={Learning a similarity metric discriminatively, with application to face verification}, 
    year={2005},
    volume={1},
    number={},
    pages={539-546 vol. 1},
    keywords={Character generation;Drives;Robustness;System testing;Spatial databases;Glass;Artificial neural networks;Support vector machines;Support vector machine classification;Face recognition},
    doi={10.1109/CVPR.2005.202}
}

@inproceedings{Wang_2018,
    author={Wang, Hao and Wang, Yitong and Zhou, Zheng and Ji, Xing and Gong, Dihong and Zhou, Jingchao and Li, Zhifeng and Liu, Wei},
    booktitle={2018 IEEE/CVF Conference on Computer Vision and Pattern Recognition}, 
    title={{CosFace}: Large Margin Cosine Loss for Deep Face Recognition}, 
    year={2018},
    volume={},
    number={},
    pages={5265-5274},
    keywords={Face;Face recognition;Testing;Mars;Training;Feature extraction;Task analysis},
    doi={10.1109/CVPR.2018.00552}
}

@misc{sablayrolles2019spreadingvectorssimilaritysearch,
    title={Spreading vectors for similarity search}, 
    author={Alexandre Sablayrolles and Matthijs Douze and Cordelia Schmid and Hervé Jégou},
    year={2019},
    eprint={1806.03198},
    archivePrefix={arXiv},
    primaryClass={stat.ML},
    url={https://arxiv.org/abs/1806.03198}, 
}

@inproceedings{gorishniy2022embeddings,
    title={On Embeddings for Numerical Features in Tabular Deep Learning},
    author={Yury Gorishniy and Ivan Rubachev and Artem Babenko},
    booktitle={{NeurIPS}},
    year={2022},
}

@article{johnson2019billion,
    title={Billion-scale similarity search with {GPUs}},
    author={Johnson, Jeff and Douze, Matthijs and J{\'e}gou, Herv{\'e}},
    journal={IEEE Transactions on Big Data},
    volume={7},
    number={3},
    pages={535--547},
    year={2019},
    publisher={IEEE}
}

@inproceedings{finamore2023replication,
    author = {Finamore, Alessandro and Wang, Chao and Krolikowski, Jonatan and Navarro, Jose M. and Chen, Fuxing and Rossi, Dario},
    title = {Replication: Contrastive Learning and Data Augmentation in Traffic Classification Using a {FlowPic} Input Representation},
    year = {2023},
    isbn = {9798400703829},
    publisher = {Association for Computing Machinery},
    address = {New York, NY, USA},
    doi = {10.1145/3618257.3624820},
    pages = {36–51},
    numpages = {16},
    location = {Montreal QC, Canada},
    series = {IMC '23}
}

@inproceedings{wang2024augmentation,
    title = {Data Augmentation for Traffic Classification},
    ISBN = {9783031562495},
    ISSN = {1611-3349},
    url = {http://dx.doi.org/10.1007/978-3-031-56249-5_7},
    doi = {10.1007/978-3-031-56249-5_7},
    booktitle = {Passive and Active Measurement},
    publisher = {Springer Nature Switzerland},
    author = {Wang,  Chao and Finamore,  Alessandro and Michiardi,  Pietro and Gallo,  Massimo and Rossi,  Dario},
    year = {2024},
    pages = {159–186}
}

@inproceedings{fauvel2023lightweight,
    author = {Fauvel, Kevin and Chen, Fuxing and Rossi, Dario},
    title = {A Lightweight, Efficient and Explainable-by-Design Convolutional Neural Network for Internet Traffic Classification},
    year = {2023},
    isbn = {9798400701030},
    publisher = {Association for Computing Machinery},
    address = {New York, NY, USA},
    doi = {10.1145/3580305.3599762},
    pages = {4013–4023},
    numpages = {11},
    location = {Long Beach, CA, USA},
    series = {KDD '23}
}

@inproceedings{Luxemburk2023Datazoo,
    author = {Luxemburk, Jan and Hynek, Karel},
    title = {{DataZoo}: Streamlining Traffic Classification Experiments},
    year = {2023},
    isbn = {9798400704499},
    publisher = {Association for Computing Machinery},
    address = {New York, NY, USA},
    url = {https://doi.org/10.1145/3630050.3630176},
    doi = {10.1145/3630050.3630176},
    booktitle = {Proceedings of the 2023 on Explainable and Safety Bounded, Fidelitous, Machine Learning for Networking},
    pages = {3–7},
    numpages = {5},
    location = {Paris, France},
    series = {SAFE '23}
}

@inproceedings{Guarino2023Many,
  author={Guarino, Idio and Wang, Chao and Finamore, Alessandro and Pescapè, Antonio and Rossi, Dario},
  booktitle={2023 7th Network Traffic Measurement and Analysis Conference (TMA)}, 
  title={Many or Few Samples?: Comparing Transfer, Contrastive and Meta-Learning in Encrypted Traffic Classification}, 
  year={2023},
  volume={},
  number={},
  pages={1-10},
  keywords={Metalearning;Deep learning;Transfer learning;Telecommunication traffic;Task analysis},
  doi={10.23919/TMA58422.2023.10198965}
}

@article{Wang2022AppClassNet,
    author = {Wang, Chao and Finamore, Alessandro and Yang, Lixuan and Fauvel, Kevin and Rossi, Dario},
    title = {AppClassNet: a commercial-grade dataset for application identification research},
    year = {2022},
    issue_date = {July 2022},
    publisher = {Association for Computing Machinery},
    address = {New York, NY, USA},
    volume = {52},
    number = {3},
    issn = {0146-4833},
    url = {https://doi.org/10.1145/3561954.3561958},
    doi = {10.1145/3561954.3561958},
    journal = {SIGCOMM Comput. Commun. Rev.},
    month = sep,
    pages = {19–27},
    numpages = {9},
    keywords = {application identification, machine learning, neural networks, open dataset, supervised learning, traffic classification}
}

@article{khosla2020supervised,
    title   = {Supervised Contrastive Learning},
    author  = {Prannay Khosla and Piotr Teterwak and Chen Wang and Aaron Sarna and Yonglong Tian and Phillip Isola and Aaron Maschinot and Ce Liu and Dilip Krishnan},
    journal = {arXiv preprint arXiv:2004.11362},
    year    = {2020},
}

@inproceedings{Horowicz2022flowpic,
    author = {Horowicz, Eyal and Shapira, Tal and Shavitt, Yuval},
    title = {A few shots traffic classification with mini-FlowPic augmentations},
    year = {2022},
    isbn = {9781450392594},
    publisher = {Association for Computing Machinery},
    address = {New York, NY, USA},
    url = {https://doi.org/10.1145/3517745.3561436},
    doi = {10.1145/3517745.3561436},
    booktitle = {Proceedings of the 22nd ACM Internet Measurement Conference},
    pages = {647–654},
    numpages = {8},
    location = {Nice, France},
    series = {IMC '22}
}

@ARTICLE{Nascita2023Embeddings,
    author={Nascita, Alfredo and Montieri, Antonio and Aceto, Giuseppe and Ciuonzo, Domenico and Persico, Valerio and Pescapé, Antonio},
    journal={IEEE Transactions on Network and Service Management}, 
    title={Improving Performance, Reliability, and Feasibility in Multimodal Multitask Traffic Classification with XAI}, 
    year={2023},
    volume={20},
    number={2},
    pages={1267-1289},
    keywords={Artificial intelligence;Reliability;Biological system modeling;Task analysis;Hidden Markov models;Calibration;Deep learning;Deep learning;encrypted traffic;explainable artificial intelligence;multimodal learning;multitask learning;traffic classification},
    doi={10.1109/TNSM.2023.3246794}
}

@INPROCEEDINGS{Luxemburk2024_CesnetModels,
    author={Luxemburk, Jan and Hynek, Karel},
    booktitle={2024 8th Network Traffic Measurement and Analysis Conference (TMA)}, 
    title={Towards Reusable Models in Traffic Classification}, 
    year={2024},
    volume={},
    number={},
    pages={1-4},
    keywords={Training;Adaptation models;Analytical models;Web services;Computational modeling;Telecommunication traffic;Computer architecture;Traffic classification;Machine learning;Neural networks;Pre-trained models;TLS;QUIC},
    doi={10.23919/TMA62044.2024.10559009}
}

