@misc{curb_sg,
      title={Collaborative Dynamic 3D Scene Graphs for Automated Driving}, 
      author={Elias Greve and Martin Büchner and Niclas Vödisch and Wolfram Burgard and Abhinav Valada},
      year={2024},
      eprint={2309.06635},
      archivePrefix={arXiv},
      primaryClass={cs.RO},
      url={https://arxiv.org/abs/2309.06635}, 
}


@article{hydra,
    title={Foundations of Spatial Perception for Robotics: Hierarchical Representations and Real-time Systems},
    fullauthor={Nathan Hughes and Yun Chang and Siyi Hu and Rajat Talak and Rumaisa Abdulhai and Jared Strader and Luca Carlone},
    author={N. Hughes and Y. Chang and S. Hu and R. Talak and R. Abdulhai and J. Strader and L. Carlone},
    journal={The International Journal of Robotics Research},
    year={2024},
}

@ARTICLE{s_graphs+,
 author={Bavle, Hriday and Sanchez-Lopez, Jose Luis and Shaheer, Muhammad and Civera, Javier and Voos, Holger},
 journal={IEEE Robotics and Automation Letters},
 title={S-Graphs+: Real-Time Localization and Mapping Leveraging Hierarchical Representations},
 year={2023},
 volume={8},
 number={8},
 pages={4927-4934},
 doi={10.1109/LRA.2023.3290512}}


@INPROCEEDINGS{efficient_continous_SLAM,
  author={Droeschel, David and Behnke, Sven},
  booktitle={2018 IEEE International Conference on Robotics and Automation (ICRA)}, 
  title={Efficient Continuous-Time SLAM for 3D Lidar-Based Online Mapping}, 
  year={2018}}

@inproceedings{loam,
  title={{LOAM: Lidar Odometry and Mapping in Real-time}},
  author={Ji Zhang and Sanjiv Singh},
  booktitle={Robotics: Science and Systems},
  year={2014}
} 


@INPROCEEDINGS{lego-loam,
  author={Shan, Tixiao and Englot, Brendan},
  booktitle={2018 IEEE/RSJ International Conference on Intelligent Robots and Systems (IROS)}, 
  title={{LeGO-LOAM: Lightweight and Ground-Optimized Lidar Odometry and Mapping on Variable Terrain}}, 
  year={2018},
  volume={},
  number={},
  pages={4758-4765},
  doi={10.1109/IROS.2018.8594299}}

@inproceedings{lio_sam,
  title={{LIO-SAM: Tightly-coupled Lidar Inertial Odometry via Smoothing and Mapping}},
  author={Shan, Tixiao and Englot, Brendan and Meyers, Drew and Wang, Wei and Ratti, Carlo and Rus, Daniela},
  booktitle={2020 IEEE/RSJ International Conference on Intelligent Robots and Systems (IROS)},
  pages={5135--5142},
  year={2020},
  organization={IEEE}
}

@misc{fast_lio2,
      title={FAST-LIO2: Fast Direct LiDAR-inertial Odometry}, 
      author={Wei Xu and Yixi Cai and Dongjiao He and Jiarong Lin and Fu Zhang},
      year={2021},
      eprint={2107.06829},
      archivePrefix={arXiv},
      primaryClass={cs.RO},
      url={https://arxiv.org/abs/2107.06829}, 
}

@article{fast_lio,
  title={Fast-lio: A fast, robust lidar-inertial odometry package by tightly-coupled iterated kalman filter},
  author={Xu, Wei and Zhang, Fu},
  journal={IEEE Robotics and Automation Letters},
  volume={6},
  number={2},
  pages={3317--3324},
  year={2021},
  publisher={IEEE}
}

@inproceedings{sa-loam,
  title={SA-LOAM: Semantic-aided LiDAR SLAM with loop closure},
  author={Li, Lin and Kong, Xin and Zhao, Xiangrui and Li, Wanlong and Wen, Feng and Zhang, Hongbo and Liu, Yong},
  booktitle={2021 IEEE International Conference on Robotics and Automation (ICRA)},
  pages={7627--7634},
  year={2021},
  organization={IEEE}
}

@article{segmap,
	doi = {10.1177/0278364919863090},
  	year = 2019,
	month = {jul},
  	publisher = {{SAGE} Publications},
  	volume = {39},
  	number = {2-3},
  	pages = {339--355},
  	author = {Renaud Dub{\'{e}
} and Andrei Cramariuc and Daniel Dugas and Hannes Sommer and Marcin Dymczyk and Juan Nieto and Roland Siegwart and Cesar Cadena},
  	title = {{SegMap}: Segment-based mapping and localization using data-driven descriptors},
  	journal = {The International Journal of Robotics Research}
}

@INPROCEEDINGS{suma,
  author={Chen, Xieyuanli and Milioto, Andres and Palazzolo, Emanuele and Giguère, Philippe and Behley, Jens and Stachniss, Cyrill},
  booktitle={2019 IEEE/RSJ International Conference on Intelligent Robots and Systems (IROS)}, 
  title={SuMa++: Efficient LiDAR-based Semantic SLAM}, 
  year={2019},
  volume={},
  number={},
  pages={4530-4537},
  keywords={},
  doi={10.1109/IROS40897.2019.8967704}}


@inproceedings{hierarchical_optimization,
  title={Hierarchical optimization on manifolds for online 2D and 3D mapping},
  author={Grisetti, Giorgio and K{\"u}mmerle, Rainer and Stachniss, Cyrill and Frese, Udo and Hertzberg, Christoph},
  booktitle={2010 IEEE International Conference on Robotics and Automation},
  pages={273--278},
  year={2010},
  organization={IEEE}
}

@article{information_theoretic,
  title={Information-theoretic compression of pose graphs for laser-based SLAM},
  author={Kretzschmar, Henrik and Stachniss, Cyrill},
  journal={The International Journal of Robotics Research},
  volume={31},
  number={11},
  pages={1219--1230},
  year={2012},
  publisher={SAGE Publications Sage UK: London, England}
}

@inproceedings{continous_time_slam,
   title={Efficient Continuous-Time SLAM for 3D Lidar-Based Online Mapping},
   booktitle={2018 IEEE International Conference on Robotics and Automation (ICRA)},
   author={Droeschel, David and Behnke, Sven},
   year={2018},
   month=may, pages={5000–5007}}

@INPROCEEDINGS{globally_consistent,
  author={Koide, Kenji and Yokozuka, Masashi and Oishi, Shuji and Banno, Atsuhiko},
  booktitle={2022 International Conference on Robotics and Automation (ICRA)}, 
  title={Globally Consistent and Tightly Coupled 3D LiDAR Inertial Mapping}, 
  year={2022},
  volume={},
  number={},
  pages={5622-5628},
  keywords={Couplings;Costs;Three-dimensional displays;Smoothing methods;Estimation;Minimization;Real-time systems},
  doi={10.1109/ICRA46639.2022.9812385}}

@INPROCEEDINGS{cartographer,
  author={Hess, Wolfgang and Kohler, Damon and Rapp, Holger and Andor, Daniel},
  booktitle={2016 IEEE International Conference on Robotics and Automation (ICRA)}, 
  title={Real-time loop closure in 2D LIDAR SLAM}, 
  year={2016},
  volume={},
  number={},
  pages={1271-1278},
  keywords={Simultaneous localization and mapping;Optimization;Real-time systems;Laser radar;Buildings;Feature extraction;Upper bound},
  doi={10.1109/ICRA.2016.7487258}}

@inproceedings{armeni,
  title={3d scene graph: A structure for unified semantics, 3d space, and camera},
  author={Armeni, Iro and He, Zhi-Yang and Gwak, JunYoung and Zamir, Amir R and Fischer, Martin and Malik, Jitendra and Savarese, Silvio},
  booktitle={Proceedings of the IEEE/CVF international conference on computer vision},
  pages={5664--5673},
  year={2019}
}

@article{3dscene_graph,
  title={3-D scene graph: A sparse and semantic representation of physical environments for intelligent agents},
  author={Kim, Ue-Hwan and Park, Jin-Man and Song, Taek-Jin and Kim, Jong-Hwan},
  journal={IEEE transactions on cybernetics},
  volume={50},
  number={12},
  pages={4921--4933},
  year={2019},
  publisher={IEEE}
}

@inproceedings{3dssg,
  title={Learning 3d semantic scene graphs from 3d indoor reconstructions},
  author={Wald, Johanna and Dhamo, Helisa and Navab, Nassir and Tombari, Federico},
  booktitle={Proceedings of the IEEE/CVF Conference on Computer Vision and Pattern Recognition},
  pages={3961--3970},
  year={2020}
}

@inproceedings{scene_graph_fusion,
  title={Scenegraphfusion: Incremental 3d scene graph prediction from rgb-d sequences},
  author={Wu, Shun-Cheng and Wald, Johanna and Tateno, Keisuke and Navab, Nassir and Tombari, Federico},
  booktitle={Proceedings of the IEEE/CVF Conference on Computer Vision and Pattern Recognition},
  pages={7515--7525},
  year={2021}
}

@article{3ddsg,
  title={3D dynamic scene graphs: Actionable spatial perception with places, objects, and humans},
  author={Rosinol, Antoni and Gupta, Arjun and Abate, Marcus and Shi, Jingnan and Carlone, Luca},
  journal={arXiv preprint arXiv:2002.06289},
  year={2020}
}

@article{situational_graphs,
  title={Situational graphs for robot navigation in structured indoor environments},
  author={Bavle, Hriday and Sanchez-Lopez, Jose Luis and Shaheer, Muhammad and Civera, Javier and Voos, Holger},
  journal={IEEE Robotics and Automation Letters},
  volume={7},
  number={4},
  pages={9107--9114},
  year={2022},
  publisher={IEEE}
}

@INPROCEEDINGS{lexis,
  author={Kassab, Christina and Mattamala, Matias and Zhang, Lintong and Fallon, Maurice},
  booktitle={2024 IEEE International Conference on Robotics and Automation (ICRA)}, 
  title={Language-EXtended Indoor SLAM (LEXIS): A Versatile System for Real-time Visual Scene Understanding}, 
  year={2024},
  volume={},
  number={},
  pages={15988-15994},
  keywords={Adaptation models;Visualization;Simultaneous localization and mapping;Uncertainty;Autonomous systems;Semantics;Estimation},
  doi={10.1109/ICRA57147.2024.10610341}}

@ARTICLE{orb_slam3,
  author={Campos, Carlos and Elvira, Richard and Rodríguez, Juan J. Gómez and M. Montiel, José M. and D. Tardós, Juan},
  journal={IEEE Transactions on Robotics}, 
  title={ORB-SLAM3: An Accurate Open-Source Library for Visual, Visual–Inertial, and Multimap SLAM}, 
  year={2021},
  volume={37},
  number={6},
  pages={1874-1890},
  keywords={Simultaneous localization and mapping;Computer vision;Feature extraction;Inertial navigation;Robustness;Optimization;Computer vision;inertial navigation;simult- aneous localization and mapping},
  doi={10.1109/TRO.2021.3075644}}

@article{hdl_graph_slam,
	title = {A portable three-dimensional {LIDAR}-based system for long-term and wide-area people behavior measurement},
	volume = {16},
	number = {2},
	journal = {International Journal of Advanced Robotic Systems},
	author = {Koide, Kenji and Miura, Jun and Menegatti, Emanuele},
	month = mar,
	year = {2019}
}

@ARTICLE{scan_context,
  author={Kim, Giseop and Choi, Sunwook and Kim, Ayoung},
  journal={IEEE Transactions on Robotics}, 
  title={Scan Context++: Structural Place Recognition Robust to Rotation and Lateral Variations in Urban Environments}, 
  year={2022},
  volume={38},
  number={3},
  pages={1856-1874},
  keywords={Robot sensing systems;Laser radar;Robots;Radar;Visualization;Robustness;Encoding;Localization;place recognition;range sensors},
  doi={10.1109/TRO.2021.3116424}}

@ARTICLE{BALM,
  author={Liu, Zheng and Zhang, Fu},
  journal={IEEE Robotics and Automation Letters}, 
  title={BALM: Bundle Adjustment for Lidar Mapping}, 
  year={2021},
  volume={6},
  number={2},
  pages={3184-3191},
  keywords={Laser radar;Visualization;Simultaneous localization and mapping;Cost function;Bundle adjustment;Eigenvalues and eigenfunctions;Navigation;Bundle adujustment;lidar;localization;mapping;SLAM},
  doi={10.1109/LRA.2021.3062815}}

@article{cadena2016past,
  title={Past, present, and future of simultaneous localization and mapping: Toward the robust-perception age},
  author={Cadena, Cesar and Carlone, Luca and Carrillo, Henry and Latif, Yasir and Scaramuzza, Davide and Neira, Jos{\'e} and Reid, Ian and Leonard, John J},
  journal={IEEE Transactions on robotics},
  volume={32},
  number={6},
  pages={1309--1332},
  year={2016},
  publisher={IEEE}
}