@article{Albahri2023,
  title = {A systematic review of trustworthy and explainable artificial intelligence in healthcare: Assessment of quality,  bias risk,  and data fusion},
  volume = {96},
  ISSN = {1566-2535},
  url = {http://dx.doi.org/10.1016/j.inffus.2023.03.008},
  DOI = {10.1016/j.inffus.2023.03.008},
  journal = {Information Fusion},
  publisher = {Elsevier BV},
  author = {Albahri,  A.S. and Duhaim,  Ali M. and Fadhel,  Mohammed A. and Alnoor,  Alhamzah and Baqer,  Noor S. and Alzubaidi,  Laith and Albahri,  O.S. and Alamoodi,  A.H. and Bai,  Jinshuai and Salhi,  Asma and Santamaría,  Jose and Ouyang,  Chun and Gupta,  Ashish and Gu,  Yuantong and Deveci,  Muhammet},
  year = {2023},
  month = aug,
  pages = {156–191}
}

@article{Correa2023WorldwideAIethics200,
  author       = {Nicholas Kluge Corr{\^{e}}a and
                  Camila Galv{\~{a}}o and
                  James William Santos and
                  Carolina Del Pino and
                  Edson Pontes Pinto and
                  Camila Barbosa and
                  Diogo Massmann and
                  Rodrigo Mambrini and
                  Luiza Galv{\~{a}}o and
                  Edmund Terem and
                  Nythamar de Oliveira},
  title        = {Worldwide {AI} ethics: {A} review of 200 guidelines and recommendations
                  for {AI} governance},
  journal      = {Patterns},
  volume       = {4},
  number       = {10},
  pages        = {100857},
  year         = {2023},
  doi          = {10.1016/J.PATTER.2023.100857}
}

@article{Mittelstadt2019,
    title = {{Principles alone cannot guarantee ethical AI}},
    year = {2019},
    journal = {Nature Machine Intelligence},
    author = {Mittelstadt, Brent},
    number = {11},
    pages = {501--507},
    volume = {1},
    publisher = {Springer US},
    url = {http://dx.doi.org/10.1038/s42256-019-0114-4},
    doi = {10.1038/s42256-019-0114-4},
    issn = {25225839}
}

@article{Morley2019,
    title = {{From What to How : An Initial Review of Publicly Available AI Ethics Tools , Methods and Research to Translate Principles into Practices}},
    year = {2019},
    journal = {Science and Engineering Ethics},
    author = {Morley, Jessica and Floridi, Luciano and Kinsey, Libby and Elhalal, Anat},
    number = {0123456789},
    publisher = {Springer Netherlands},
    url = {https://doi.org/10.1007/s11948-019-00165-5},
    isbn = {1194801900},
    doi = {10.1007/s11948-019-00165-5},
    issn = {1471-5546},
    keywords = {-5, 10, 1007, 8-019-00165, Artificial intelligence,Applied ethics,Data govern, applied ethics, article, artificial intelligence, authorized users, contains supplementary material, data governance, digital ethics, doi, electronic supplementary material the, ethics of ai, governance, https, machine learning, online version of this, org, s1194, which is available to}
}

@article{hagendorff2020ethics,
  title = {The Ethics of AI Ethics: An Evaluation of Guidelines},
  volume = {30},
  ISSN = {1572-8641},
  DOI = {10.1007/s11023-020-09517-8},
  number = {1},
  journal = {Minds and Machines},
  publisher = {Springer},
  author = {Hagendorff,  Thilo},
  year = {2020},
  month = feb,
  pages = {99–120}
}

@article{jobin2019globallandscape,
  author       = {Anna Jobin and
                  Marcello Ienca and
                  Effy Vayena},
  title        = {The global landscape of {AI} ethics guidelines},
  journal      = {Nature Machine Intelligence},
  volume       = {1},
  number       = {9},
  pages        = {389--399},
  year         = {2019},
  publisher    = {Nature Publishing Group},
  doi          = {10.1038/S42256-019-0088-2}
}

@article{liu2023trustworthy,
  title={Trustworthy LLMs: a Survey and Guideline for Evaluating Large Language Models' Alignment},
  author={Liu, Yang and Yao, Yuanshun and Ton, Jean-Francois and Zhang, Xiaoying and Cheng, Ruocheng Guo Hao and Klochkov, Yegor and Taufiq, Muhammad Faaiz and Li, Hang},
  journal={arXiv preprint arXiv:2308.05374},
  year={2023}
}

@inproceedings{siqueira2021ethical,
  title={Ethical Perspectives in AI: A Two-folded Exploratory Study From Literature and Active Development Projects},
  author={Siqueira De Cerqueira, Jos{\'e} Antonio and Dos Santos Althoff, Lucas and Santos De Almeida, Paulo and Dias Canedo, Edna},
  booktitle={Proceedings of the 54th Hawaii International Conference on System Sciences},
  pages={5240},
  year={2021}
}

